4434 5959
528 577 590 642 2⁰4
968 573 1010 640 G.
1032 574 1184 641 IULIUS
1206 573 1385 642 VICTOR

527 717 674 781 articulo.
716 717 860 799 Namque
880 713 952 791 illa,
981 725 1017 777 ut
1037 736 1117 799 quae
1139 715 1237 797 prima
1260 717 1321 779 ιίιι]
1346 717 1471 801 generis
1492 719 1560 794 sui,
1578 719 1616 784 'id
1637 731 1702 795 est,
1728 721 1840 807 quali-¹

527 811 620 884 tatis,
644 809 819 891 exceperit,
843 807 875 869 in
895 829 935 871 eo
957 805 1101 871 universa
1124 819 1190 884 est,
1214 820 1249 871 ut
1270 812 1308 872 de
1330 809 1479 892 qualitate
1495 813 1583 889 eius,
1608 817 1694 896 quod
1715 814 1834 878 iecisse

446 949 454 964 .
527 917 581 968 aut
601 900 718 981 dixisse
741 901 901 986 arguitur,
924 921 996 963 reus
1017 899 1171 981 disputet,
1194 901 1310 978 idest,
1335 923 1397 966 nou
1420 923 1489 965 esse
1504 904 1683 985 improbum
1700 909 1830 972 doceat.

527 992 702 1061 Antithesis
724 1007 824 1058 autem
852 1015 917 1058 non
939 1016 979 1057 ex
1007 996 1155 1079 qualitate
1178 997 1263 1071 eius,
1297 997 1382 1078 qnod
1413 995 1528 1060 lenisse
1558 1019 1630 1061 reus
1659 1003 1829 1085 arguitur,

503 1088 739 1153 ⁵delensionem
761 1100 915 1170 praestat,
952 1089 1010 1150 sed
1032 1108 1072 1150 ex
1093 1087 1152 1151 alia
1172 1109 1208 1152 re
1230 1086 1424 1150 extrinsecus
1446 1088 1608 1170 appetita,
1637 1091 1671 1155 id
1694 1105 1763 1168 est,
1788 1116 1832 1158 ex

527 1183 705 1259 causativo,
730 1205 824 1267 quum
847 1183 894 1246 rei
913 1182 973 1264 ipsi
993 1203 1056 1246 non
1071 1193 1176 1264 potest
1201 1181 1361 1256 assistere,
1386 1183 1442 1242 sed
1455 1201 1579 1244 causam
1593 1185 1726 1260 asserit,
1750 1207 1831 1268 pro-

525 1290 598 1360 pter
625 1298 716 1360 quam
747 1275 858 1339 iecisse
890 1275 985 1338 dicat.
1029 1276 1072 1338 Et
1103 1275 1232 1338 interest
1259 1273 1339 1337 inter
1375 1274 1549 1337 absolutam
1582 1288 1614 1338 et
1642 1277 1828 1355 relativam,

526 1370 677 1456 quodibi
704 1369 779 1432 iacti
808 1369 956 1454 qualitate
976 1388 1049 1431 reus
1071 1389 1105 1431 se
1128 1379 1251 1441 tuetur,
1290 1368 1341 1429 hle
1362 1368 1509 1451 qualitate
1531 1389 1662 1444 carnae,
1691 1382 1829 1452 propter

527 1486 617 1549 quam
639 1463 752 1526 dicitnr
771 1463 897 1536 lactum,
921 1462 1027 1536 idest,
1052 1463 1170 1527 αἴτιον.
1213 1461 1339 1536 Veluti,
1362 1464 1501 1526 Orestes
1514 1475 1715 1539 acciuntur,
1739 1464 1832 1548 quod

487 1550 517 1604 ¹⁰
527 1569 669 1622 matrem
690 1553 915 1646 interfecerit.
972 1555 1047 1618 Non
1068 1565 1175 1636 potest
1196 1555 1276 1618 euim
1298 1555 1414 1617 lacuum
1435 1557 1521 1637 quod
1542 1553 1706 1630 obiicitur,
1741 1568 1829 1618 recte

526 1650 641 1714 lactum
664 1652 849 1723 ostendere,
887 1649 943 1710 sed
964 1649 1088 1724 αἴτιον,
1123 1647 1244 1721 idest,
1282 1668 1423 1724 causam,
1459 1660 1706 1731 propterquam
1729 1647 1829 1722 lecit,

526 1743 658 1828 allegat,
682 1744 714 1804 id
734 1753 798 1817 est,
820 1743 864 1806 ob
884 1739 986 1821 patris
1008 1740 1057 1806 sui
1078 1762 1200 1804 necem.
1244 1741 1296 1805 Fit
1318 1738 1478 1804 antithesis
1501 1761 1558 1823 per
1579 1741 1663 1804 llll.
1685 1739 1827 1822 species,

526 1846 580 1900 ant
601 1830 668 1900 κατ’
692 1831 911 1920 ἆντέγκλημα,
935 1845 989 1896 aut
1010 1828 1078 1898 κατ’
1102 1828 1308 1908 ἀντίστασιν,
1338 1844 1391 1896 aut
1411 1829 1495 1898 κατὰ
1522 1830 1739 1917 μετάστασιν,
1778 1844 1831 1895 aut

526 1924 612 1993 κατὰ
643 1922 843 2012 συγγνώμην.
887 1921 970 1990 Κατ’
999 1921 1202 2011 ἆντὲγκλημα
1231 1924 1295 2000 est,
1320 1947 1414 2008 quum
1440 1924 1470 1988 iu
1493 1945 1562 1988 eum
1584 1925 1703 2006 ipsum,
1741 1925 1829 1987 euius

485 2023 516 2074 ¹⁵
528 2020 627 2106 gratia
650 2020 829 2103 arguimur,
853 2019 975 2101 culpam
998 2020 1120 2082 relerre
1142 2038 1309 2094 conamur,
1340 2028 1371 2080 et
1393 2017 1585 2082 causativum
1608 2020 1647 2080 ad
1668 2017 1828 2080 delensis-

527 2103 694 2176 nem'tacu
716 2134 754 2176 ex
775 2113 873 2198 ipsius
890 2111 1082 2176 incusatione
1106 2112 1311 2174 deducimus:
1335 2123 1504 2193 utsupra,
1528 2114 1666 2176 Orestes
1686 2133 1767 2174 reus
1786 2111 1828 2172 ob

526 2227 639 2268 necem
656 2205 795 2279 matris,
819 2205 952 2287 ipsam,
974 2217 1116 2287 propter
1129 2227 1230 2288 quiam
1241 2216 1440 2279 accusatur,
1463 2216 1619 2276 accusat,
1642 2204 1723 2266 etin
1737 2225 1825 2277 eom,

526 2319 612 2382 quae
634 2298 795 2359 maritum
814 2297 1001 2372 interemit,
1039 2317 1179 2359 causam
1201 2297 1354 2361 criminis
1377 2297 1507 2388 refert,
1545 2317 1585 2358 ac
1602 2319 1667 2378 per
1687 2294 1826 2358 occucu-

526 2392 651 2454 tionem
673 2391 793 2453 matris
814 2391 870 2453 sui
889 2388 1124 2480 defensionem
1143 2402 1331 2473 comparat.
1374 2389 1639 2466 Καταντίστασις
1660 2388 1708 2463 lit,
1732 2410 1825 2469 quum

484 2493 624 2568 anaeque
645 2485 758 2547 lactrnn
781 2481 882 2564 ipsum
905 2483 993 2566 quasi
1014 2496 1099 2547 recte
1121 2485 1236 2546 lactum
1252 2485 1389 2564 probare
1403 2503 1612 2567 nequeamus,
1634 2483 1825 2545 causativum

526 2588 629 2640 autem
657 2575 845 2649 inducimus,
880 2588 914 2640 ut
943 2599 984 2640 ex
1010 2576 1227 2652 incommodo,
1260 2588 1394 2658 propter
1416 2577 1502 2659 quod
1524 2573 1706 2659 arguimur,
1731 2575 1828 2638 maius

525 2672 724 2735 commodum
756 2678 878 2731 enatum
905 2670 1003 2733 veluti
1030 2671 1075 2732 rei
1107 2691 1174 2733 rem
1202 2670 1400 2748 rependimus
1428 2679 1521 2751 atque
1552 2687 1737 2750 pensamus:
1770 2679 1823 2740 ut,

525 2764 712 2846 imperator
720 2760 950 2852 fugientibus
969 2763 1017 2825 od
1037 2765 1171 2828 moenia
1192 2763 1372 2836 militibus,
1396 2761 1447 2825 bis
1471 2762 1543 2824 acie
1560 2764 1702 2844 pulsus,
1725 2761 1827 2822 tertio

526 2856 657 2921 disiecit
678 2877 794 2920 muros
818 2868 852 2941 et
871 2857 1034 2945 conflixit
1054 2871 1087 2921 et
1105 2859 1197 2920 uicit.
1241 2858 1343 2920 Nemo
1358 2866 1465 2938 potest
1479 2855 1581 2918 dicere
1595 2864 1682 2916 recte
1696 2854 1824 2928 lactum,

483 2953 611 3034 ttqnod
632 2950 752 3013 civitati
774 2950 853 3012 muri
874 2951 934 3012 siut
957 2952 1107 3032 adempti;
1144 2952 1200 3013 sed
1221 2950 1362 3012 adfirmat
1385 2949 1481 3012 maius
1503 2970 1542 3011 ex
1564 2968 1603 3010 co
1624 2947 1825 3009 incommodo

525 3047 723 3108 commodum
745 3065 813 3106 esse
835 3043 1024 3126 quaesitum,
1046 3043 1211 3107 victoriam
1234 3043 1371 3117 scilicet;
1395 3042 1482 3104 cuius
1496 3041 1649 3104 benelicio
1665 3036 1824 3103 consecuti

525 3150 614 3211 stunt,
637 3148 671 3199 nt
692 3137 744 3200 vel
766 3137 825 3200 alia
847 3138 968 3201 moenia
990 3138 1121 3202 meliora
1144 3138 1235 3200 ctiam
1259 3149 1422 3200 exstruere
1443 3135 1576 3217 possint.
1601 3132 1825 3198 Catametasta-

524 3230 568 3293 sis
589 3231 642 3305 lit,
665 3253 760 3314 qurum
782 3230 919 3309 factum,
953 3234 1194 3318 propterquod
1216 3230 1397 3313 arguimur,
1429 3229 1575 3292 aliorsum
1598 3248 1615 3288 a
1638 3229 1730 3292 nobis
1752 3225 1826 3286 diri·

526 3345 601 3386 rare
631 3345 799 3398 cooamnr;
836 3347 894 3387 uec
914 3346 1169 3407 compensamus,
1206 3325 1288 3387 sicut
1316 3323 1347 3385 in
1376 3321 1584 3394 catantistasi;
1619 3341 1677 3381 nec
1704 3320 1735 3382 iu
1757 3341 1824 3382 eum

483 3418 515 3468 ³⁰
525 3416 642 3498 ipsum,
666 3429 798 3498 propter
812 3439 904 3500 quem
919 3419 965 3480 rei
980 3439 1104 3492 sumus,
1128 3403 1302 3503 regeiimus
1317 3417 1557 3490 incusationem,
1581 3412 1660 3476 sicut
1675 3414 1706 3475 in
1722 3425 1825 3477 catan-

524 3511 728 3584 tenclemate;
763 3514 818 3572 sed
840 3511 976 3575 contenti
998 3534 1015 3575 a
1037 3511 1127 3576 nobis
1148 3531 1334 3585 removere,
1365 3509 1514 3575 aliorsum
1536 3505 1752 3570 transferimus
1775 3505 1824 3568 vel

409 3653 413 3660 .
524 3603 555 3667 in
578 3624 743 3685 personam
767 3604 817 3668 vel
838 3604 871 3666 in
891 3626 977 3668 rem:
1006 3605 1037 3668 in
1058 3626 1244 3686 personam,
1274 3617 1309 3666 ut
1329 3603 1355 3666 si
1384 3605 1496 3666 Ahala
1516 3601 1680 3666 Servilius
1700 3597 1824 3683 Spurio
1851 3641 1854 3650 ,

524 3697 657 3761 Maelio
671 3697 782 3761 occiso
803 3698 853 3760 ita
872 3721 908 3762 se
929 3697 1147 3789 defenderet,
1172 3697 1333 3761 occidisse
1349 3697 1505 3781 quidem,
1530 3695 1587 3758 sed
1602 3694 1699 3756 iussu
1720 3693 1823 3754 dicto·

523 3790 622 3875 toris.
670 3790 707 3854 ln
730 3812 814 3865 rem,
850 3805 883 3855 ut
903 3793 934 3858 si
963 3793 1137 3857 Hannibal
1155 3813 1253 3866 reus,
1289 3791 1381 3873 quod
1400 3812 1423 3852 a
1450 3790 1552 3852 tertio
1582 3787 1694 3870 lapide
1727 3786 1823 3850 Urbis

482 3887 514 3937 ³⁵
524 3882 743 3961 recessisset,
774 3886 900 3949 diceret
922 3883 1140 3976 fulminibus
1172 3895 1206 3946 et
1243 3884 1405 3946 tonitruis
1421 3906 1470 3948 ‚ae
1506 3905 1578 3946 esse
1610 3880 1820 3944 deterritum.
1919 3867 1922 3875 Α

407 4017 410 4024 ·
521 3973 623 4043 Κατὰ
636 3971 824 4062 συγγνώμην
838 3990 895 4052 est,
912 4000 1005 4060 quum
1021 3991 1052 4040 et
1065 3978 1180 4040 laeuum
1196 3977 1394 4050 confitemur,
1411 3978 1497 4060 quod
1512 3974 1692 4048 intenditur,
1710 3983 1742 4036 et
1759 3973 1822 4034 cul·

522 4093 593 4153 pam
615 4091 685 4135 esee
705 4073 903 4135 concedimus
925 4083 956 4134 et
978 4091 1043 4142 eam
1065 4071 1096 4133 io
1119 4071 1211 4133 alliun
1228 4070 1400 4133 transferre
1422 4089 1485 4132 non
1506 4089 1673 4149 possumus
1692 4078 1724 4132 et
1738 4089 1822 4130 com·

522 4167 647 4228 modum
669 4165 784 4227 nullum
804 4187 844 4227 ex
861 4187 911 4245 ep
922 4168 1060 4246 probare
1082 4185 1253 4236 conamur;
1277 4165 1349 4236 scd,
1373 4161 1496 4226 omissis
1519 4159 1680 4236 omnibus,
1705 4158 1821 4223 reniam

523 4277 689 4337 precamur
709 4269 762 4320 aut
782 4258 981 4342 ignoratione
1004 4271 1056 4321 aut
1075 4257 1259 4319 necessitate
1282 4267 1336 4318 aut
1357 4277 1450 4320 casu:
1475 4266 1508 4318 ut
1530 4265 1577 4317 est
1600 4253 1706 4316 Marci
1729 4252 1823 4316 'l'ullii

481 4360 514 4408 tt
524 4351 584 4430 pro
607 4349 738 4433 Ligario
760 4352 930 4414 sententia:
953 4353 985 4414 si
1009 4351 1126 4414 omnia
1146 4349 1352 4441 defecerint,
1374 4362 1528 4433 superest
1552 4348 1764 4430 deprecatio,
1788 4346 1822 4406 in

523 4461 592 4523 qna
611 4453 642 4504 et
661 4446 747 4507 mole
763 4456 796 4507 et
809 4457 928 4525 sponte
942 4440 1149 4534 nosfecisse
1169 4443 1339 4535 confessi,
1362 4443 1448 4505 nibil
1465 4441 1561 4505 olucd
1581 4461 1683 4524 quom
1708 4459 1821 4521 preces

522 4536 723 4616 allegamus.
778 4537 873 4616 Quod
901 4558 999 4620 genus
1021 4536 1152 4600 actionis
1174 4539 1255 4617 apud
1277 4536 1459 4601 humiliores
1481 4535 1599 4598 iudices
1621 4534 1697 4596 nihil
1721 4532 1819 4604 valet,

523 4626 550 4688 si
571 4627 638 4689 sola
660 4629 712 4690 sit.
766 4630 850 4709 Quid
871 4632 951 4693 enim
973 4631 1054 4712 apud
1076 4651 1145 4693 eum
1168 4649 1279 4712 preces
1302 4642 1417 4714 agant,
1450 4629 1500 4691 cui
1529 4649 1655 4691 necesse
1688 4639 1736 4690 est
1769 4627 1822 4687 da·

451 4725 465 4737 '
523 4729 631 4784 muare
652 4722 843 4786 coulcssos?

611 4860 635 4908 9.
655 4861 714 4907 eoa.
738 4844 794 4908 'cnm
825 4865 983 4918 adspiratione
1010 4865 1062 4909 hele
1091 4871 1114 4910 et
1132 4867 1197 4910 alibi.
1245 4864 1285 4911 ll.
1314 4865 1373 4910 Cod.
1392 4865 1557 4910 amariorem.
1601 4859 1642 4908 tt.
1671 4863 1731 4906 Cod.
1755 4822 1819 4920 apii.

660 4930 703 4977 2⁹.
721 4931 841 4991 diruere]
861 4935 894 4977 tta
912 4934 972 4979 cod.
992 4931 1034 4980 ³2.
1048 4935 1108 4983 oon
1122 4941 1146 4982 at
1163 4935 1208 4985 ut.
1230 4935 1299 4986 uon.
1320 4931 1412 4985 Hunis.
1450 4931 1491 4984 34.
1511 4935 1585 4980 lteeat
1601 4933 1626 4980 ai
1643 4935 1666 4982 ιιι
1685 4933 1746 4978 eos.
1760 4927 1820 4980 ,lis

658 5001 718 5047 Cot.
739 5000 764 5047 2.
784 5017 854 5048 maon
872 5002 1026 5062 demptam.

598 5123 643 5184 40·
663 5121 707 5180 Cl.
726 5137 788 5199 cap·
807 5125 846 5183 X.
