4434 5959
926 1039 968 1113 C.
1002 1038 1175 1130 nanu
1209 1038 1523 1116 VICTORlNl

1136 1226 1313 1274 exnost'rto

790 1377 844 1440 IN
875 1374 1092 1438 LIBRUM
1123 1374 1153 1436 1.
1182 1373 1251 1438 DE
1280 1373 1650 1440 INVENTIONE.

1119 1543 1320 1564 -Ρ

570 1649 739 1787 Omnis,
762 1709 942 1794 quicunqne
963 1707 1072 1791 incipit
1093 1707 1305 1794 cuiuscunque
1320 1708 1444 1794 generis
1457 1706 1651 1786 orationem,
1675 1711 1754 1774 haee
1767 1709 1827 1775 tria
1842 1713 1875 1776 in

564 1804 730 1888 principiis
752 1804 901 1866 adhibere
923 1804 1034 1865 debet:
1067 1814 1102 1863 ut
1125 1801 1284 1866 auditores
1308 1803 1400 1867 iaciat
1422 1813 1575 1878 attentos,
1599 1804 1791 1878 benevolos,
1815 1807 1875 1868 do·

564 1900 651 1963 eiles.
695 1899 788 1981 Ergo
815 1898 868 1958 hio
897 1895 1014 1960 Cicero
1042 1895 1119 1960 lacit
1139 1895 1257 1958 dociles
1284 1895 1458 1977 auditores,
1495 1917 1609 1980 quum,
1644 1896 1718 1977 quid
1741 1897 1782 1960 sit
1804 1898 1874 1960 elo·

563 1991 709 2074 quentia,
745 1989 900 2062 ostendit3
930 1999 1088 2063 attentos,
1112 2010 1207 2072 quum
1229 1987 1304 2052 dicit
1325 2011 1358 2052 se
1380 1992 1418 2052 de
1440 1989 1616 2073 eloquentia
1644 1988 1812 2066 dicturum,
1837 2012 1874 2055 re

538 2085 682 2148 ascilicet
704 2104 835 2168 magna3
859 2081 1051 2157 benevolos,
1074 2081 1226 2165 siqnidem
1244 2081 1346 2167 [quia]
1370 2083 1505 2147 ostendit
1525 2081 1665 2146 futurum
1681 2081 1710 2146 ei
1730 2103 1874 2148 commo-

563 2181 654 2255 dum,
680 2177 803 2262 quibis
825 2173 1065 2239 artibus'l'nerit
1086 2175 1229 2238 edoctus.
1273 2176 1465 2258 Eloquentia
1486 2174 1582 2260 igitur
1604 2175 1705 2258 qualis
1726 2176 1781 2253 sit,
1812 2199 1873 2260 per

563 2291 598 2334 se
619 2270 687 2352 ipsa
715 2292 777 2335 non
800 2269 955 2343 ostendit,
978 2271 1102 2332 sedeat
1131 2289 1231 2351 capax
1252 2269 1428 2353 qualitatis,
1451 2290 1543 2353 quam
1565 2289 1629 2332 non
1649 2267 1681 2330 in
1703 2289 1736 2332 se
1758 2271 1871 2346 habet,

562 2362 754 2447 sed‘accipit
783 2367 824 2426 ab
845 2374 973 2447 agente.
1020 2363 1102 2426 Nam
1124 2373 1159 2424 ut
1186 2363 1397 2448 cuiuscunque
1418 2361 1575 2446 ingenium
1597 2359 1694 2424 luerit
1714 2361 1793 2438 eins,
1816 2361 1872 2446 qui

564 2478 600 2520 ea
622 2457 739 2531 utitur,
762 2456 891 2539 perinde
913 2455 1015 2539 qualis
1035 2454 1075 2519 sit
1104 2455 1154 2518 vel
1177 2457 1251 2540 quid
1272 2455 1385 2534 faciat,
1423 2459 1630 2519 demonstrat.
1673 2455 1767 2540 Ergo
1789 2477 1872 2538 qno·

520 2555 551 2606 ¹⁰
562 2550 641 2613 niam
656 2550 759 2634 quiris
780 2549 980 2615 mediocriter
1001 2549 1125 2630 sapiens
1145 2549 1390 2632 potesl'videre,
1415 2548 1638 2631 eloquentiam,
1655 2547 1681 2610 si
1696 2548 1725 2610 in
1741 2547 1871 2611 homine

562 2643 660 2708 stulto
682 2643 742 2719 sit,
766 2643 877 2705 malam
899 2663 986 2717 esse3
1009 2642 1088 2704 siin
1111 2641 1271 2724 sapiente,
1298 2645 1412 2707 bonam
1435 2664 1523 2706 esse:
1558 2653 1728 2725 propterea
1750 2639 1871 2706 Cicero

559 2755 642 2811 non,
666 2747 771 2799 utrum
793 2740 923 2811 bonnm,
947 2757 987 2797 an
1009 2735 1123 2798 malum
1144 2735 1186 2798 sit
1206 2737 1406 2821 eloquentia,
1430 2733 1571 2818 quaerit3
1593 2735 1650 2796 sed
1671 2745 1774 2796 ntrnm
1796 2735 1871 2815 plns

561 2827 660 2903 boni,
682 2847 720 2889 an
742 2830 813 2910 plus
835 2829 910 2892 mali
932 2829 1064 2906 babeat,
1089 2830 1235 2896 ostendit.
1279 2833 1411 2894 Tractat
1432 2840 1534 2892 autem
1555 2827 1587 2891 in
1601 2823 1764 2910 principiis
1778 2838 1871 2911 quat·

559 2930 636 2984 tuor
657 2922 785 2986 theseis.
828 2923 931 2988 Unam
953 2921 1067 2986 talem:
1090 2925 1281 2987 studendum
1303 2943 1372 2988 esse
1389 2921 1561 3003 sapientiae
1582 2939 1653 2983 cum
1674 2917 1868 3004 eloquentia.

518 3019 547 3067 ¹⁵
560 3013 687 3078 Aliam:
710 3017 827 3080 Parnm
850 3018 1001 3098 prodesse
1023 3016 1123 3080 solam
1145 3017 1343 3100 sapientiam,
1368 3027 1471 3078 tamen
1492 3016 1659 3096 prodesse.
1703 3012 1867 3076 Tertiam:

558 3107 698 3172 Multum
720 3131 835 3174 nocere
858 3109 1091 3195 eloquentiam,
1126 3111 1152 3175 si
1180 3111 1245 3174 sine
1275 3109 1432 3194 sapientia
1449 3125 1486 3171 ea
1506 3108 1560 3171 sit.
1604 3109 1648 3170 Et
1670 3107 1740 3189 qnia
1762 3117 1869 3189 potest

558 3199 636 3279 dici,
660 3204 752 3287 Ergo
777 3203 974 3288 eloquentiae
995 3205 1181 3267 studendum
1203 3225 1267 3268 non
1290 3202 1360 3267 est?
1382 3217 1452 3269 nam
1474 3201 1590 3286 ubique
1604 3200 1786 3282 sapientiam
1801 3200 1868 3262 lau-

557 3295 635 3358 das:
671 3297 881 3376 respondetur
908 3299 1096 3360 studendum
1124 3319 1192 3360 esse
1220 3295 1436 3382 eloquentiae,
1472 3294 1542 3378 qnia
1571 3315 1629 3376 per
1658 3292 1869 3375 eloquentiam

557 3387 620 3449 rim
643 3406 731 3449 suam
753 3387 904 3470 sapientia
926 3390 1043 3452 exserit
1064 3391 1258 3454 necessario.
1302 3391 1425 3472 Quarta
1446 3381 1563 3452 tiresias
1586 3387 1779 3450 studendum
1798 3407 1868 3450 esse

512 3486 545 3537 2⁰
557 3479 773 3563 eloquentiae,
797 3481 852 3544 sed
870 3493 972 3545 tamen
995 3503 1074 3564 quae
1095 3482 1136 3546 sit
1157 3484 1253 3546 mixta
1267 3483 1450 3567 sapientiae.
1488 3482 1750 3546 Animadvertere
1765 3492 1868 3542 tamen

557 3575 705 3636 debemus
727 3573 759 3635 in
781 3575 943 3658 principiis
966 3575 1199 3640 deliberationis
1227 3576 1497 3659 propositionem,
1532 3585 1640 3656 partes
1669 3571 1867 3654 propositio-

557 3665 622 3740 uis,
647 3666 879 3730 exsecutionem
902 3667 1058 3749 partium,
1080 3681 1245 3751 postremo
1267 3691 1346 3734 vero
1369 3667 1569 3742 sententiam3
1592 3667 1679 3748 quud
1700 3666 1868 3749 diligenter

556 3759 728 3822 attendenti
747 3760 841 3824 lacile
863 3761 996 3844 cognitu
1022 3773 1081 3825 est.
1132 3765 1197 3827 Sed
1225 3775 1388 3846 antequam
1419 3764 1459 3824 ad
1487 3761 1534 3837 id,
1564 3762 1646 3822 unde
1674 3761 1780 3840 coepit
1810 3759 1868 3823 Ci-

556 3872 652 3929 cero,
678 3852 853 3932 veniamus,
879 3855 1040 3919 dicendum
1062 3857 1196 3939 primum
1220 3857 1362 3933 videtur,
1387 3855 1462 3941 quid
1487 3855 1528 3918 sit
1549 3873 1619 3916 ars:
1657 3850 1768 3914 deinde
1790 3852 1867 3934 quid

509 3947 540 3996 ²⁵
552 3944 675 4009 intersit
696 3947 777 4010 inter
799 3959 896 4012 artem
920 3961 951 4013 et
978 3949 1141 4014 virtutem.
1178 3953 1261 4014 ·Ars
1283 3963 1340 4026 est,
1365 3969 1445 4034 qnae
1467 3943 1702 4032 significantiam
1725 3943 1773 4008 sni
1794 3945 1865 4026 ple-

551 4060 621 4100 nam
644 4043 841 4117 nonhabet,
872 4045 929 4106 sed
949 4042 1134 4129 intelligitur
1155 4048 1194 4108 ad
1216 4044 1332 4128 aliquid
1353 4042 1529 4126 pertinere:
1561 4039 1747 4115 nonenim,
1778 4039 1865 4102 velut

550 4133 661 4196 codice
683 4133 842 4197 nominato
865 4134 980 4198 sciurus
1001 4135 1103 4200 statim
1127 4138 1202 4224 quid
1223 4137 1263 4200 sit
1284 4140 1409 4214 codex,
1433 4136 1475 4199 ita
1495 4154 1570 4198 mox
1585 4133 1666 4196 scire
1680 4153 1862 4214 possumus,

550 4226 624 4310 qnid
644 4225 684 4289 sat
710 4248 779 4302 ars,
812 4227 872 4292 nisi
892 4227 1031 4292 additum
1050 4229 1149 4294 inerit
1170 4227 1258 4294 cuius
1281 4250 1352 4294 ars:
1377 4240 1411 4293 ut
1434 4249 1485 4291 ars
1508 4226 1673 4310 poia'ticae,
1705 4245 1864 4310 gramma·

549 4317 645 4394 ticae,
669 4318 882 4402 eloquentiae.
906 4321 1021 4386 Virtus
1043 4335 1091 4388 est
1113 4323 1205 4387 animi
1226 4323 1369 4398 habitus,
1393 4322 1425 4385 in
1449 4331 1578 4384 natnrae
1600 4321 1724 4382 modruo
1748 4315 1863 4380 rationi

506 4419 795 4488 soconsentaneus3
825 4425 857 4478 et
885 4414 978 4492 ideo,
1012 4415 1043 4479 in
1065 4429 1195 4480 naturae
1225 4420 1370 4481 rnodumz
1401 4417 1523 4479 duobus
1553 4412 1633 4475 enim
1660 4421 1859 4484 constamus,

548 4501 653 4565 anima
673 4515 707 4567 et
727 4526 880 4588 corpore.
923 4508 1040 4574 Anima
1060 4510 1246 4574 immortalis
1261 4521 1322 4574 est.
1379 4509 1413 4573 Si
1434 4505 1617 4571 immortalis
1640 4518 1705 4582 est,
1741 4502 1863 4568 adivi·

547 4594 594 4658 nis
616 4597 794 4662 descendite
821 4600 849 4663 si
870 4623 887 4666 a
910 4601 1024 4668 divinis
1048 4605 1224 4680 deseendit,
1258 4603 1401 4687 perlecta
1422 4614 1483 4667 est.
1529 4601 1593 4665 Sed
1612 4599 1695 4663 acies
1717 4596 1860 4681 quamvis

545 4685 705 4769 perfectae
726 4691 845 4757 animae
868 4700 1004 4779 quodam
1032 4702 1180 4780 corporis
1209 4719 1319 4764 crasso
1346 4695 1483 4780 tegmine
1504 4693 1648 4758 irretitur
1670 4703 1702 4755 et
1723 4689 1860 4752 circum-

544 4777 704 4847 funditur:
741 4796 772 4848 et
799 4789 841 4852 ita
870 4789 925 4866 fir,
959 4803 995 4854 ut
1021 4795 1175 4877 quandam
1204 4791 1396 4857 oblivionem
1418 4787 1467 4854 sui
1489 4788 1604 4871 capiat.
1650 4786 1753 4866 Quium
1780 4802 1859 4846 vero

545 4887 1854 4918 ——---...-..-........-...-.-.----—

618 4931 645 4985 6.
665 4929 752 5003 Volgo
771 4931 917 4986 tanmem
934 4934 1084 5006 etquidem,
1102 4941 1177 5008 quta.
1215 4935 1278 4989 Del.
1298 4935 1403 4994 videtur
1421 4938 1495 5006 quio·
1515 4931 1570 4989 Os.

617 5007 662 5060 21.
681 5003 731 5059 Sic
749 5007 799 5060 ed.
819 5008 884 5063 Bas.
906 5007 946 5065 St.
967 5009 1027 5064 atd.
1045 5011 1112 5066 Gar.
1136 5039 1175 5053 -
1201 5017 1231 5062 r'n
1246 5015 1395 5082 principiis
1419 5009 1650 5072 deliberationis,
1673 5003 1856 5076 propositio-

542 5089 608 5127 num
623 5088 739 5146 portes,
758 5099 848 5138 exsec.
868 5084 954 5158 capp.
973 5083 1027 5139 Οι.

613 5155 660 5210 28.
678 5161 757 5208 retus
768 5159 828 5225 ars]
841 5158 1004 5234 dtcsertpst.
1015 5187 1048 5204 ·-
1058 5164 1136 5215 cmm
1144 5167 1184 5215 stt
1196 5177 1247 5214 ars
1259 5157 1321 5217 ΔΜ.
1335 5189 1372 5204 -
1384 5163 1461 5214 cutus
1473 5161 1548 5211 artr'r
1560 5155 1609 5214 Cd.
1623 5155 1686 5212 no.
1699 5153 1785 5226 Ctpp·
1799 5149 1853 5206 0¹·
