4434 5959
542 662 584 723 'ld
602 665 605 670 ’
1052 657 1338 724 t'tctontutts

542 798 664 883 qrralem
692 820 759 862 esse
791 798 890 861 dicat:
928 802 972 863 tte
994 798 1148 873 uirttctr‘a,
1185 798 1304 880 iuquit3
1340 798 1392 860 hic
1420 797 1543 860 habitus
1576 798 1677 864 animi.
1729 801 1849 863 Virtus

541 904 642 955 autem
670 890 885 975 quadruplex,
918 890 1053 963 iustitia,
1091 891 1312 973 temperantia,
1352 891 1526 965 lortitrrdo,
1560 891 1737 973 prudentia.
1783 892 1850 955 Sed

540 996 615 1047 terne
638 985 780 1060 habitus,
805 985 830 1047 si
853 984 996 1046 virtutem
1019 985 1060 1047 ita
1082 997 1241 1047 teneamus
1264 995 1443 1065 acceptam,
1474 996 1508 1046 ut
1527 1006 1682 1069 nunquam
1704 1006 1721 1046 a
1747 988 1847 1048 semel

540 1090 720 1158 comparata
746 1080 941 1141 recedamus.
1000 1078 1080 1140 Nam
1114 1078 1139 1140 si
1171 1076 1354 1159 frequenter
1382 1097 1436 1139 aua
1474 1077 1585 1160 cuique
1616 1081 1780 1141 reddamus
1815 1090 1851 1142 et

516 1168 707 1254 ⁵aliquando
735 1168 911 1251 rapiamus,
948 1169 1008 1233 iam
1041 1171 1173 1233 iustitiae
1204 1170 1342 1232 habitum
1373 1192 1432 1251 per
1468 1170 1735 1251 intemperantiam
1781 1194 1849 1236 non

479 1261 483 1272 '
539 1274 698 1338 tenemus3
720 1264 863 1328 similiter
887 1277 917 1327 et
940 1264 1021 1326 eirca
1041 1264 1178 1348 reliquas
1202 1265 1355 1327 virtutes:
1385 1263 1427 1326 ita
1447 1264 1525 1326 enim
1549 1276 1595 1326 cst
1619 1266 1741 1328 habitus
1767 1264 1850 1327 defi-

541 1357 639 1432 nitus,
663 1358 825 1422 Habitum
846 1360 1057 1441 appellamus
1075 1357 1183 1420 αηίιηί
1203 1368 1265 1419 aut
1285 1357 1440 1439 corporis
1466 1369 1676 1421 constantem
1693 1370 1724 1421 et
1746 1360 1848 1422 abao-

540 1455 647 1515 lutam
664 1453 779 1536 aliquo
796 1452 832 1513 in
852 1472 889 1513 re
913 1448 1175 1541 perfectionem.
1221 1450 1396 1527 Absoluta,
1428 1460 1460 1511 nt
1478 1451 1569 1530 plena
1591 1451 1648 1524 sit;
1677 1461 1845 1529 constans,

540 1555 576 1607 ut
600 1566 726 1627 semper
755 1547 859 1607 eadem
887 1544 927 1607 sit
954 1564 1054 1624 neque
1077 1542 1243 1625 aliquando
1272 1564 1287 1605 a
1312 1562 1345 1604 se
1367 1545 1509 1617 recedat,
1548 1554 1578 1605 et
1607 1556 1680 1606 tunc
1701 1558 1747 1608 cst
1769 1567 1849 1609 vere

499 1637 677 1702 1⁰habitus.
719 1639 861 1702 Deinde:
885 1638 956 1700 Ant
972 1635 1076 1711 artie,
1099 1635 1222 1718 iuquit,
1244 1637 1389 1699 alicuius
1409 1637 1657 1718 perceptionem
1664 1660 1675 1709 ,·
1698 1649 1731 1701 ut
1754 1651 1845 1721 puta,

540 1732 614 1813 Ego
636 1731 825 1793 rhetoricam
854 1730 944 1811 plene
966 1729 1088 1812 qtridem
1113 1728 1207 1802 novi,
1246 1732 1300 1793 sed
1329 1748 1479 1792 exercere
1502 1730 1590 1794 nolo.
1637 1732 1750 1815 ltaque
1772 1732 1850 1794 licet

540 1846 603 1887 non
625 1845 806 1898 exerceam,
830 1822 862 1886 in
885 1843 923 1884 eo
945 1833 1065 1895 tamen,
1090 1825 1173 1905 qitod
1196 1822 1386 1885 rhetoricam
1410 1823 1500 1904 plene
1523 1822 1597 1888 novi
1610 1869 1618 1899 ,
1647 1827 1748 1888 habeo
1772 1845 1848 1889 ora-

539 1916 620 1981 toris
641 1917 798 1980 habitum:
820 1915 863 1976 ita
887 1914 970 1977 etin
993 1914 1107 1978 ceteris
1129 1914 1248 1978 artibus
1272 1917 1361 1996 plena
1384 1915 1550 1998 perceptio
1573 1918 1697 1981 habitus
1719 1930 1779 1982 cst.
1816 1978 1822 1985 .

623 2014 694 2074 Atat
717 2009 869 2093 quamvis
889 2007 1077 2087 scientiam]
1100 2009 1200 2091 .[Acs
1222 2008 1337 2089 duplex
1358 2020 1421 2083 est3
1460 2009 1490 2087 in
1520 2008 1667 2086 scientia,
1699 2010 1731 2073 in
1752 2022 1847 2083 actua

499 2103 667 2167 1⁵scientia
689 2102 782 2179 artis,
806 2121 869 2164 uon
892 2100 993 2183 actia]
1037 2101 1125 2163 Inter
1147 2102 1304 2165 scientiam
1332 2112 1363 2164 et
1386 2113 1483 2165 artem
1509 2106 1570 2167 hoc
1590 2102 1732 2167 interest.
1778 2108 1847 2169 Ars

540 2195 663 2280 quidem
686 2196 801 2278 duplex
823 2206 887 2269 est,
912 2214 971 2255 una
993 2194 1024 2255 in
1046 2192 1193 2270 seientia,
1218 2195 1275 2258 alia
1298 2194 1328 2256 in
1352 2207 1435 2259 actu.
1480 2198 1600 2260 Verum
1624 2198 1752 2261 scientia
1769 2220 1847 2262 eirc-

539 2310 592 2353 sus
614 2289 728 2370 duplex
750 2298 816 2351 est:
848 2296 897 2351 est
917 2285 1044 2350 scientia
1065 2289 1158 2364 artis,
1195 2298 1243 2349 est
1266 2308 1328 2351 non
1351 2290 1444 2363 artis;
1474 2310 1576 2373 neque
1605 2292 1685 2353 euim
1715 2312 1846 2368 aumm,

540 2399 678 2470 gemmas
706 2381 846 2465 probare
874 2378 950 2443 artis
972 2392 1037 2453 est,
1076 2390 1131 2444 aut
1160 2380 1242 2443 seire
1269 2391 1347 2464 quint
1370 2382 1452 2446 milia
1475 2384 1631 2447 hominum
1654 2384 1683 2445 in
1706 2382 1760 2447 illo
1782 2382 1849 2447 siat

540 2478 680 2561 populo,
718 2487 837 2559 quiante
866 2472 968 2557 spatio
996 2475 1072 2536 haee
1100 2478 1176 2537 urbs
1205 2478 1243 2537 ab
1265 2475 1316 2537 illa
1345 2474 1455 2550 distet;
1492 2476 1697 2559 haccitaque
1718 2477 1847 2539 seientia

498 2574 606 2648 ²⁰est,
632 2571 687 2633 aed
709 2590 770 2631 non
793 2566 880 2631 artis.
925 2567 987 2629 Sed
1009 2567 1154 2650 quioniam
1178 2579 1208 2632 et
1230 2568 1305 2632 artis
1327 2580 1376 2633 est
1396 2570 1570 2652 quaelibet,
1601 2569 1719 2654 inquit,
1744 2569 1849 2633 scieu-

540 2664 600 2739 tia,
633 2662 660 2728 ai
684 2665 774 2747 plena
795 2659 827 2724 in
850 2662 941 2724 nohis
961 2659 1078 2736 facerit,
1115 2662 1237 2724 habitus
1268 2674 1476 2744 nuncupatur.
1528 2664 1590 2727 Sed
1619 2664 1777 2746 harenisque
1805 2665 1848 2726 de

539 2757 648 2821 habitu
668 2756 772 2821 animi.
816 2754 956 2829 Deinde,
979 2753 1098 2837 inquit,
1122 2766 1153 2817 et
1170 2754 1315 2836 corporis
1335 2754 1438 2838 aliqua
1460 2754 1665 2819 commoditas
1687 2753 1791 2817 studio
1812 2765 1848 2817 et

539 2850 690 2915 industria
712 2860 893 2933 comparata
915 2847 1039 2911 habitus
1061 2846 1191 2921 dicitur;
1215 2858 1250 2909 ut
1270 2848 1296 2911 si
1318 2869 1435 2930 corpus
1457 2850 1612 2930 palaestra
1634 2850 1844 2924 roboremus,

540 2945 568 3008 ei
598 2944 797 3009 velocitatem
826 2939 917 3006 nobis
946 2940 1114 3004 exercendi
1149 2942 1254 3006 studio
1279 2961 1511 3023 comparemus.
1556 2943 1677 3005 Verum
1699 2951 1731 3005 et
1752 2940 1849 3004 animi

497 3044 571 3102 ttct
593 3038 741 3121 corporis
773 3037 912 3100 habitum
941 3034 1057 3100 Cicero
1078 3033 1110 3098 in
1132 3034 1223 3099 bonis
1253 3036 1440 3099 collocavit:
1471 3034 1586 3118 quippe
1608 3036 1744 3099 habitum
1767 3033 1849 3097 dixit

540 3154 609 3196 esse
630 3133 779 3196 virttucm
796 3141 849 3194 aut
870 3130 947 3193 artis
967 3129 1223 3212 perceptionem,
1248 3129 1357 3192 deinde
1378 3127 1511 3212 aliquam
1535 3129 1683 3213 corporis
1704 3148 1849 3193 mmanu-

540 3226 680 3289 ditatem.
736 3224 783 3288 lta
811 3235 842 3286 et
877 3223 1066 3287 Aristoteles
1099 3224 1221 3286 omnem
1251 3221 1389 3284 habitum
1419 3222 1449 3284 in
1477 3222 1568 3286 bonis
1595 3215 1719 3303 posuit',
1749 3242 1847 3303 qaenam

540 3321 709 3382 secundum
730 3316 939 3382 definitionem
960 3315 1061 3399 possit
1081 3328 1112 3378 et
1134 3317 1165 3379 in
1188 3316 1275 3379 malis
1297 3316 1423 3379 habitus
1445 3336 1527 3379 esse.
1584 3318 1667 3379 Nam
1689 3314 1715 3377 si
1737 3316 1849 3376 dernus

541 3432 666 3492 semper
692 3431 840 3492 operam,
878 3421 913 3473 ut
936 3409 1012 3473 nihil
1033 3408 1261 3493 intelligamus,
1292 3410 1395 3475 studio
1432 3408 1520 3473 stulti
1547 3428 1672 3471 stimans:
1708 3407 1767 3471 erit
1793 3406 1850 3469 hic

499 3503 664 3566 ³⁰habitus
686 3502 835 3566 industria
858 3514 1077 3584 comparatum
1099 3514 1131 3565 et
1151 3521 1278 3578 rtrrsus,
1302 3502 1328 3565 si
1349 3501 1532 3566 exercitium
1556 3500 1703 3582 corporis
1725 3498 1848 3562 devite-

542 3618 628 3674 mus,
652 3596 755 3659 studio
777 3596 947 3659 imbecilles
969 3616 1090 3669 sumus3
1114 3596 1172 3658 erit
1193 3616 1292 3679 aeque
1313 3596 1364 3659 hic
1385 3595 1510 3659 habitus
1525 3595 1671 3677 corporis
1694 3592 1851 3656 industria

541 3701 755 3771 comparatus.
812 3691 875 3753 Sed
904 3690 1012 3753 neseio
1043 3709 1108 3774 quo
1137 3692 1232 3754 modo
1265 3700 1350 3752 recte
1382 3688 1506 3752 habitus
1534 3690 1686 3751 malorum
1714 3700 1851 3750 nonest

540 3784 662 3868 positus
694 3804 795 3866 neqsre
823 3804 840 3845 a
876 3783 1034 3848 Cicerone
1068 3798 1171 3866 neque
1199 3784 1238 3845 ab
1274 3782 1465 3856 Aristotele3
1497 3804 1566 3845 nam
1594 3782 1620 3843 si
1653 3781 1716 3843 hoc
1742 3780 1849 3859 ipsum

541 3898 655 3940 nomen
677 3875 875 3958 inspiciamus
897 3876 1016 3940 eteius
1038 3896 1166 3950 sonum,
1204 3874 1363 3939 videamus
1392 3875 1543 3938 umnam
1570 3875 1684 3936 dictum
1715 3894 1783 3936 esse
1806 3874 1851 3935 ab

499 3979 530 4029 tt
544 3992 582 4033 co
603 3975 690 4055 quod
710 3972 831 4034 habere
858 3970 1059 4035 voluerimus.
1117 3970 1237 4032 Natura
1269 3980 1371 4031 autem
1394 3980 1502 4033 nostra
1524 3966 1593 4030 talis
1616 3978 1679 4041 est,
1707 3966 1746 4028 'ut
1767 3986 1851 4028 narn·

541 4084 633 4149 quam
650 4064 728 4126 mala
744 4063 895 4128 velimus:
920 4062 1072 4128 inaloutm
1095 4083 1174 4147 ergo
1196 4082 1266 4125 esse
1286 4062 1410 4124 habitus
1424 4082 1487 4124 non
1505 4061 1646 4134 videtum
1671 4070 1849 4123 esttamen.

541 4160 622 4221 Nam
650 4168 682 4220 et
710 4155 845 4222 Catilina
878 4158 987 4221 habitu
1023 4156 1121 4219 malus
1152 4155 1231 4232 luit,
1268 4156 1301 4217 id
1332 4165 1397 4231 eat,
1429 4154 1575 4217 malitiam
1608 4152 1758 4216 industria
1787 4150 1850 4215 sibi

541 4253 749 4335 eostrparavit.
1314 4230 1318 4253 Ι

625 4342 775 4433 Affectio
799 4357 850 4410 eat
874 4344 983 4408 animi
1005 4356 1068 4407 ant
1094 4344 1249 4425 corporis
1278 4366 1325 4405 ex
1349 4354 1501 4425 tempore
1529 4343 1646 4426 aliquo
1674 4338 1715 4402 de
1742 4360 1853 4403 cauea

500 4440 782 4510 tucommutatioa
801 4439 999 4513 calcetitia,
1023 4435 1212 4518 cupiditas,
1237 4448 1364 4510 mettas,
1389 4436 1545 4499 molestia
1552 4458 1563 4505 ,·
1578 4437 1731 4509 morbne,
1756 4434 1849 4497 debi-

542 4530 623 4593 litae
650 4543 683 4595 et
710 4531 802 4605 alia,
838 4554 926 4616 panae
952 4530 1139 4619 generejin
1171 4529 1289 4592 eodem
1320 4528 1551 4611 reperiuntur]
1600 4528 1851 4598 Habitumcsse

542 4622 675 4687 diximus
704 4624 772 4687 sive
799 4623 831 4687 in
859 4625 961 4694 aniano
982 4622 1102 4687 sivein
1124 4642 1263 4704 corpore
1285 4622 1414 4685 alicuius
1435 4621 1480 4684 rei
1502 4620 1744 4703 perlectionem.
1802 4622 1853 4684 At

542 4727 671 4793 contra,
709 4716 778 4780 sive
804 4717 837 4780 in
865 4718 967 4782 animo
995 4717 1064 4779 sive
1091 4715 1122 4778 in
1145 4736 1284 4796 corpore
1306 4714 1435 4779 alieuius
1456 4714 1503 4777 rei
1526 4714 1683 4777 inchoatio
1705 4726 1752 4779 est
1773 4716 1855 4777 all'e.

542 4810 625 4886 ctio,
663 4830 743 4894 quae
765 4810 870 4874 subito
892 4810 994 4893 aliqua
1014 4807 1137 4871 ratione
1159 4808 1315 4885 nascitur,
1356 4830 1431 4872 mox
1453 4828 1634 4871 recessura:
1672 4820 1705 4870 nt
1727 4806 1754 4869 si
1776 4808 1853 4893 quiid

617 4972 643 5021 1.
664 4990 701 5005 -
719 4969 751 5015 ut
768 4969 904 5016 virttetens
921 4962 971 5015 cd.
989 4962 1052 5016 Bas.

616 5046 648 5099 8.
667 5039 815 5109 Absoluta]
836 5036 906 5091 cod.
926 5037 988 5089 Bas.
1010 5063 1046 5077 —
1067 5032 1204 5085 Absolestn
1223 5043 1266 5086 est
1285 5034 1353 5087 Edd.
1374 5036 1428 5089 On.

618 5120 662 5175 15·
683 5118 743 5166 Ars
761 5145 780 5157 -
799 5146 818 5157 -
835 5112 921 5181 artis]
952 5111 1060 5166 Abeunt
1088 5108 1192 5163 haece
1217 5110 1287 5165 Cod.
1309 5112 1371 5163 llas.
1392 5108 1433 5163 St.
1456 5106 1516 5162 ald.
1536 5124 1564 5163 ec
1582 5126 1598 5162 e
1616 5109 1705 5181 glossa
1724 5106 1852 5163 sidentur

542 5188 676 5263 prolecta.
697 5194 761 5245 dac.
779 5194 839 5247 sic:
859 5190 925 5243 Ara.
944 5188 1068 5241 Saeuus
1085 5190 1169 5237 actas
1187 5189 1260 5238 ertia
1278 5194 1304 5239 et
1323 5202 1379 5238 non
1396 5188 1478 5239 artu.
1499 5182 1552 5241 Oa.
