4434 5959
916 633 1009 698 ΗΒ.
1032 633 1063 698 Ῑ.
1600 637 1639 702 ¹9

415 775 505 840 Hine
525 774 648 838 amieis
668 792 799 860 qnoque
824 793 944 838 eorum
960 774 1189 838 certissimum
1209 791 1250 838 nc
1274 767 1492 840 tutissimum
1504 776 1640 860 praesi-

343 867 428 930 dinm
447 869 686 950 comparatur]
728 868 876 931 Ostendit
892 867 959 942 hie,
983 866 1059 950 quid
1072 878 1148 949 agat
1170 878 1302 933 oratore
1329 869 1450 952 sapiens
1473 871 1552 933 enim
1568 883 1639 932 euni
1696 945 1701 958 .

342 959 510 1044 eloquentia
530 959 659 1044 negotia
676 971 821 1042 suscepta
839 979 904 1023 non
922 959 1052 1022 deserit.
1096 963 1140 1024 Et
1157 961 1228 1024 inde
1243 962 1296 1035 iit,
1320 975 1354 1026 ut
1374 962 1547 1027 commodis
1562 959 1639 1037 ami·

342 1075 440 1118 connn
462 1055 573 1116 deesse
602 1074 666 1118 non
694 1053 809 1135 possit.
852 1055 897 1117 Ut
918 1051 987 1134 ipse
1009 1052 1128 1119 Cicero
1149 1053 1179 1116 in
1203 1055 1366 1119 verrinis:
1394 1060 1440 1120 Et
1461 1057 1519 1140 qui
1540 1075 1639 1119 omne

342 1147 499 1231 reliquum
522 1157 673 1228 tempera,
703 1147 795 1230 quod
819 1145 902 1208 milii
929 1145 973 1208 ob
992 1147 1182 1210 amicorum
1205 1147 1352 1230 negotiis
1378 1149 1498 1227 datur,
1532 1147 1569 1211 in
1586 1146 1663 1210 hir⁵

341 1241 456 1304 cudda
474 1241 712 1324 laboribusque
732 1259 939 1304 commum.

412 1335 466 1398 Ae
488 1333 574 1397 milri
592 1333 729 1418 peridem
750 1333 906 1396 ridentur
925 1332 1092 1412 homiues]
1135 1333 1282 1398 Diximus
1307 1355 1400 1415 supra
1425 1331 1587 1396 marescis
1607 1341 1640 1394 et

342 1425 455 1490 ratione
479 1438 513 1488 et
537 1425 775 1509 comparatione
804 1424 894 1489 lieri:
931 1425 983 1487 hie
1006 1426 1204 1510 comparatio
1227 1441 1275 1492 est
1297 1428 1454 1492 hominum
1479 1437 1511 1490 et
1532 1424 1640 1488 belua·-

341 1540 400 1582 rnm
420 1531 456 1583 et
474 1519 559 1583 inter
578 1539 614 1582 se
634 1518 807 1584 hominurn.

414 1617 493 1678 Hoc
510 1613 544 1676 si
556 1611 666 1704 sorte
689 1633 759 1675 unu
777 1623 906 1675 actim
924 1613 1026 1677 modo
1043 1633 1151 1698 ueqrce
1171 1615 1417 1679 exercitatione
1434 1612 1638 1691 conseritur,
1652 1617 1682 1668 ¹⁰

342 1727 451 1769 rernm
469 1707 577 1769 ιίίαιιι
596 1705 751 1780 artifieio
768 1705 916 1790 quodam
933 1709 1167 1789 comparatur]
1211 1709 1255 1774 Ut
1275 1707 1540 1791 supradiximus,
1563 1724 1639 1785 pos-

343 1799 422 1862 sidiie
442 1799 496 1862 hic
516 1809 690 1874 tenentur,
711 1799 829 1874 idest,
852 1819 948 1880 posse
968 1802 1008 1862 ab
1028 1801 1209 1865 horninibus
1229 1823 1288 1885 per
1310 1813 1407 1865 artem
1427 1795 1639 1884 eloquentiam

345 1892 572 1974 comprehendi.
615 1889 804 1956 Necessario
825 1911 906 1976 ergo
924 1891 1029 1972 prins,
1054 1913 1147 1976 quarn
1170 1894 1368 1980 eloquentiae
1387 1903 1553 1976 praecepta
1574 1900 1640 1952 tra-

345 1987 441 2062 deret,
474 1987 666 2049 exhortatus
686 1998 734 2049 est
755 1988 795 2048 ab
817 1987 970 2058 honeuo,
1007 1987 1048 2046 ab
1071 1987 1157 2062 utili,
1186 2009 1205 2050 a
1233 1987 1376 2070 possibili
1409 1998 1441 2049 et
1462 1987 1578 2049 debere
1600 1981 1640 2044 ab

344 2077 514 2144 hominibus
535 2088 567 2139 et
588 2099 683 2161 posse
704 2077 915 2163 eloquentiam
938 2079 1175 2159 comprehendi.
1652 2087 1683 2137 ta

415 2173 486 2238 Sed
503 2183 604 2246 ente,
626 2193 730 2256 priam
743 2171 784 2234 de
796 2170 987 2254 praereptis
1008 2173 1173 2236 oratoriis
1187 2173 1357 2248 dieamus,
1382 2171 1514 2235 videtur
1528 2169 1641 2232 dicen·

344 2264 417 2328 dnnr
433 2264 476 2328 de
492 2285 619 2348 genere
639 2265 749 2348 ipsine
764 2263 868 2348 artis]
910 2263 1020 2328 Omnis
1042 2275 1094 2326 a'rs
1116 2267 1233 2348 duplex
1253 2279 1321 2342 est,
1345 2267 1376 2328 id
1393 2275 1461 2339 est,
1485 2261 1640 2344 duplicem

344 2355 446 2420 taciem
471 2359 571 2420 habet
596 2360 765 2420 secondum
795 2368 996 2440 pracceptum
1018 2359 1264 2444 sententiamque
1288 2357 1466 2431 Varronis;
1501 2352 1640 2440 quirit,

345 2471 407 2513 erse
430 2463 545 2514 ortem
569 2452 786 2515 eoetmusecrcs
805 2471 931 2524 ιιιιαιιι,
963 2450 1069 2513 aliam
1093 2452 1311 2518 intrinsecus.
1360 2452 1426 2516 Ars
1447 2448 1641 2512 extrinsecus

344 2543 406 2606 tal'n
424 2557 496 2618 cat,
527 2563 610 2628 quae
632 2544 726 2610 nobis
745 2543 904 2608 scientiam
927 2545 1026 2606 solam
1049 2546 1162 2620 tradite
1191 2546 1394 2619 intrinsecus,
1418 2563 1499 2626 quae
1520 2541 1561 2603 ita
1589 2541 1683 2602 datto

345 2634 520 2710 erientiam,
549 2636 681 2700 utillud
702 2639 822 2720 ipsum,
851 2640 938 2719 qnod
958 2636 1087 2700 seientia
1110 2641 1180 2715 dat,
1211 2639 1326 2724 quibus
1349 2637 1523 2702 rationibus
1545 2632 1661 2696 iacis·-x

347 2747 422 2805 nos,
445 2730 605 2792 ostendat.
648 2731 698 2794 Ita
719 2729 773 2793 illa
791 2732 830 2792 ad
848 2731 1007 2794 scientiam
1025 2733 1125 2796 solam
1140 2733 1287 2814 prolicit:
1310 2735 1387 2796 haec
1408 2733 1447 2792 ad
1468 2725 1639 2806 scientiam,

346 2841 415 2904 qnae
431 2822 465 2886 in
485 2833 560 2886 actu
577 2822 630 2886 sit.
672 2825 717 2889 Ut
736 2835 813 2906 pota
838 2824 865 2888 si
886 2824 1005 2887 dicam:
1028 2827 1262 2904 Grammatico
1279 2847 1338 2890 ars
1356 2835 1408 2888 est
1426 2841 1539 2906 guara
1557 2839 1641 2901 par·

347 2914 420 2978 lium
449 2915 652 2991 oraciones
672 2937 786 3001 guara
820 2918 1051 3002 sydndnmm,
1082 2939 1196 3002 gnara
1227 2920 1425 2988 literarumr
1460 2935 1526 2998 per
1555 2913 1642 2973 hauc

348 3007 499 3072 dicrimine
521 3008 640 3072 οιιιιιὶα
664 3010 748 3073 nitio
770 3010 936 3081 devitaret
967 3011 1046 3072 haee
1070 3031 1165 3094 qiium
1191 3011 1267 3076 dico
1289 3031 1449 3096 quumque
1477 3027 1534 3090 per
1562 3005 1683 3066 hannis

349 3102 429 3165 vitari
448 3101 525 3166 vitia
540 3102 628 3177 dico,
652 3114 852 3178 nontamen,
874 3105 1213 3189 quomodoritentur,
1251 3107 1405 3170 ostendor
1434 3113 1532 3164 artem
1557 3095 1641 3159 illam

348 3195 535 3259 extrinsecam
545 3198 665 3274 doceo,
687 3217 747 3280 per
761 3217 853 3282 quani
867 3198 935 3260 sola
949 3194 1078 3260 scientia
1092 3194 1235 3260 discitur.
1279 3198 1311 3261 Si
1324 3206 1424 3259 autern
1438 3193 1547 3266 dinam,
1560 3207 1641 3271 qnae

349 3286 514 3370 sintpertes
521 3289 687 3366 marionis,
704 3311 784 3375 qnae
798 3291 947 3372 syllabae,
962 3309 1043 3374 qnae
1053 3289 1163 3352 literae
1177 3289 1354 3375 quibntque
1366 3289 1466 3352 modis
1477 3282 1579 3351 omnia
1591 3281 1645 3344 illa

349 3392 502 3456 constent,
538 3403 602 3465 qno
621 3395 718 3465 pacto
742 3383 816 3447 ritia
844 3385 1001 3447 vitentur:
1031 3394 1107 3445 tunc
1127 3382 1191 3446 erit
1209 3383 1263 3446 illa
1284 3403 1353 3458 ars,
1382 3381 1434 3444 citi
1460 3391 1508 3444 est
1528 3389 1641 3442 nomen

349 3470 542 3539 ianimeenst
577 3498 641 3540 non
659 3499 742 3562 qnae
763 3480 802 3540 ad
825 3476 985 3540 scientiam
1007 3486 1148 3540 nostram
1170 3487 1288 3540 motum
1311 3473 1455 3558 proficit,
1489 3472 1544 3536 sed
1562 3487 1642 3552 qttae
1655 3477 1686 3528 tt

350 3563 377 3628 in
391 3579 458 3631 amn
478 3569 533 3632 sit.
586 3571 678 3654 Engo
700 3583 733 3635 et
761 3591 813 3636 aas
831 3570 989 3648 rhetorica
1006 3570 1123 3652 duplex
1143 3581 1208 3644 ειη
1239 3591 1308 3633 narn
1328 3579 1375 3632 est
1398 3565 1593 3630 extrinsecus
1610 3572 1643 3623 et

349 3657 536 3725 intrimentis.
585 3665 779 3730 intrinsecus
800 3677 901 3729 autem
922 3663 975 3726 illa
996 3674 1062 3738 eat,
1096 3683 1177 3746 qnae
1194 3664 1285 3727 nobis
1307 3665 1346 3726 ad
1364 3672 1454 3724 actius
1472 3665 1643 3741 praecepta

352 3752 417 3816 artie
435 3756 585 3820 insinuat.
627 3759 841 3823 Extrinsecus·
854 3775 973 3841 porro,
996 3777 1077 3841 qnae
1097 3757 1215 3831 nobis,·
1227 3757 1303 3840 quid
1323 3755 1364 3820 sit
1384 3751 1565 3824 rhetorica,
1589 3749 1645 3808 de·

351 3860 509 3924 nonstrat;
532 3873 624 3935 φιιιιιι
640 3874 735 3937 quum
752 3852 1026 3926 demonstraverit,
1049 3849 1164 3912 scimus
1179 3861 1317 3928 tantum,
1338 3850 1394 3912 scd
1409 3863 1559 3910 exercere
1579 3854 1643 3904 non

352 3959 517 4020 Ροωιιιιιιιι.
560 3945 654 4008 Hanc
674 3944 780 4029 itaque
794 3957 891 4009 artem
905 3943 1120 4015 extrinsecus,
1145 3963 1224 4028 quae
1246 3944 1345 4008 solam
1369 3938 1529 4004 scientiam
1546 3931 1641 4017 parit,
1655 3941 1686 3993 ³5

353 4033 476 4115 quinque
495 4038 594 4100 reinna
613 4038 737 4102 Tullius
758 4038 913 4111 ostendit,
945 4056 1062 4120 genere
1086 4034 1181 4106 artis,
1215 4035 1340 4111 officio,
1374 4033 1454 4106 fine,
1492 4024 1641 4099 materia,

352 4128 494 4204 partibus.
539 4130 613 4211 lpse
632 4128 724 4200 etiam
746 4130 883 4195 ostendit
896 4151 931 4192 se
953 4132 992 4192 de
1012 4148 1048 4192 ea
1067 4139 1154 4203 arte,
1177 4149 1257 4216 quae
1276 4139 1323 4192 est
1339 4125 1551 4194 extrinsecus,
1576 4136 1645 4181 esse

353 4218 503 4287 dicturum.
545 4224 741 4288 intrinsecus
764 4245 841 4288 rero
859 4236 975 4299 artem,
1005 4243 1085 4308 quae
1106 4221 1199 4286 nobis
1224 4225 1264 4285 ad
1285 4231 1372 4308 arins
1390 4223 1558 4300 praecepta
1578 4213 1642 4286 dat,

353 4311 462 4378 interim
484 4317 632 4392 differre3
663 4318 707 4381 ait
731 4318 830 4382 enim:
866 4317 928 4382 sed
946 4329 1043 4392 aute,
1071 4337 1176 4401 quam
1198 4317 1240 4379 de
1260 4309 1455 4398 praeceptis
1480 4303 1645 4372 oratoriis
1672 4401 1687 4451 ο

353 4405 504 4473 diccrmcs.
1656 4405 1668 4452 ⁴

427 4505 571 4568 Videtur
587 4505 766 4568 direntium
783 4505 825 4568 de
844 4525 969 4589 genere
985 4502 1094 4585 ipsius
1119 4502 1220 4581 artis]
1264 4496 1420 4581 Quoniam
1445 4493 1549 4578 primo
1571 4487 1647 4552 artis

354 4595 448 4674 generi
462 4596 711 4659 satisfaciendum
727 4609 794 4670 cst,
818 4599 911 4682 quale
933 4619 1031 4682 genus
1051 4595 1231 4659 rhetoricae
1253 4594 1331 4657 artis
1356 4592 1416 4666 ait,
1440 4587 1646 4670 explicemus·

417 4745 460 4794 20.
481 4741 549 4790 tells
568 4743 622 4808 est]
641 4739 689 4792 Sic
708 4739 758 4792 Cd.
778 4739 841 4793 Bas.
863 4769 896 4780 -
917 4757 973 4794 om.
995 4741 1062 4791 talis
1081 4739 1149 4792 Etid.
1170 4737 1222 4791 On.

415 4819 457 4869 22.
477 4815 528 4866 uta
552 4815 593 4864 ad
608 4817 754 4866 seleutiam
778 4817 866 4866 solnm
882 4813 1017 4886 proficit]
1045 4818 1189 4887 Perpetem
1212 4811 1351 4885 legebatur
1372 4820 1471 4862 antea:
1493 4803 1533 4856 ad
1553 4805 1648 4854 scieu-

354 4890 413 4939 tien
430 4889 490 4940 seta
505 4889 633 4962 proficit.
676 4890 747 4943 Nam
769 4888 914 4960 legendnm
935 4907 993 4942 erte
1011 4891 1115 4952 soum,
1143 4893 1208 4942 ratis
1229 4888 1312 4960 liquet
1332 4903 1364 4939 ex
1384 4879 1575 4954 sequentibus,
1600 4873 1648 4928 ubl

355 4966 387 5013 ait
402 4963 571 5016 Vtrtorinns:
590 4971 680 5015 arcem
699 4965 787 5027 illum,
804 4957 856 5033 per
875 4981 956 5034 quom
975 4967 1035 5016 sola
1050 4969 1166 5015 seientia
1186 4963 1320 5018 discitum
1348 4975 1417 5030 ptine
1441 4956 1481 5007 ad
1503 4955 1650 5005 scientim

354 5047 466 5090 conterit
493 5047 604 5090 rantum
625 5037 760 5110 proficit,-
779 5037 851 5090 hunc
866 5048 972 5102 ortem,
993 5059 1061 5109 perae
1084 5041 1174 5090 solnm
1192 5043 1335 5089 seientiam
1350 5037 1439 5104 parit.
1478 5025 1553 5082 Adde
1576 5020 1650 5094 (1¹³⁰d

354 5113 433 5182 paullo
444 5127 524 5186 snpra
539 5113 658 5166 diaerat:
677 5131 728 5164 ars
740 5119 913 5166 extrinsecus
924 5123 984 5178 est,
1005 5133 1073 5182 quce
1089 5113 1167 5165 nodis
1185 5118 1329 5164 scientiam
1344 5111 1429 5158 solnm
1447 5103 1547 5158 tradit.
1567 5101 1649 5154 Cart·

416 5193 459 5248 31.
477 5205 549 5258 ergo
567 5197 597 5240 el
613 5205 664 5240 m
680 5187 833 5256 rhetorica]
853 5189 900 5242 tite
919 5186 970 5240 ed.
991 5191 1052 5242 Bas.
1071 5213 1107 5228 -
1127 5207 1196 5256 ergo
1216 5187 1356 5238 rhetorica
1377 5179 1444 5236 End.
1466 5181 1518 5233 On.
