4434 5959
659 586 722 652 DE
744 585 837 653 DIIS
859 587 922 651 ET
944 584 1387 656 PRAESENSIONIBUS.
1619 585 1680 652 893

249 758 264 800 r
363 729 499 796 scenicis
528 727 717 794 actitantur:
756 727 788 791 iu
821 728 917 792 tertio
950 748 1079 811 quoque
1113 747 1230 811 genere
1262 748 1353 791 sacra
1384 727 1463 806 illa,
1501 749 1582 815 quae
1617 751 1681 792 non

249 868 264 894 s
362 825 557 900 histriones,
580 827 637 887 sed
658 827 840 888 sacerdotes
863 834 978 907 agunt,
1002 842 1020 883 a
1039 819 1194 884 consimili
1214 829 1409 907 nequaquam
1432 825 1587 888 dedecore
1605 847 1683 907 pnr-

249 950 265 989 ;,·
365 932 441 1006 gata
464 931 496 984 et
525 918 626 982 aliena
655 917 808 1002 castigata
841 917 1076 1002 quodammodo
1099 914 1257 980 brevitate
1289 915 1453 995 distinxit,
1492 917 1542 980 cui
1568 920 1682 983 horum

249 1052 263 1085 ²·
362 1014 460 1077 trium
484 1014 616 1095 palmam
639 1023 671 1074 et
696 1014 843 1076 decorem
869 1008 1020 1073 virtutum
1042 1007 1200 1086 ascribat,
1236 1009 1363 1076 dicens:
1399 1015 1555 1077 Deorum
1576 1013 1683 1077 uirtus

249 1143 265 1180 .:
362 1117 495 1172 natura
521 1105 677 1169 excellit:
712 1103 801 1168 acsi
827 1116 937 1187 aperte
958 1102 1065 1165 dicat:
1101 1103 1168 1177 Ea,
1204 1125 1325 1187 quaea
1354 1103 1471 1168 virtute
1499 1110 1710 1189 prodeunt,s

250 1239 262 1278 ‚g
364 1198 549 1262 testimonia
572 1218 636 1262 non
659 1197 785 1261 ascribo
809 1197 866 1260 diis
885 1193 1048 1261 theatricis
1073 1194 1126 1260 vel
1150 1195 1314 1274 fanaticis,
1340 1219 1476 1283 quorum
1498 1201 1581 1264 saeta
1604 1223 1683 1284 pro·

258 1360 262 1370 ,
365 1291 486 1355 duntui·
510 1291 728 1367 detestabilia,
752 1291 817 1355 imo
839 1291 913 1370 illis,
937 1313 1020 1378 quos
1041 1289 1228 1354 naturaiiter
1251 1312 1320 1356 esse
1339 1303 1452 1358 auctor
1471 1306 1519 1358 est
1538 1294 1685 1377 pbiloso-

247 1435 251 1468 z
364 1387 456 1471 phia.
513 1386 584 1448 Nec
605 1383 697 1448 etiarn
727 1407 837 1449 oumes
862 1387 1013 1450 mortales
1045 1384 1162 1468 dignos
1191 1385 1253 1450 fide
1276 1386 1443 1466 iudicavit,
1467 1387 1526 1451 nisi
1548 1411 1685 1473 quorum

255 1556 262 1564 g
365 1479 453 1544 ratio
477 1477 510 1541 in
532 1478 761 1542 exercitatione
785 1479 891 1560 posita
913 1501 930 1543 a
953 1478 1087 1542 naturali
1113 1477 1226 1542 fomite
1248 1501 1307 1561 per
1326 1481 1509 1546 industriam
1531 1486 1684 1568 quaedam

248 1606 259 1660 3
367 1591 482 1659 magna
504 1583 601 1656 atque
628 1574 796 1656 praeclara
823 1574 998 1656 produxit,
1032 1571 1093 1635 illis
1114 1572 1238 1654 penitus
1268 1574 1486 1638 auctoritatem
1512 1576 1727 1643 testimoniitt

247 1723 260 1756 ,ν
367 1666 572 1741 abiudicaus,
609 1686 745 1750 quorum
770 1666 833 1730 vita
859 1669 1094 1751 quodammodo
1115 1665 1376 1732 irrationabiliter
1398 1669 1576 1756 languentis
1599 1672 1684 1736 iner-

254 1817 258 1827 .
367 1760 432 1824 tiae
453 1771 588 1842 torpore
618 1760 795 1824 consenuit.
851 1762 981 1841 Quaeso
1012 1781 1112 1845 ergo,
1137 1782 1177 1824 ne
1197 1760 1321 1846 ingenia
1345 1763 1483 1828 clariora
1509 1777 1540 1828 et
1563 1769 1601 1828 ed
1624 1769 1683 1830 ob·

247 1908 259 1944 „2
366 1853 536 1917 scuritates
563 1852 709 1916 subtilius
730 1853 923 1938 indagandas
946 1853 1103 1918 celeriora
1125 1855 1210 1917 hunc
1234 1855 1360 1933 locum,
1395 1879 1487 1941 quem
1517 1859 1684 1941 dupliciter

247 2007 260 2038 ,ι
363 1944 569 2011 commentati
590 1969 717 2025 suanus,
734 1942 912 2032 xcorrugata
937 1968 1014 2012 nare
1035 1947 1214 2027 fastidiant,
1237 1961 1268 2013 et
1290 1973 1329 2014 ne
1353 1955 1439 2015 iorte
1458 1962 1569 2035 putent
1584 1953 1685 2017 minus

247 2099 258 2132 r
363 2041 472 2107 doctis
493 2042 705 2125 superfluum,
729 2045 817 2125 quod
838 2041 897 2106 sibi
918 2041 1057 2105 sentiunt
1078 2063 1143 2106 uon
1165 2045 1389 2108 necessarium.
1696 2065 1727 2114 ts

247 2192 258 2204 ,,
452 2134 550 2218 (Cap.
573 2137 626 2198 20.
649 2141 682 2214 §.
705 2137 775 2218 77.)
803 2136 932 2201 Divina
958 2138 1043 2199 haec
1058 2135 1151 2225 fere
1179 2149 1260 2200 sunt
1288 2137 1504 2203 testimonio:
1531 2139 1687 2223 primum

364 2228 554 2302 orationis5
583 2229 743 2311 (oraculo
765 2230 857 2292 enim
877 2251 925 2292 ex
945 2251 986 2293 eo
1007 2228 1081 2311 ipso
1101 2233 1275 2312 appellata
1295 2244 1393 2308 sunt,
1427 2235 1520 2319 quod
1540 2234 1628 2299 inest
1649 2236 1686 2299 in

245 2318 257 2403 J
363 2323 422 2388 bis
442 2324 586 2387 deorum
603 2323 752 2406 ornatior)
771 2323 894 2388 deinde
915 2343 1055 2399 rernm,
1077 2320 1115 2384 in
1131 2323 1254 2406 quibus
1268 2323 1386 2388 insunt
1403 2328 1505 2410 qimai
1518 2329 1686 2413 quaedum

246 2407 258 2491 Ῐ
365 2439 476 2500 opero
495 2418 630 2481 diuino:
648 2417 801 2501 primum
817 2418 889 2502 ipse
905 2416 1053 2480 mundus
1071 2415 1210 2500 eiusque
1231 2417 1343 2480 omnis
1364 2420 1451 2483 ordo
1469 2433 1502 2486 et
1521 2435 1688 2498 ornatore

246 2505 257 2599 ζ
367 2510 528 2594 deinceps
556 2511 650 2575 cadrei
669 2513 800 2575 volenes
821 2512 1060 2594 nniumlatpne
1087 2521 1229 2590 eantus‚·
1261 2509 1382 2574 deinde
1413 2513 1565 2580 eiusdem
1596 2516 1730 2586 ademto

246 2677 253 2693 .
368 2604 505 2670 sonitus
525 2617 559 2669 et
579 2605 744 2683 ardores,
774 2609 1025 2689 multorumque
1046 2623 1165 2666 rerum
1189 2601 1226 2664 in
1253 2613 1349 2665 terra
1373 2617 1554 2686 portenta:
1585 2619 1688 2695 atque

246 2698 255 2779 ‘2
368 2698 476 2782 etiam
493 2719 559 2781 per
577 2709 663 2762 exto
682 2697 819 2762 inuenta
840 2697 1054 2782 praesensio.
1098 2699 1132 2761 A
1152 2695 1399 2762 dormientibus
1419 2722 1552 2785 quoque
1579 2705 1689 2766 multa

246 2794 255 2880 f,
368 2791 574 2875 significata
598 2791 703 2867 visis,
738 2793 860 2876 quibus
879 2813 927 2854 ex
946 2791 1031 2856 locis
1054 2791 1147 2854 sumi
1178 2791 1352 2855 interdum
1372 2796 1482 2858 solent
1508 2793 1688 2874 adsedem

245 2894 247 2977 ζ
354 2885 572 2980 faciendam
591 2886 786 2950 testimonio
805 2889 961 2951 deorum.

245 2988 248 3064 J
457 2980 548 3062 Quae
564 2992 637 3044 saint
658 2982 789 3044 deorum
813 2980 1010 3055 testimonia,
1032 2977 1250 3063 subsequitur.
1294 2976 1505 3046 Dinumerans
1528 2983 1731 3067 principa-as

245 3085 249 3160 J
369 3076 445 3141 liter
464 3075 497 3139 in
521 3076 696 3139 orationem
726 3096 842 3160 resque
872 3072 1044 3138 distribuit.
1102 3071 1290 3138 Orationem
1317 3086 1421 3138 autem
1451 3078 1513 3140 hoc
1548 3075 1580 3139 in
1613 3077 1688 3143 loco

245 3163 252 3251 f
370 3171 498 3234 duobus
520 3169 810 3252 modis-possumus
832 3167 1034 3252 intelligeres
1069 3177 1123 3228 aut
1144 3165 1250 3244 illam,
1274 3188 1354 3252 quae
1374 3169 1413 3232 ad
1439 3169 1619 3253 vulgandos
1641 3172 1690 3234 in·

245 3270 250 3280 '
369 3264 466 3327 timos
484 3273 587 3326 motus
606 3261 734 3346 liuguae
755 3261 862 3326 officio
885 3259 1089 3344 exprimitur,
1124 3273 1178 3322 aut
1200 3261 1307 3337 illam,
1341 3283 1423 3346 quae
1449 3263 1558 3327 animis
1583 3285 1599 3327 a
1624 3276 1690 3329 ter-

370 3377 449 3422 rena
473 3356 667 3440 'contagione
697 3354 866 3420 defaecatis
894 3355 962 3418 sine
990 3353 1073 3416 aiiris
1102 3354 1313 3437 percussione
1345 3355 1495 3420 divinitus
1528 3357 1688 3442 loquitur,

245 3437 248 3453 ’
372 3452 457 3514 sicut
474 3461 524 3512 est
543 3449 641 3525 illud,
663 3453 752 3532 quod
773 3451 812 3514 de
834 3451 967 3514 Socrate
981 3446 1110 3532 legitur.
1154 3448 1310 3512 Perhibet
1332 3448 1430 3526 euim,
1455 3471 1489 3514 se
1503 3473 1591 3515 usum
1610 3473 1688 3538 qua-
1701 3463 1733 3514 stt

373 3547 444 3607 dam
466 3541 614 3606 familiari
634 3542 768 3606 oriminis
791 3541 946 3620 amicitia,
979 3541 1026 3606 sic
1055 3541 1225 3607 conciliato
1248 3543 1391 3621 numine,
1426 3544 1516 3609 cuius
1547 3567 1627 3612 voce
1651 3549 1692 3610 ad

373 3637 509 3700 animum
538 3659 627 3700 suum
661 3649 857 3701 commeante
884 3635 1104 3722 intelligebat,
1140 3658 1157 3699 a
1190 3659 1325 3722 quarum
1354 3659 1458 3703 rerum
1482 3638 1607 3704 actione
1629 3640 1690 3704 sibi

372 3743 458 3797 esset
475 3733 725 3812 temperandum.
769 3733 839 3795 Nec
861 3752 941 3810 vero
963 3732 1153 3794 hortabatur
1175 3752 1245 3794 eum
1268 3734 1306 3794 ad
1329 3731 1462 3817 aliquem
1485 3745 1606 3810 actum,
1635 3736 1692 3798 sed

372 3823 586 3909 prohibebat,
617 3846 700 3908 quae
721 3825 791 3888 lieri
812 3846 877 3890 non
898 3823 1075 3906 expediret.
1127 3824 1207 3888 Vox
1229 3843 1331 3908 porro
1354 3825 1424 3903 illa,
1456 3849 1548 3911 quam
1572 3831 1691 3894 Socra·

372 3931 422 3984 tes
443 3917 476 3982 iu
498 3920 602 3984 animo
623 3919 794 3996 sentiebat,
819 3940 883 3982 non
907 3931 996 3993 erat,
1020 3917 1156 4000 opinor,
1190 3917 1276 3996 talis,
1311 3940 1391 4002 quae
1413 3923 1488 3985 aire
1509 3921 1573 3986 icto
1596 3927 1734 3986 sona-³5

374 4024 446 4090 ret,
480 4015 537 4078 sed
572 4035 655 4097 quae
683 4016 727 4078 ob
748 4011 896 4098 egregias
918 4012 1052 4074 virtutes
1075 4022 1230 4095 purgatae
1252 4024 1490 4098 proptereaque
1512 4015 1692 4101 intelligen-

373 4108 452 4172 tiori
480 4107 600 4172 animae
631 4105 842 4190 praesentiam
875 4105 989 4170 solitae
1018 4103 1189 4167 divinitatis
1211 4105 1382 4169 revelaret.
1441 4107 1567 4194 Atque,
1606 4109 1692 4172 utin

375 4201 496 4268 somnis
524 4200 634 4265 audire
667 4199 761 4265 nobis
783 4200 925 4264 videmur
948 4219 1045 4264 voces
1066 4219 1246 4262 sermonum
1270 4213 1301 4263 et
1322 4221 1473 4282 expressa
1495 4203 1611 4277 verba,
1635 4224 1694 4266 nec

377 4309 482 4360 tamen
503 4293 555 4357 illa
578 4317 645 4361 vox
666 4306 733 4371 est,
755 4297 813 4359 sed
835 4294 923 4358 vocis
944 4291 1081 4357 officium
1103 4291 1226 4356 imitans
1242 4292 1294 4357 illa
1309 4293 1519 4378 significatio:
1543 4295 1589 4358 sie
1609 4293 1693 4378 vigi·

376 4389 472 4454 lautis
506 4389 648 4453 Socratis
677 4409 764 4452 mens
792 4408 851 4469 per
879 4385 1088 4469 praesentiam
1122 4384 1255 4448 muniris
1284 4389 1322 4450 de
1343 4389 1439 4450 rebus
1461 4407 1524 4454 non
1548 4389 1693 4473 gerendis
1704 4411 1736 4462 40

377 4486 607 4569 augurabatur.
651 4481 771 4566 Opinio
801 4479 882 4544 euim
903 4481 1169 4564 pbilosophorum
1193 4491 1282 4559 erat,
1315 4481 1420 4547 Deum
1442 4480 1694 4568 intelligibilem,

381 4613 824 4630 m

449 4680 475 4730 4.
495 4684 556 4730 cns.
576 4696 606 4729 ne
623 4683 728 4731 scribat.
774 4681 816 4730 li·
835 4683 895 4729 Cod.
917 4683 1005 4728 omittit
1021 4681 1058 4727 in.
1106 4681 1148 4730 i‘l.
1167 4683 1241 4744 parnei
1259 4681 1380 4744 precedam
1397 4695 1438 4743 op.
1457 4683 1553 4745 divine}
1573 4685 1613 4730 Sir.
1631 4686 1692 4734 Col.

519 4755 551 4798 tu
573 4751 660 4799 Hosius
686 4754 777 4800 edidit:
804 4766 882 4810 opero
905 4751 990 4798 divina
1017 4749 1150 4814 pecodem.
1201 4751 1244 4799 ill.
1268 4751 1348 4813 cirea]
1371 4755 1411 4800 Sic
1437 4754 1463 4800 b.
1490 4757 1508 4801 l.
1536 4756 1640 4816 llaain3
1670 4761 1696 4802 at

516 4823 579 4870 inira
594 4823 670 4869 ciria'.
706 4823 769 4868 tuit.
787 4819 872 4884 ntqss]
892 4823 953 4868 Cod.
971 4827 1005 4867 et.

452 4947 499 5004 50.
517 4945 560 4998 De
579 4943 702 4999 Socratis
721 4939 868 4996 daemonio
887 4955 1053 5007 notarunt,
1072 4957 1142 5014 qnae
1160 4939 1244 4998 hahet
1265 4941 1364 4998 Cicero
1384 4943 1507 4997 Divinat.
1532 4941 1581 4998 ub.
1598 4945 1621 5000 l.
1634 4958 1697 5019 cap.

377 5022 425 5080 bl·
443 5021 470 5087 §-
491 5024 553 5076 ¹22.
573 5033 601 5073 et
621 5019 784 5074 Plutarchus
803 5017 899 5071 ltbello
917 5017 1072 5091 peculiari,
1104 5033 1182 5084 rum,
1205 5034 1273 5090 qnae
1292 5033 1387 5072 notua
1409 5034 1570 5092 patrumque
1591 5037 1699 5072 menso·

378 5099 422 5150 tta
443 5092 613 5161 Manrtllon,
637 5091 771 5158 redemi,
799 5093 907 5166 Nares,
936 5093 1052 5166 Eetrup,
1083 5092 1272 5166 Metuentes,
1304 5093 1530 5169 Hirpinorum,
1550 5091 1697 5168 Laniredl,

379 5169 414 5225 de
432 5166 531 5224 eodem
550 5175 655 5246 sartpta
673 5167 852 5242 reltquerant.
1229 5203 1232 5213 -

430 5271 446 5308 Ι
