4434 5959
944 626 1036 689 LIB.
1059 626 1108 691 11.
1607 627 1667 693 153

355 780 409 823 nes
431 759 473 839 (si
494 760 549 845 qni
570 780 641 825 esse
661 766 809 844 possunt)
832 774 885 827 aut
906 763 1131 849 indignationis
1161 776 1214 827 aut
1235 766 1488 851 conquestionis,
1525 779 1557 831 ut
1580 779 1668 831 uter.

355 854 500 938 quesibi
522 878 585 937 pro
606 856 669 919 suis
691 856 834 937 partibus
856 867 971 920 stimat.

438 952 481 1012 In
502 950 610 1013 olium
629 961 690 1011 cut
713 949 749 1011 in
770 950 866 1012 ulitrd
885 952 1096 1032 ‹demoveturJ
1139 953 1205 1015 Aut
1224 952 1256 1014 in
1278 974 1442 1035 personam
1466 965 1519 1017 aut
1541 954 1570 1016 in
1587 968 1665 1019 rem.

439 1045 494 1105 De
516 1054 659 1125 utroque
681 1041 887 1123 distinctius]
933 1045 975 1106 Et
996 1046 1034 1105 de
1056 1045 1191 1107 honesto
1213 1056 1244 1107 et
1266 1048 1305 1108 de
1327 1045 1407 1108 utili.

439 1135 502 1197 Sin
522 1148 638 1196 nutem
661 1156 729 1197 nou
749 1135 785 1196 in
805 1136 975 1199 homiuem
995 1149 1144 1212 certum,
1168 1138 1278 1204 sedin
1297 1160 1369 1201 rem
1391 1139 1542 1222 aliorsum
1563 1148 1691 1203 consui

356 1227 603 1307 demouebitur]
626 1230 800 1310 Hucusque
822 1226 852 1289 in
875 1250 1061 1309 personam
1085 1252 1167 1292 utrnc
1188 1230 1218 1293 in
1238 1252 1302 1293 reru
1323 1252 1413 1293 caum
1438 1233 1666 1297 removebitur.

440 1320 669 1383 Accusatione
689 1321 833 1383 ulterius
853 1333 887 1383 et
907 1324 1026 1403 crtlpue
1047 1322 1243 1403 depulsione
1260 1324 1414 1405 dempto,
1438 1325 1557 1387 ceteris
1574 1325 1668 1387 simi·

356 1414 435 1476 liter
458 1412 512 1474 uti
530 1413 613 1475 locis
630 1413 811 1493 oportebit]
854 1413 990 1495 Dempta
1013 1415 1215 1494 depulsione,
1241 1416 1360 1498 reliqua
1375 1417 1446 1478 talia
1464 1430 1667 1499 perseverant

258 1578 259 1581 Ἴ
357 1507 388 1569 io
408 1528 499 1580 reru,
523 1506 626 1588 qrtaiia
648 1508 776 1567 itrerunt
798 1506 828 1566 in
851 1526 1031 1586 personam.

440 1603 555 1685 Ipsius
580 1614 694 1663 nauem
723 1602 775 1663 rei
791 1601 845 1679 fit
869 1601 1032 1672 remotio,
1061 1621 1164 1684 quum
1186 1600 1241 1673 id,
1274 1602 1365 1685 qrtod
1392 1602 1496 1664 datur
1517 1602 1664 1677 crimini,
1679 1607 1709 1657 1⁰

357 1708 461 1779 negot
480 1716 587 1779 neptae
606 1695 652 1755 ad
669 1716 705 1757 se
727 1714 833 1777 neque
853 1695 900 1757 od
923 1692 1077 1780 efficium
1096 1713 1196 1755 suum
1223 1696 1259 1755 le
1275 1715 1303 1755 ιε
1318 1694 1537 1774 pertinuisse]
1574 1696 1667 1757 Nunc

358 1790 498 1851 remotio
520 1787 579 1850 rei.
638 1790 719 1850 Nam
742 1808 836 1869 supra
858 1809 972 1850 canisae
999 1786 1104 1849 docuit
1126 1786 1330 1848 remotionem
1355 1786 1435 1849 etin
1459 1788 1611 1851 hominem
1635 1800 1666 1851 et

356 1880 388 1943 in
408 1903 498 1944 rem:
538 1882 595 1943 aed
615 1879 754 1941 remotio
779 1880 825 1941 rei
848 1890 966 1942 tantum
987 1880 1019 1943 in
1045 1879 1202 1943 bominem
1223 1878 1278 1954 bt,
1302 1891 1333 1942 et
1358 1880 1391 1941 fir
1409 1882 1531 1943 duobus
1553 1882 1666 1943 modis.

357 1975 438 2037 Nam
467 1996 549 2035 nunc
574 1974 712 2037 remotio
739 1972 776 2034 fit
799 1971 846 2034 rei
870 1974 909 2035 ab
936 1994 995 2049 eo,
1029 1972 1085 2055 qni
1111 1993 1183 2035 reus
1205 1982 1269 2034 est:
1308 1993 1389 2033 ottnc
1407 1974 1538 2037 remotio
1561 1974 1595 2035 fit
1620 1973 1667 2036 rei

357 2071 396 2129 ab
415 2088 478 2140 eo,
508 2067 561 2149 qui
583 2078 750 2128 accusator
773 2078 841 2128 esta
875 2069 961 2149 quod
982 2064 1041 2126 erit
1060 2086 1203 2139 novum,
1238 2074 1273 2125 ut
1298 2076 1398 2127 status
1420 2068 1459 2127 ab
1483 2074 1708 2129 accusatoret⁵

356 2174 527 2234 nascatur;
564 2172 657 2241 atque
686 2160 717 2221 in
744 2159 807 2219 boe
832 2179 951 2242 genere
971 2159 1155 2221 remotione
1177 2157 1449 2234 constitutionis,
1473 2159 1528 2222 ubi
1549 2172 1666 2223 tantum

357 2273 423 2330 res,
447 2274 513 2313 non
535 2273 627 2314 causa
651 2262 845 2314 remoretur.

441 2345 620 2409 Concessio
640 2356 706 2419 est,
729 2366 916 2428 perquam
939 2365 1009 2408 non
1022 2342 1171 2434 fuctum
1196 2344 1308 2426 ipsum
1331 2346 1665 2429 protocursorem

357 2440 418 2501 sed
441 2450 481 2501 ut
508 2438 730 2521 ignoscatur,
763 2438 801 2499 id
828 2438 971 2519 petitur]
1029 2439 1150 2516 Quarta
1179 2438 1300 2518 species
1327 2450 1374 2501 est
1404 2437 1435 2501 iu
1457 2440 1668 2520 assumption

358 2532 524 2614 paralitate
552 2530 742 2601 concretior
774 2532 853 2593 banc
880 2530 987 2591 definit
1019 2529 1081 2592 ita:
1115 2551 1208 2611 qurum
1240 2550 1304 2593 non
1328 2532 1444 2594 iactum
1475 2550 1710 2612 purgarnus,2o

358 2628 412 2687 sed
434 2635 470 2686 ut
502 2624 703 2707 ignoscatur,
736 2623 885 2703 petimus.
936 2624 1027 2683 Hauc
1052 2623 1188 2703 partitur
1215 2622 1247 2685 in
1276 2626 1357 2697 duo,
1394 2623 1425 2685 iu
1447 2624 1666 2707 purgationem

358 2730 389 2779 et
413 2716 693 2798 deprecationem
728 2725 759 2777 et
777 2714 996 2797 purgationem
1018 2716 1125 2777 definit
1148 2716 1206 2791 ita,
1244 2738 1339 2799 quum
1362 2738 1424 2781 non
1453 2717 1569 2779 iacuuu
1591 2737 1668 2797 pur·

358 2832 488 2893 gamus,
516 2811 573 2871 sed
594 2809 799 2870 rolttntatem.
857 2808 895 2870 td
915 2807 986 2870 lieri
1017 2808 1092 2871 dicit
1120 2808 1305 2889 tripliciter:
1329 2809 1356 2871 si
1381 2821 1434 2871 aut
1453 2808 1667 2890 imprudentes

358 2903 513 2966 iaciamus
535 2913 586 2963 aut
608 2921 683 2963 casu
711 2912 763 2962 aut
792 2899 991 2963 necessitate.
1046 2902 1282 2994 imprudentiae
1309 2905 1361 2963 dat
1394 2904 1593 2984 exemplum,
1629 2902 1667 2963 de

356 2996 460 3058 vitulo
474 2994 657 3067 immolat03
680 2994 753 3055 item
773 3014 883 3068 casus,
907 2996 946 3056 dc
961 3015 1019 3066 eo,
1042 2996 1097 3077 qtti
1123 2996 1241 3059 hostias
1259 3009 1386 3076 praesto
1410 3015 1473 3056 non
1498 2995 1606 3056 babuit
1629 2994 1668 3055 ad
1678 3008 1708 3057 tt

357 3088 439 3151 diem
464 3100 603 3159 certum;
640 3085 711 3148 item
736 3075 948 3162 necessitatis,
985 3092 1022 3149 de
1047 3100 1185 3151 rostrata
1212 3088 1284 3151 navi
1309 3089 1341 3151 in
1369 3100 1487 3169 portu,
1527 3087 1580 3149 ubi
1604 3107 1666 3149 nou

357 3182 491 3255 licebat,
515 3180 654 3242 inventa.
699 3181 788 3241 Haec
803 3179 862 3243 tria
883 3180 1027 3260 exempla
1044 3181 1163 3245 idcirco
1189 3180 1291 3243 iuncta
1313 3179 1436 3261 posuit,
1460 3180 1532 3261 qttia
1557 3198 1666 3243 eorum

359 3274 499 3337 omniurn
521 3272 628 3336 similis
650 3274 833 3355 praeceptio
854 3283 915 3335 est.
973 3276 1118 3357 Namque
1136 3284 1170 3335 ut
1191 3284 1223 3336 et
1245 3274 1276 3335 in
1299 3273 1537 3354 superioribus,
1568 3274 1612 3335 ita
1636 3281 1667 3335 et

359 3369 411 3429 bie
430 3368 565 3449 priorum
587 3366 862 3429 coniecturaliter
884 3369 1039 3450 agendum
1062 3370 1102 3429 ab
1125 3377 1329 3439 accusatores
1351 3378 1385 3427 ut
1412 3365 1463 3438 id,
1487 3368 1572 3450 qttod
1593 3385 1666 3427 reus

360 3474 457 3545 negat
471 3482 506 3523 se
528 3461 693 3523 voluntate
707 3460 839 3534 iecisse,
863 3457 998 3522 consilio
1012 3461 1130 3523 factum
1146 3463 1256 3523 doceat
1272 3480 1308 3521 ac
1326 3460 1501 3524 voluntate.
1545 3457 1667 3523 Deinde
1679 3466 1711 3517 tt

361 3552 522 3637 subiungit
540 3553 671 3630 finitivi
690 3564 803 3615 statua
824 3563 1007 3627 tractatum3
1044 3552 1118 3638 qui,
1151 3564 1297 3634 utsupra
1321 3552 1446 3627 docuit,
1470 3553 1669 3633 qttadruplex

360 3657 424 3720 eat3
446 3646 588 3709 definitio
610 3645 740 3722 brevis,
763 3646 937 3709 adstructio
959 3645 1167 3720 definitionis;
1192 3659 1223 3710 et
1245 3646 1340 3711 tertio
1364 3647 1455 3718 loco,
1491 3644 1517 3707 si
1538 3644 1666 3716 asserit,

362 3740 509 3803 dedttctio
530 3750 578 3802 est
597 3739 783 3802 definitionis
800 3740 839 3799 ad
859 3736 1012 3819 specie'm3
1035 3738 1161 3803 sivero
1185 3762 1246 3803 non
1263 3740 1390 3815 asserit,
1414 3736 1574 3818 separatio
1590 3737 1667 3799 deii·

361 3830 488 3893 nitionis
509 3851 527 3893 a
548 3830 670 3915 speeie<
712 3829 836 3910 Quarto
851 3830 926 3894 loeo
941 3831 975 3891 fit
990 3831 1164 3896 destructio
1187 3832 1375 3895 definitionis
1390 3831 1488 3913 partis
1503 3832 1666 3891 adversae.

361 3924 484 3985 Verum
505 3924 558 3984 bie
576 3921 690 3986 omissa
713 3920 926 3985 destructione
943 3923 1131 3986 definitionis
1156 3926 1253 4006 partis
1277 3927 1444 3998 adversae,
1468 3924 1589 4005 reliqua
1607 3921 1711 3985 triatt

361 4017 621 4097 complebuntur,
644 4028 678 4078 ut
700 4016 843 4080 breviter
860 4015 987 4079 deliniat
1001 4037 1123 4091 casum,
1148 4017 1407 4099 imprudentiam,
1433 4016 1667 4089 necessitatem

362 4105 470 4171 deinde
492 4108 643 4191 adiungat
672 4107 935 4190 approbationem
960 4110 1148 4173 delinitionis
1181 4131 1240 4192 per
1271 4110 1433 4192 exempla3
1471 4108 1566 4171 tertio
1592 4108 1666 4171 loco

361 4212 519 4279 separeta
544 4200 741 4278 definitione,
779 4204 867 4286 quod
895 4222 970 4264 reus
1002 4202 1096 4279 fecit,
1131 4217 1162 4266 et
1187 4207 1219 4268 id
1237 4208 1383 4269 ostendat
1409 4223 1476 4265 esse
1502 4200 1666 4263 dissimile:

363 4295 449 4373 qttod
470 4292 510 4355 sit
533 4293 600 4355 eius
622 4292 744 4356 lacinus
766 4315 829 4357 non
852 4294 1047 4379 ignorabile,
1071 4296 1342 4371 conformium,
1367 4316 1430 4358 nou
1446 4292 1666 4357 necessarium.

360 4382 599 4449 Demonstrabit
627 4388 798 4467 posthaec
820 4387 959 4468 potuisse
981 4388 1096 4462 vitari,
1119 4390 1260 4470 potuisse
1284 4388 1467 4470 provideri:
1506 4398 1538 4449 et
1558 4387 1590 4447 id
1611 4388 1710 4449 do·t⁰

454 4562 482 4616 8.
500 4557 623 4627 Dempta
640 4556 814 4629 depulsione]
850 4559 926 4612 Male
950 4557 1054 4611 edituro
1073 4556 1178 4613 iuerat:
1210 4565 1240 4612 r'n
1262 4570 1312 4613 trra
1338 4559 1513 4630 depalatorem
1545 4574 1669 4613 nostram

361 4628 582 4684 emendationem
601 4636 670 4685 satta
690 4630 834 4685 adstruunt
853 4633 922 4686 baec
941 4634 1084 4687 Ciceronis
1102 4635 1199 4689 verba:
1218 4643 1249 4688 st
1265 4636 1359 4707 eulpae
1373 4634 1530 4706 deprdrtcne
1544 4636 1666 4705 dempta.

361 4704 445 4758 carr.
481 4702 587 4779 (Etiam
606 4704 676 4759 Ced.
694 4708 759 4761 Bas.
776 4710 807 4759 tn
824 4714 874 4758 tae
892 4704 935 4779 d.)

432 4780 480 4837 29.
499 4782 723 4833 wntseturulr‘ter
747 4782 896 4849 agendum]
936 4781 967 4835 td
985 4798 1037 4846 est,
1058 4780 1216 4837 adhibendo
1234 4792 1343 4837 statum
1366 4784 1596 4842 coniecturalem
1620 4799 1669 4838 ten

365 4869 437 4919 een,
455 4859 485 4907 in
503 4872 560 4924 qno
578 4852 646 4909 iacet
666 4860 791 4927 qnaerttc
810 4860 981 4911 trutinatur.
1000 4860 1083 4910 Care.

435 4933 482 4989 59.
500 4931 674 5001 lgnorsbtle]
694 4929 726 4983 Id
745 4947 798 4997 est,
818 4950 866 5003 per
884 4935 1066 5004 ignorantiam
1087 4930 1247 4985 admissum.
1268 4932 1350 4983 Care.

435 5008 482 5061 do.
500 5022 557 5056 noer
575 5012 769 5057 necessaium.
806 5006 1021 5059 Demonstrabit
1045 5015 1112 5076 post
1140 5006 1206 5057 lraee
1225 5011 1351 5075 putruisse
1370 5007 1474 5076 vitari]
1512 5009 1598 5059 Antea
1623 5010 1665 5058 sic

365 5077 622 5151 interpungebstur:
644 5098 700 5133 non
716 5086 900 5132 necessarium
918 5080 1138 5134 demonstrabit:
1154 5089 1220 5151 post
1237 5080 1304 5135 leuse
1320 5086 1446 5151 putruisse
1464 5087 1563 5135 vitari.
1583 5082 1666 5136 Care.

364 5150 451 5224 (tatae
469 5152 615 5209 duttnettc
632 5171 676 5209 est
692 5159 776 5209 etiarn
795 5160 825 5209 in
844 5153 914 5209 Coti.
931 5158 1007 5225 Bes.)
