4434 5959
568 643 589 703 i
1081 640 1369 707 VICTORINUS

568 805 614 848 αιι
634 782 713 866 boni
739 783 833 865 plue.
876 785 940 847 Sed
968 777 1087 845 Cicero
1118 791 1258 844 naturam
1287 781 1385 845 tenurit
1414 780 1633 865 eloquentiae,
1671 801 1750 864 quae
1784 803 1879 866 quum

559 879 702 960 priunum
725 895 821 958 agere
840 875 960 956 coepit,
984 873 1105 955 profuit
1126 875 1323 952 hominibus;
1347 898 1416 938 nam
1439 876 1600 958 compulit
1621 895 1676 939 eos
1693 885 1724 939 et
1738 896 1882 959 congre·
1958 877 1962 898 “

569 972 677 1056 gavit.
728 973 809 1034 Post
840 981 942 1031 autem
973 971 1144 1048 depravata
1174 968 1303 1050 iugenio
1333 969 1505 1042 rtialorum,
1542 971 1671 1031 rutilium
1694 972 1801 1033 nocuit
1832 971 1882 1033 rei

570 1064 727 1148 publicae.
772 1064 859 1127 Bene
880 1083 962 1144 ergo
985 1061 1126 1125 ordinem
1148 1063 1257 1137 tenuit,
1281 1075 1314 1124 nt
1330 1063 1458 1136 diceret,
1480 1061 1621 1136 Bonine,
1644 1081 1690 1122 on
1705 1061 1788 1124 mali
1799 1063 1883 1144 plus

546 1157 724 1222 tattrclcrit
745 1155 935 1220 hominibus
956 1165 989 1217 et
1010 1154 1213 1216 ciuitatibus.
1266 1157 1329 1219 Res
1358 1156 1484 1236 publica
1510 1155 1632 1217 duobus
1655 1165 1796 1230 constat,
1820 1176 1881 1236 pu-

571 1253 656 1315 blico
686 1263 716 1314 et
743 1250 888 1331 privato:
927 1248 998 1312 ideo
1024 1247 1213 1312 donninibus
1234 1259 1266 1308 et
1289 1249 1494 1311 ciuitatibus.
1537 1249 1612 1312 Hoc
1634 1258 1666 1310 ct
1686 1248 1715 1310 in
1741 1247 1881 1309 Verriuis

571 1346 820 1410 animadvertere
852 1345 1023 1418 debemus,
1052 1341 1186 1426 qualiter
1214 1341 1329 1426 ubique
1358 1340 1475 1406 Cicero
1498 1354 1550 1404 aut
1570 1341 1712 1416 homines
1734 1339 1883 1404 defendat

571 1452 626 1504 aut
647 1437 803 1501 civitates.

653 1533 763 1614 Copia
796 1523 943 1610 dicendi]
987 1527 1143 1608 Quoniam
1174 1548 1286 1591 nomen
1317 1528 1512 1612 eloquentiae
1542 1527 1574 1591 id
1603 1528 1663 1590 sibi
1692 1528 1811 1592 obtinet
1843 1552 1882 1592 ae

530 1626 723 1700 invindicat,
758 1636 793 1687 ut
814 1646 908 1707 quum
933 1624 971 1683 ad
993 1643 1085 1684 autres
1108 1621 1247 1696 venerit,
1287 1646 1349 1688 non
1373 1623 1430 1687 nisi
1453 1622 1571 1704 optima
1594 1621 1782 1704 accipiatur,
1806 1622 1881 1684 idco

571 1721 678 1783 maluit
707 1718 836 1781 delinire
870 1715 1094 1799 eloquentiam.
1146 1717 1194 1778 lle
1225 1716 1294 1799 quis
1324 1739 1405 1802 ergo
1436 1715 1539 1779 audita
1566 1715 1763 1792 eloquentia,
1800 1737 1881 1800 quae

572 1813 662 1897 quasi
683 1832 764 1877 sono
787 1811 858 1890 ipso
881 1809 912 1871 id
935 1807 1090 1882 obtinuit,
1115 1819 1149 1868 ut
1172 1807 1266 1871 mixta
1292 1810 1432 1872 viduatur
1454 1830 1522 1872 esse
1536 1808 1726 1890 sapientiae,
1750 1807 1881 1891 nequis

570 1907 721 1988 (inquam)
743 1903 974 1967 deliberandum
995 1922 1059 1962 non
1081 1904 1242 1978 crederet,
1268 1916 1369 1967 utrum
1392 1904 1463 1984 plus
1486 1903 1561 1966 boni
1583 1924 1619 1964 an
1642 1903 1713 1982 plus
1729 1901 1802 1964 mali
1822 1903 1881 1964 ha-

570 2001 642 2062 beat
664 1998 860 2081 eloquentia,
892 1995 947 2084 sled
968 1993 1066 2075 ipsam
1092 2015 1150 2075 per
1175 2015 1209 2058 se
1234 1997 1309 2059 satis
1336 1995 1512 2059 aestimaret
1534 1998 1668 2057 bonam:
1707 2007 1881 2076 propterea

528 2093 677 2155 tamaluit
700 2091 829 2154 delinire
852 2086 1080 2171 eloquentiam,
1104 2087 1236 2151 dicendo
1255 2089 1389 2172 copiam
1410 2089 1556 2152 dicendi.
1600 2088 1689 2169 erae
1711 2088 1782 2171 qnia
1804 2099 1881 2170 pot·

570 2196 620 2250 est
637 2188 676 2248 ad
698 2197 865 2267 utrumque
885 2179 990 2257 flecti,
1014 2201 1138 2242 causam
1162 2179 1396 2245 deliberationis
1418 2182 1553 2244 induxit.

652 2281 704 2344 Ac
725 2297 895 2341 summum
916 2273 1127 2357 eloquentiae
1148 2272 1314 2352 attaliam]
1358 2276 1534 2358 Postquam
1563 2272 1670 2336 docuit
1700 2272 1775 2357 quid
1797 2283 1882 2337 esset

570 2369 749 2454 eloquentia
771 2391 829 2452 per
859 2366 1092 2440 definitionem,
1128 2388 1256 2429 securus
1279 2380 1408 2450 postea,
1432 2366 1595 2450 occupatis
1617 2366 1678 2430 iam
1700 2365 1881 2430 auditorum

570 2465 731 2538 sensibus,
754 2459 963 2544 eloquentiam
979 2443 1164 2522 nominavit.
1210 2461 1273 2522 Sed
1287 2474 1373 2523 recte
1388 2459 1449 2535 ait,
1473 2463 1523 2524 Ac
1537 2480 1706 2523 summum
1724 2461 1882 2564 eloquen-

527 2559 639 2622 2ute'oe
659 2556 824 2619 studium.
874 2553 948 2616 Non
970 2551 1050 2613 enim
1072 2564 1180 2634 potcst
1201 2553 1356 2617 declarari
1378 2553 1453 2638 quid
1473 2554 1576 2636 possit
1597 2550 1796 2636 eloquentia,
1821 2550 1882 2614 nisi

570 2654 601 2716 in
623 2653 729 2735 aliquo
750 2647 847 2712 interit
869 2667 905 2708 ae
927 2646 1018 2727 plena
1038 2645 1148 2708 fuerit.

653 2747 746 2810 Num
767 2763 872 2826 quum
893 2752 925 2802 et
953 2750 1091 2802 nostroe
1114 2739 1265 2822 reipub.
1296 2739 1501 2804 detrimento
1527 2737 1720 2817 considero]
1763 2738 1883 2801 Osten-

570 2861 663 2904 surus
685 2849 833 2920 quantum
856 2833 932 2896 boui
954 2843 1007 2894 aut
1029 2830 1100 2893 mali
1122 2834 1223 2913 possit
1246 2832 1446 2918 eloquentia,
1470 2835 1508 2895 de
1529 2853 1565 2896 re
1580 2831 1704 2914 publica
1719 2831 1882 2914 loquitur;

570 2945 602 2997 et
624 2943 724 2995 recte.
775 2926 850 2992 Non
868 2926 950 2990 enim
971 2924 1001 2987 in
1023 2923 1158 3006 privatis
1188 2930 1282 2990 rcbus
1305 2925 1483 3009 eloquentia
1506 2925 1709 3007 periclitanda
1731 2935 1801 3000 est,
1824 2927 1884 2989 sed

527 3043 559 3091 2⁵
569 3027 600 3090 in
620 3022 767 3107 publicis.
818 3021 868 3084 lta
888 3021 956 3100 ipse
989 3016 1021 3080 in
1047 3017 1194 3096 ¹{ercinia
1228 3043 1322 3104 quum
1352 3023 1446 3082 dese
1472 3019 1523 3082 vel
1551 3021 1589 3081 de
1618 3015 1793 3101 eloquentia
1825 3038 1884 3082 sua

570 3119 718 3200 optimam
742 3113 961 3197 probationem
984 3112 1132 3186 afferret,
1155 3113 1298 3194 publicas
1321 3133 1430 3176 sarisas
1446 3119 1689 3184 corniueiuorat,
1713 3121 1794 3171 tacet
1814 3109 1884 3192 pri·

570 3223 678 3275 ratast
715 3212 776 3272 Me
797 3206 856 3291 qui
876 3217 926 3270 tot
947 3205 1049 3268 aunis
1069 3205 1105 3270 in
1128 3207 1243 3270 causis
1264 3206 1465 3291 indiciisque
1483 3205 1628 3288 publicis
1650 3201 1701 3264 ito
1721 3203 1787 3264 sim
1808 3225 1884 3266 ner-

570 3316 679 3367 sntus.
723 3303 817 3364 Nune
834 3299 968 3382 denique
991 3309 1025 3361 ut
1046 3301 1165 3363 bonum
1191 3300 1387 3363 demonstret
1413 3298 1627 3382 eloquentiae,
1651 3296 1689 3355 dc
1709 3295 1757 3360 rei
1778 3295 1884 3378 publi-

570 3417 626 3458 cae
655 3391 864 3457 incommodis
902 3391 955 3453 rel
985 3389 1159 3455 commodis
1196 3391 1351 3474 loquitur.
1409 3391 1728 3456 Animadvertendum
1757 3403 1880 3466 tamen,

529 3489 657 3573 eoquod
681 3499 788 3568 partes
810 3506 874 3546 non
896 3486 1006 3548 eodem
1029 3485 1142 3547 ordine
1164 3485 1365 3568 exsequitur,
1403 3506 1468 3568 quo
1490 3487 1673 3568 proposuit.
1721 3484 1777 3548 Ait
1799 3483 1882 3546 enim

570 3601 684 3664 supin,
717 3579 846 3642 Borrine
867 3597 913 3638 on
935 3574 1018 3640 mali
1035 3579 1129 3660 plus.
1173 3578 1266 3640 Nunc
1287 3600 1305 3642 a
1328 3578 1415 3642 malis
1437 3577 1634 3661 eloquentiae
1654 3577 1775 3660 incipit.
1818 3577 1885 3640 Sed

570 3694 666 3754 supra
689 3683 849 3748 naturam,
887 3682 921 3733 ut
942 3668 1097 3746 diximus,
1129 3682 1255 3734 secutus
1277 3684 1345 3735 est:
1380 3693 1462 3734 nitnc
1490 3672 1692 3756 cogitationis
1726 3669 1885 3734 rationem

569 3777 690 3832 servat.
747 3763 806 3828 Illa
843 3761 924 3826 enim
959 3761 1060 3845 prima
1093 3762 1282 3846 cogitationi
1319 3777 1507 3841 occurrunt,
1543 3785 1624 3848 quae
1647 3763 1748 3826 vicina
1769 3772 1842 3824 sunt
1864 3783 1886 3826 a

572 3871 680 3923 nostra
709 3855 871 3922 memoria.
929 3857 1007 3920 Ideo
1037 3867 1068 3918 et
1100 3858 1138 3918 de
1160 3857 1340 3922 recentibus
1363 3869 1394 3920 et
1416 3860 1503 3941 quod
1525 3871 1607 3920 esset
1629 3856 1728 3940 magis
1749 3853 1885 3939 propin-

529 3973 559 4023 ³⁵
570 3974 684 4036 quum,
708 3949 822 4034 elegit,
847 3970 942 4031 quum
963 3947 1026 4023 ait,
1050 3951 1203 4014 Nostrae
1225 3951 1447 4034 reipublicae
1465 3951 1670 4014 detrimenta
1689 3947 1885 4014 considero.

572 4043 793 4108 consideratio
816 4041 898 4106 enim
919 4039 1144 4124 reipublicae
1166 4055 1305 4106 nostrae
1327 4042 1575 4126 praesentiscat.
1620 4039 1885 4126 Ergoquoniam

570 4137 732 4219 bucusque
755 4134 849 4209 inulta
877 4133 1076 4198 incommoda
1105 4155 1164 4216 per
1192 4135 1289 4198 solam
1313 4135 1522 4220 eloquentiam
1543 4137 1590 4198 rei
1612 4135 1759 4218 publicae
1780 4132 1886 4196 conti-

572 4241 703 4313 gerunt,
727 4239 816 4290 recte
842 4248 860 4289 a
882 4226 970 4290 malis
992 4226 1192 4312 eloquentiae
1214 4227 1339 4312 coepit:
1374 4240 1452 4314 post
1473 4229 1613 4292 dicturus
1635 4231 1673 4293 de
1696 4227 1886 4312 antiquiori·

570 4325 630 4386 bus
652 4321 744 4384 bonis
765 4333 797 4383 et
819 4317 919 4383 malis.

529 4441 561 4498 ιι
654 4418 700 4482 Et
732 4411 968 4476 maximarum
994 4409 1173 4476 ciuitatum
1199 4426 1329 4480 ueteres
1360 4413 1477 4479 animo
1505 4415 1630 4498 colligo
1656 4413 1886 4494 calamitates]

570 4508 703 4574 Recedit
724 4505 885 4588 paullatim
909 4525 927 4568 a
949 4525 985 4567 re
1012 4504 1138 4587 publica
1164 4519 1272 4570 nostra
1296 4510 1335 4570 ad
1357 4520 1521 4573 extraneas
1547 4507 1710 4582 civitates,
1744 4515 1886 4570 streete

644 4743 671 4793 2.
690 4733 820 4804 compulit
846 4747 895 4784 eoa
925 4741 953 4783 et
983 4735 1194 4800 congregante]
1246 4731 1378 4788 erutum
1399 4735 1447 4786 Vir
1465 4729 1601 4786 Dominus
1623 4733 1735 4806 Mailley
1757 4731 1884 4806 legebat.

568 4811 777 4881 eoprdaviteos
795 4822 850 4860 etc.
887 4805 940 4861 Sed
960 4812 1130 4859 retinendam
1150 4823 1209 4860 erte
1230 4807 1546 4880 uulgntamlecrionem,
1568 4823 1676 4862 constat
1697 4812 1792 4874 ealle,
1812 4823 1884 4879 quae

569 4901 720 4956 uqnuntnr
739 4889 767 4937 in
786 4883 936 4946 Cicerone,
953 4882 1187 4951 compeditionem
1212 4887 1241 4932 in
1267 4884 1355 4934 locum
1373 4893 1401 4934 et
1420 4901 1489 4936 cona
1472 4889 1625 4954 regnum
1657 4882 1692 4936 nd
1711 4899 1779 4956 quae
1800 4885 1884 4938 uerba

568 4966 612 5016 sin
666 4959 712 5014 bet
730 4959 905 5010 Victorinus·
925 4957 1071 5024 compulit,
1089 4961 1169 5025 qiuari
1189 4961 1342 5008 invitorum
1360 4973 1412 5012 cet.
1435 4959 1519 5014 Care.

683 5032 782 5089 nasale
800 5032 929 5103 legitnr
920 5049 949 5082 ιιι
968 5029 1154 5101 Verburgiena
1174 5029 1313 5100 editione,
1334 5037 1398 5086 anni
1419 5037 1502 5092 siai.
1520 5031 1736 5108 tupitudinem,
1754 5031 1882 5088 darem-

567 5129 642 5166 ιιιιιιιι
657 5110 827 5180 eloquentiae
843 5103 963 5157 studium
982 5119 1037 5157 eet.
1056 5105 1140 5160 Care.

641 5187 687 5245 56.
705 5181 889 5254 reipublicae
907 5181 1033 5246 marae]
1052 5179 1100 5234 sic
1119 5177 1169 5237 Cd.
1189 5181 1312 5238 Bas.-
1332 5198 1387 5238 om.
1407 5190 1522 5236 nostrae
1541 5181 1610 5240 lidd.
1631 5181 1686 5239 Οι.
