4434 5959
563 603 605 667 dt
1070 601 1356 668 vtctotttuns

565 745 736 808 Damnum
756 712 875 806 ‹lotrim
895 761 969 806 esse
989 745 1045 808 M.
1077 743 1194 807 tusum
1221 741 1395 815 concedis:
1422 738 1487 804 uiri
1514 760 1618 804 unam
1642 761 1725 804 rem.
1784 739 1868 804 ltcm

562 835 704 900 adiunxit
726 836 854 898 alteram
876 846 1015 915 partem,
1037 833 1070 897 in
1092 856 1154 918 qua
1175 835 1403 899 consessionem
1422 836 1537 910 docet,
1561 855 1655 918 qttirm
1671 832 1762 897 dicit:
1787 836 1870 900 Vim

561 928 754 992 bominibus
773 927 917 990 muratis
926 925 1071 1018 factam
1092 949 1159 992 non
1181 949 1306 1012 negas:
1327 928 1390 992 nini
1411 931 1567 992 alterum.
1613 928 1714 1002 Post,
1738 929 1813 1011 qnid
1835 929 1868 990 in

562 1019 779 1084 controversia
801 1019 840 1082 sit
860 1018 1032 1101 proponit,
1066 1042 1161 1102 qrtrim
1184 1021 1274 1084 dicit:
1299 1024 1391 1085 Dolo
1412 1025 1501 1084 molo
1510 1019 1659 1108 fuctum
1674 1039 1803 1103 negas:
1824 1021 1870 1084 de

534 1117 623 1178 stoc
650 1113 814 1175 iudicium
840 1123 904 1176 est.
962 1113 1025 1178 Sed
1057 1111 1204 1196 qsioniain
1238 1133 1301 1176 non
1331 1113 1360 1176 iu
1391 1113 1474 1176 omni
1510 1111 1639 1196 negotio
1667 1111 1869 1176 adversarius

560 1209 699 1279 latetur,
724 1205 775 1268 ills
798 1205 893 1267 alters
915 1206 1086 1267 adhibenda
1108 1204 1238 1285 partitio
1259 1217 1322 1277 est,
1347 1227 1425 1286 quse
1446 1203 1624 1269 distributio
1646 1217 1866 1288 nttncupatur,

562 1301 617 1364 nbi
639 1300 736 1362 totius
753 1319 865 1361 cauisse
888 1300 1024 1360 membra
1047 1309 1220 1380 ponuntur.
1263 1299 1385 1360 Vernus
1402 1299 1479 1360 haee
1494 1299 1630 1360 meiitbrn
1651 1309 1702 1360 sut
1717 1319 1752 1360 sa
1775 1310 1864 1373 sunt,

560 1415 641 1477 qliae
662 1412 738 1455 vere
759 1389 791 1453 iu
811 1393 921 1454 eodem
942 1391 1074 1475 negotio
1099 1391 1319 1466 continentur,
1345 1404 1378 1456 ιιι
1400 1392 1431 1455 in
1453 1390 1598 1454 Veri-inis
1618 1392 1657 1452 do
1678 1401 1863 1472 quaestura,

561 1484 794 1568 delegatione,
819 1485 857 1545 de
874 1495 1023 1565 praetura
1043 1483 1177 1562 urbana,
1199 1485 1237 1546 de
1259 1496 1406 1566 praetura
1426 1481 1602 1549 Siciliensi:
1625 1503 1718 1565 qststu
1736 1484 1866 1566 quadri·

518 1585 550 1635 to
561 1578 704 1662 pertitam
727 1575 976 1640 distributionem
995 1574 1093 1640 totius
1111 1576 1318 1641 accusationis
1335 1597 1409 1642 suae
1429 1577 1552 1642 Tullius
1573 1597 1642 1640 esse
1660 1573 1751 1638 dixit.
1782 1576 1866 1639 Item

561 1672 620 1736 slis
636 1669 815 1734 distributio
834 1671 873 1731 de
887 1667 1069 1742 frumento,
1094 1689 1186 1752 quarn
1204 1668 1299 1744 fecit,
1323 1669 1456 1734 dicendo
1474 1680 1622 1751 emptum,
1645 1671 1865 1746 decumanum,

559 1763 767 1828 aestimatum.
817 1763 886 1825 Λιιι
912 1760 940 1824 si
964 1759 1092 1842 partitio
1116 1764 1155 1824 de
1176 1761 1242 1842 ipss
1274 1781 1365 1824 causa
1395 1762 1630 1838 consumitur,
1664 1782 1698 1824 ea
1725 1765 1866 1826 membra

559 1859 651 1944 ponit
672 1869 802 1931 orator,
826 1878 907 1940 quse
928 1853 995 1937 ipse
1016 1854 1145 1938 iugenio
1170 1853 1288 1918 invenit
1313 1866 1344 1918 et
1364 1855 1425 1918 sibi
1446 1856 1576 1918 dicenda
1595 1852 1774 1930 constituit,
1799 1876 1866 1920 non

560 1976 600 2020 ex
623 1952 741 2036 negotii
767 1951 858 2014 lactis
886 1952 925 2012 sd
952 1969 1076 2011 canuam
1105 1946 1258 2029 sumptis,
1293 1949 1350 2010 sed
1372 1946 1640 2032 argumentatione
1665 1945 1803 2010 oratoris
1831 1947 1866 2010 iu

517 2065 548 2114 tt
564 2065 656 2110 causa
673 2044 853 2118 collocatis,
877 2055 912 2106 ut
925 2042 957 2105 in
971 2040 1193 2106 Divinatione:
1216 2043 1294 2124 Ego
1315 2040 1365 2104 sie
1386 2041 1559 2126 intelligo',
1583 2038 1736 2112 iudices,
1758 2061 1867 2123 pssum

558 2140 601 2202 ds
620 2137 774 2220 pecuniis
788 2135 984 2217 repetundis
1000 2133 1154 2218 prenestio
1174 2132 1237 2208 sit,
1261 2132 1292 2195 si
1313 2153 1434 2196 nornen
1452 2133 1642 2215 cuiuspiam
1660 2129 1867 2222 deferatur,-

562 2235 644 2296 lrnen
666 2229 735 2292 duo
754 2229 791 2292 in
812 2228 934 2310 primis
949 2227 1096 2310 spectari
1110 2238 1289 2308 oportere,
1312 2245 1410 2311 quent
1430 2227 1581 2290 monime
1601 2235 1751 2290 actorem
1763 2227 1868 2290 uelint

557 2325 613 2397 iu‘,
636 2323 696 2407 oui
715 2343 775 2384 eos
795 2319 942 2384 iniurius
960 2318 1057 2403 possi
1076 2319 1162 2395 sint,
1184 2330 1217 2381 et
1238 2339 1338 2403 quem
1356 2318 1493 2382 nsinime
1510 2319 1611 2383 uelint
1632 2317 1685 2393 bi,
1720 2319 1781 2403 qui
1804 2341 1868 2384 eas

525 2407 531 2418 ’
557 2415 704 2480 iniurius
719 2412 857 2506 fecisse
887 2425 1097 2497 argrsantur.
1153 2411 1233 2476 lton:
1266 2432 1329 2494 pro
1361 2414 1438 2476 Sex.
1470 2413 1610 2487 Roscio,
1647 2422 1741 2492 quum
1767 2433 1867 2474 unum

515 2510 675 2573 strumen
691 2509 732 2572 sit
753 2506 910 2590 parricidii
932 2528 969 2570 nc
995 2516 1168 2589 propterea
1186 2525 1280 2569 sinum
1299 2505 1480 2588 negotium,
1502 2507 1638 2588 partitur
1661 2513 1764 2567 temen
1783 2505 1867 2568 Tul·

557 2601 619 2666 lios
634 2623 697 2667 non
719 2621 860 2677 causam,
883 2599 1146 2671 redonensem
1169 2597 1302 2662 &endo
1320 2599 1351 2661 in
1366 2597 1502 2674 crimen,
1525 2602 1683 2666 audaciam
1701 2608 1731 2660 et
1750 2609 1867 2680 poten·

557 2695 649 2760 dam:
682 2692 837 2758 criminis
864 2691 1105 2770 consentionem
1129 2702 1310 2754 uocusowr
1338 2693 1486 2756 Erucius
1515 2697 1680 2778 ssucepit:
1699 2694 1867 2760 audaciae

556 2800 674 2874 partes
688 2787 806 2852 Roscii
821 2785 886 2850 sibi
896 2793 1146 2868 poposceumts
1168 2785 1416 2870 Chrysogonus
1433 2797 1547 2849 nutem
1556 2790 1866 2871 potentiopugnut.

640 2883 761 2946 Altero
779 2891 854 2951 est,
887 2878 924 2942 in
950 2899 1018 2964 quo
1042 2899 1159 2940 rerum
1180 2899 1321 2954 eorum,
1351 2878 1537 2962 dequibus
1557 2881 1685 2946 erimus
1715 2880 1864 2956 dicturi,

514 2973 703 3039 :semim
720 2972 892 3056 expositio
907 2972 1052 3054 ponitur
1067 2969 1308 3053 [distribution]
1351 2970 1537 3034 Pas-titionis
1556 2974 1634 3038 duae
1650 2985 1755 3055 partes
1773 2984 1865 3047 sunt:

558 3088 642 3144 nna,
666 3087 746 3151 quse
778 3065 854 3150 quid
875 3086 944 3128 cnut
967 3061 1157 3128 adversariis
1178 3061 1346 3126 conveniat
1367 3062 1484 3126 indicat
1504 3075 1555 3139 st,
1584 3066 1660 3151 qnid
1681 3069 1710 3131 in
1733 3078 1867 3130 contro·

561 3158 666 3223 versia
694 3159 753 3234 sit,
787 3160 998 3230 demonstrat:
1032 3157 1147 3232 altera,
1172 3177 1252 3240 quae
1274 3157 1387 3220 dicitur
1414 3157 1611 3223 distributio:
1648 3162 1726 3224 baec
1757 3161 1867 3222 eadem

556 3252 693 3333 duplex:
730 3271 799 3314 nam
829 3263 883 3314 aut
911 3271 949 3313 ea
971 3251 1110 3312 membra
1139 3248 1299 3326 continet,
1336 3271 1417 3335 quae
1438 3251 1469 3313 in
1491 3273 1586 3318 causa
1607 3264 1696 3328 sunt:
1733 3263 1787 3316 ant
1808 3273 1864 3328 ea,

556 3365 637 3428 quae
658 3343 787 3426 iugenio
809 3341 901 3424 lingit
922 3353 1047 3406 orator.

514 3452 547 3503 so
641 3437 772 3520 Quibus
793 3436 894 3498 dietis
914 3435 1084 3518 intelligat
1092 3430 1187 3523 sore
1206 3435 1418 3518 peroratum]
1442 3435 1619 3520 Praecipit,
1643 3449 1677 3502 ut
1691 3436 1866 3521 partitione

555 3529 714 3611 completa
734 3528 810 3592 nibil
831 3527 966 3610 amplius
988 3528 1125 3590 dicsmtu
1146 3538 1273 3608 praeter
1293 3529 1540 3594 conclusionem.
1644 3605 1651 3620 ·

638 3625 735 3705 stue
752 3620 921 3703 postitio,
943 3619 1025 3704 quid
1038 3620 1215 3684 conueniat
1227 3632 1289 3684 out
1304 3622 1388 3706 quid
1401 3643 1468 3687 non
1485 3624 1680 3700 conueniat,
1703 3625 1867 3706 ostendit]

555 3713 595 3779 ln
614 3713 675 3776 bac
694 3712 868 3796 partitione
895 3712 946 3790 id,
981 3714 1069 3796 quod
1097 3713 1294 3778 adversarius
1317 3716 1505 3791 confitetur,
1542 3719 1582 3780 ad
1602 3739 1715 3781 censae
1736 3731 1868 3782 nostrae

554 3808 753 3872 commodum
775 3820 834 3870 nos
856 3809 950 3871 docet
970 3806 1119 3869 inclinare
1142 3807 1270 3870 debere.
1330 3809 1373 3871 Et
1395 3811 1447 3872 dat
1476 3809 1679 3890 exemplum:
1722 3810 1749 3874 si
1784 3811 1868 3876 diost

513 3921 545 3970 ss
558 3911 736 3976 aecusator,
751 3900 889 3963 Matrem
900 3899 1036 3963 occisam
1046 3900 1086 3960 ab
1097 3898 1286 3963 Orestelilio
1302 3911 1438 3966 constat.
1454 3901 1521 3964 lam
1537 3923 1630 3984 quirin
1643 3902 1704 3968 ait:
1721 3915 1868 3968 matrem

554 3992 678 4071 ofilio
698 4003 831 4056 constat
851 3992 1017 4063 occisam:
1037 3989 1088 4066 id,
1120 3994 1206 4074 quod
1227 3993 1425 4058 adversarius
1447 3995 1635 4072 confitetur,
1659 3997 1699 4058 :d
1718 4017 1752 4060 se
1776 3995 1868 4059 incli-

556 4096 622 4149 nat.
666 4083 933 4152 consideratione
955 4083 1036 4147 eninr
1056 4081 1215 4166 sanguinis
1238 4104 1300 4148 non
1324 4084 1448 4150 videtur
1469 4086 1612 4150 debuisse
1634 4107 1653 4150 a
1673 4087 1739 4151 lllio
1762 4094 1864 4150 mater

555 4177 671 4244 occidi.
720 4177 844 4242 Deinde
874 4176 1006 4240 sidicat
1036 4177 1169 4240 Orestes
1199 4177 1250 4238 vel
1272 4177 1339 4241 eius
1367 4179 1535 4244 defensor:
1570 4183 1711 4246 Constat
1736 4201 1760 4242 o
1780 4183 1864 4266 oty-

556 4283 765 4336 tuemnsstro
787 4274 1079 4355 Agamemnonem
1100 4268 1263 4332 maritum
1288 4271 1455 4346 occisum,-
1486 4273 1716 4338 confessionem
1746 4275 1864 4336 adver-

512 4363 631 4432 tnssrii
658 4365 726 4428 sinc
754 4366 851 4429 dubio
882 4366 921 4428 sd
949 4385 985 4428 se
1016 4361 1160 4438 inclinat:
1199 4361 1451 4428 consideratione
1481 4365 1562 4428 eninr
1590 4366 1667 4430 iuris
1696 4363 1800 4430 occidi
1821 4368 1864 4428 ab

628 4605 655 4658 2.
674 4600 821 4672 adinum]
841 4631 878 4646 -
896 4601 1012 4654 adductt
1035 4597 1106 4656 cod.
1137 4601 1201 4656 Bne.
1241 4599 1331 4654 Tum:
1356 4617 1437 4671 quum
1456 4597 1547 4650 durs.-
1566 4613 1618 4648 ssa
1636 4592 1789 4648 bnmlsrtbus
1807 4611 1864 4644 ru·-

553 4679 639 4730 uns
656 4693 713 4729 non
731 4693 818 4746 negas
837 4693 894 4728 om.
913 4695 938 4730 s.
949 4674 1078 4747 factam.
1097 4675 1155 4728 Sex
1174 4675 1246 4729 tund
1267 4671 1359 4729 orsitm
1377 4693 1409 4727 ex
1430 4673 1508 4727 Vtm.
1527 4671 1581 4725 Οι.

628 4755 674 4810 17.
692 4769 770 4822 quem
789 4755 909 4802 mestun
927 4758 1051 4803 actorem
1069 4753 1139 4820 ceu]
1168 4751 1314 4820 Perperna:
1341 4749 1387 4802 hlc
1416 4746 1555 4820 legsbstur
1582 4743 1671 4810 olim,
1702 4749 1864 4794 auctorem:

447 4881 453 4890 ,
552 4824 602 4882 sed
631 4824 777 4898 legendnm
806 4842 866 4878 csse
895 4835 1032 4888 actorem,
1050 4843 1091 4877 ex
1124 4831 1183 4898 ipso
1212 4825 1346 4878 Cicerone
1366 4828 1433 4876 satis
1454 4835 1554 4902 paret:⁸
1573 4817 1645 4892 spnd
1664 4835 1744 4888 quem
1771 4831 1865 4870 temen

551 4901 631 4955 locus
642 4901 688 4954 btc
701 4915 765 4953 cnm
778 4902 870 4971 sltqns
886 4899 1030 4952 verborum
1050 4901 1208 4953 diversitate
1229 4903 1380 4972 reperitur:
1394 4903 1456 4970 quta
1476 4899 1583 4950 sctttcer
1600 4895 1756 4947 Victorinus
1769 4907 1866 4944 noster

553 4973 589 5030 sd
607 4991 718 5029 sensnm
731 4980 818 5048 magts
832 4989 914 5046 qnam
927 4973 961 5026 ad
976 4976 1056 5028 verbs
1070 4979 1129 5047 ipsa
1143 4979 1269 5046 respecti.
1289 4975 1373 5028 Cirr.
1393 4973 1546 5048 (erectorem
1559 4973 1642 5024 estam
1657 4968 1707 5022 Cd.
1721 4967 1783 5020 Bis.
1796 4964 1865 5039 Os.)

626 5054 672 5110 25.
691 5049 890 5120 dtssrtsuuvs]
911 5048 990 5122 Apud
1009 5050 1070 5103 Cir.
1088 5065 1129 5102 est
1148 5048 1310 5104 distributa.
1332 5049 1447 5103 Omittit
1468 5047 1521 5100 boc
1541 5063 1565 5100 ιι.
1585 5041 1634 5099 cd.
1653 5043 1718 5098 Bes.
1738 5041 1791 5094 Os.

626 5129 673 5187 52.
692 5153 730 5169 -
748 5134 775 5178 et
793 5125 861 5196 pus'd
878 5142 934 5177 non
953 5123 1023 5181 cod.
1042 5125 1105 5180 Bne.
1126 5125 1179 5180 Os.
