4434 5959
803 581 853 648 ut
874 581 1097 650 SOMNIUM
1120 581 1365 650 SCIPIONIS.
1680 585 1741 650 tot

721 779 877 854 longitude
984 782 1012 835 ll
1155 781 1198 836 lll
1287 779 1442 854 Longltndn

719 945 850 1002 Latltndo
980 949 1020 1003 1v
1134 949 1215 1004 Vllll
1287 946 1418 1002 Latitudo

691 997 842 1249 'Altitudo
905 1002 913 1230 Ι
962 1115 1031 1172 vm
1090 1005 1268 1228 ffil
1287 1114 1413 1170 Altitudo

427 1290 511 1354 Tum
534 1289 687 1361 adverte,
721 1286 810 1368 quod
831 1301 950 1348 summa
972 1285 1195 1368 descriptionis
1219 1284 1342 1348 climata
1362 1285 1599 1370 complectitur,
1631 1309 1743 1372 nempe

426 1392 569 1465 septemr
606 1392 638 1444 et
661 1379 726 1443 boc
747 1379 788 1440 ad
807 1377 981 1460 potentiam
1013 1381 1135 1442 nstmeri
1164 1379 1337 1462 septenarii
1365 1379 1546 1446 referimus.
1601 1382 1682 1446 Nam
1712 1393 1744 1446 et
1873 1402 1876 1408 ’

426 1477 524 1541 Plato
545 1495 641 1558 quum
666 1471 853 1535 divisionem
875 1472 1008 1553 primam
1034 1493 1075 1536 ex
1097 1485 1222 1536 cratere
1242 1471 1298 1538 illo
1319 1493 1398 1550 suo,
1422 1495 1487 1558 quo
1509 1472 1641 1537 animam
1663 1486 1744 1538 tem·

424 1571 576 1654 perabat,
609 1567 747 1631 efficeret
767 1576 800 1629 et
827 1565 915 1648 dupli
938 1586 976 1628 ae
997 1565 1084 1649 tripli
1103 1565 1267 1629 distantias
1288 1565 1571 1650 propinquioribus
1592 1580 1745 1651 prorata

426 1675 520 1748 parte
541 1659 679 1725 numeris
699 1658 881 1737 inferciret,
906 1661 1012 1723 eadem
1032 1658 1327 1741 posuit'intervalla
1348 1659 1553 1745 primigenia;
1575 1660 1606 1724 in
1628 1661 1769 1746 quibnss

428 1759 557 1840 dempto
578 1754 636 1820 illo
658 1752 820 1837 principe,
858 1751 914 1838 qui
939 1751 1114 1817 communis
1134 1751 1282 1817 omnibus
1303 1753 1458 1817 lateribus
1478 1752 1658 1832 invenitur,
1692 1776 1745 1818 rc·

429 1862 554 1914 manent
575 1869 695 1912 summe
717 1869 776 1912 sex
793 1845 938 1922 numeri,
961 1858 997 1909 ιιι
1013 1844 1128 1910 dictum
1151 1859 1217 1923 est,
1241 1847 1379 1930 potentis
1394 1860 1488 1931 atque
1507 1849 1663 1931 perlecti,
1686 1871 1745 1933 per

429 1965 523 2028 quem
553 1942 613 2006 bos
636 1943 716 2004 duos
745 1942 846 2005 cubos
875 1938 1001 2003 sibimet
1026 1939 1144 2004 mixtos
1173 1941 1202 2004 si
1227 1939 1435 2024 multiplices,
1472 1941 1504 2006 iu
1532 1945 1686 2008 ducentos
1714 1955 1746 2008 ct

428 2041 538 2102 decern
560 2036 701 2099 cumulus
723 2033 784 2097 istc
806 2032 966 2096 transibit.
1023 2033 1105 2097 Nam
1130 2053 1206 2098 vsu.
1230 2046 1396 2098 crxxru.
1425 2035 1505 2099 fiunt
1522 2057 1625 2100 xxxv.
1670 2037 1746 2103 Hoc

427 2129 532 2196 sexies
552 2130 679 2205 ducitn;
715 2127 831 2204 iacies,
854 2137 891 2191 ιιι
911 2147 1007 2210 snpra
1027 2127 1273 2210 proposuimus,
1307 2130 1459 2195 ducentos
1480 2141 1513 2193 ct
1534 2131 1660 2196 decerna
1691 2131 1788 2216 quito
1873 2161 1875 2166 ·

426 2224 547 2288 dicrum
564 2243 714 2286 numerus
728 2233 851 2305 septem
871 2240 993 2284 menses
1008 2219 1159 2285 absolvit.
1203 2221 1274 2284 Hac
1295 2221 1421 2287 ratione
1443 2233 1555 2306 partus
1573 2222 1627 2288 ille
1647 2224 1747 2306 septi·

427 2340 536 2382 manus
558 2329 608 2383 est
630 2317 758 2401 plenus.
815 2314 902 2378 Vide
929 2313 1043 2378 iterum
1073 2315 1174 2378 rubos
1199 2314 1248 2378 bis
1271 2316 1409 2380 numeris
1431 2315 1599 2382 contineri.
1658 2317 1744 2382 Octo

426 2412 540 2477 binarii
567 2411 693 2496 generis
725 2411 825 2473 cubus
852 2419 914 2472 cst.
971 2431 1080 2472 xxvii.
1110 2408 1321 2490 septenarium
1351 2409 1571 2474 contineutin
1600 2410 1745 2494 reliquis.

426 2508 510 2570 Nam
532 2524 652 2570 summa
675 2503 796 2581 maior,
821 2500 954 2586 quaein
981 2501 1094 2588 viginti
1116 2514 1182 2580 est,
1206 2503 1353 2568 binorum
1374 2505 1508 2568 laterum
1529 2505 1646 2580 instara
1668 2504 1744 2570 reli·

428 2622 510 2687 quae
532 2611 604 2663 sunt
628 2598 696 2662 cius
716 2596 749 2660 iu
771 2609 911 2680 septem,
950 2617 1042 2679 quem
1065 2596 1193 2680 plemtnr
1215 2595 1248 2660 in
1268 2597 1332 2662 loei
1349 2597 1441 2661 huius
1465 2599 1666 2680 expositione
1685 2600 1745 2664 iarn
1758 2612 1789 2664 tt

428 2695 481 2758 diu
505 2691 802 2758 demonstravimus.
853 2691 907 2755 Ad
927 2691 1010 2752 bunc
1028 2709 1190 2752 numerum
1212 2688 1378 2767 cubicum,
1404 2703 1439 2754 ιιι
1458 2692 1603 2758 Varroni
1621 2693 1744 2776 placet,

426 2788 546 2852 lunaris
567 2807 679 2850 cursus
694 2785 843 2871 congruit
859 2781 1040 2859 revolutio,
1065 2805 1145 2867 quae
1161 2783 1191 2846 in
1207 2806 1314 2848 xxvrr.
1338 2785 1447 2848 diebus
1463 2806 1555 2851 omne
1570 2785 1649 2850 tanti
1664 2785 1747 2850 side·

427 2883 472 2948 ris
494 2884 600 2946 lumen
622 2880 780 2945 exhaurit.
824 2880 917 2944 Adde
943 2877 1030 2962 quod
1049 2889 1183 2942 octavus
1205 2877 1256 2942 bie
1278 2899 1425 2944 numerus
1447 2877 1567 2944 dierum
1589 2880 1746 2946 noctium-

429 2999 492 3064 que
508 2985 669 3040 crementa
687 2971 859 3039 convertit.
903 2971 987 3033 Nam
1005 2992 1100 3053 quum
1124 2982 1272 3036 octavam
1295 2971 1401 3037 arietis
1424 2983 1546 3056 partem
1567 2973 1618 3038 sol
1639 2972 1747 3057 ingre-

429 3072 534 3147 ditur,
558 3069 636 3134 lucis
658 3071 852 3151 umbraeque
876 3085 1053 3128 mensuram
1072 3064 1203 3146 paribus
1226 3065 1390 3131 momentis
1413 3079 1589 3150 exaequat:
1612 3065 1747 3152 indeque
1757 3086 1789 3136 to

428 3167 469 3229 ad
494 3163 614 3231 Cancri
642 3175 791 3228 octavam
820 3171 942 3242 partem
964 3157 1021 3220 lux
1053 3169 1143 3222 aucta
1175 3161 1379 3242 producitur.
1432 3163 1525 3228 Unde
1546 3159 1605 3224 alia
1634 3181 1747 3225 rursus

427 3259 618 3346 aequalitate
645 3256 830 3340 regreditur
852 3255 892 3316 ad
913 3251 1034 3314 Librae
1058 3264 1203 3317 octavam
1226 3266 1371 3336 partem,
1406 3267 1442 3320 ut
1466 3255 1544 3319 liant
1570 3255 1647 3320 solis
1670 3276 1749 3320 con·

426 3353 579 3418 tractiora
609 3348 780 3415 curricula.
839 3343 1028 3411 Novissime
1053 3345 1163 3430 pigras
1190 3369 1228 3411 ac
1251 3349 1367 3414 breves
1389 3351 1525 3414 borasa
1555 3347 1749 3432 Capricorni

424 3445 595 3512 humiliore
624 3455 707 3508 meta
727 3441 928 3526 restringens
951 3436 984 3502 iu
1010 3439 1177 3505 solstitium
1202 3441 1307 3519 aliud,
1340 3447 1428 3530 quod
1447 3444 1590 3508 brumale
1613 3443 1746 3525 dicitur,

425 3539 546 3616 tendit,
571 3559 609 3602 ac
633 3537 679 3601 sic
706 3536 829 3600 alterno
849 3529 1029 3597 discrimine
1058 3532 1126 3596 dies
1149 3555 1166 3596 a
1194 3535 1343 3600 noctibus
1369 3539 1560 3622 umbraeque
1582 3557 1601 3601 a
1624 3538 1748 3603 solibus
1758 3541 1790 3594 2⁵

427 3644 637 3741 superantur,
676 3642 809 3696 octavae
836 3627 935 3712 partis
957 3613 1184 3714 quadrilariam
1207 3629 1306 3694 limite
1330 3631 1509 3714 disparato,
1538 3639 1575 3694 ut
1596 3629 1748 3715 aequino-

429 3727 490 3791 ctia
512 3728 597 3801 duo,
621 3721 753 3788 solstitia
776 3721 906 3788 totidem
930 3733 1147 3786 numerentur.
1206 3721 1297 3788 Caeli
1328 3723 1457 3788 veroin
1481 3726 1564 3788 bunc
1586 3745 1747 3790 numerum

430 3821 547 3896 orbes,
576 3838 633 3882 scu
653 3815 742 3881 Deus
764 3815 900 3896 artilex,
927 3835 983 3878 seu
1005 3826 1118 3878 natura
1140 3818 1282 3899 prudens
1307 3815 1476 3900 disposuit.
1520 3817 1602 3880 llam
1627 3819 1748 3900 primus

428 3936 467 3979 ac
489 3931 633 3977 summus
664 3921 713 3974 est
733 3903 893 3988 ἇιιλανής.
952 3906 1016 3988 Qui
1048 3907 1124 3994 quia
1152 3931 1279 3993 semper
1312 3931 1375 3976 ιιιιο
1404 3931 1441 3974 ac
1460 3909 1528 3996 iugi
1549 3910 1748 3978 continuatus

429 4007 538 4094 agitur
559 4016 669 4081 motu,
703 4002 780 4066 nulli
801 4002 927 4068 ridetur
947 3999 1052 4064 errori
1073 4023 1144 4066 csse
1166 4004 1338 4068 subiectus.
1399 4005 1467 4068 Sub
1488 4024 1529 4069 eo
1551 4005 1747 4087 planetarum
1759 4013 1792 4064 ιι

430 4113 503 4168 ιιιιιι
527 4123 558 4166 r.
582 4096 693 4162 circuli
717 4109 748 4161 et
769 4095 847 4162 solis
864 4117 902 4159 ac
924 4095 1015 4158 lunae
1038 4095 1209 4162 curricula.
1253 4099 1334 4162 Nam
1356 4109 1463 4176 terra,
1488 4109 1523 4162 ut
1541 4096 1585 4161 ait
1608 4099 1748 4175 Tullius,

431 4217 533 4272 nona,
567 4192 698 4258 immota
719 4213 847 4274 semper
870 4189 945 4254 sedc
970 4203 1092 4266 maneta
1127 4203 1158 4256 ct
1186 4193 1226 4254 ab
1258 4191 1385 4257 illorum
1415 4192 1552 4257 motibus
1578 4204 1750 4277 scgregata

431 4289 561 4374 obstipo
581 4289 724 4371 pondere
738 4285 842 4350 delixa
864 4283 1016 4348 subsedit.
1059 4284 1200 4351 Additur
1221 4283 1342 4362 causis,
1367 4287 1454 4370 quod
1470 4285 1501 4350 in
1522 4283 1639 4348 musica
1655 4295 1750 4348 tontes

430 4397 565 4452 octavae
588 4382 689 4464 partis
709 4380 905 4446 detractione
928 4377 1072 4442 consistit
1091 4399 1151 4461 per
1174 4399 1354 4456 numerum,
1379 4377 1434 4464 qui
1456 4379 1627 4463 epogdous
1648 4377 1750 4441 nomi·

429 4490 537 4544 natur.
588 4477 664 4541 lure
686 4473 786 4561 igitur
807 4484 940 4538 aetatem
972 4471 1108 4536 bominis
1127 4471 1160 4535 bi
1185 4471 1308 4536 numeri
1331 4483 1528 4556 temperante
1559 4491 1694 4558 quorum
1717 4471 1793 4538 inst

429 4584 561 4636 naturae
581 4568 679 4633 totius
700 4589 794 4632 causa
815 4565 978 4652 potentia,
1014 4586 1107 4652 quam
1131 4565 1240 4650 colligi
1263 4568 1397 4630 duorum
1421 4566 1609 4631 altrinsecus
1631 4566 1750 4630 subdu·

430 4663 539 4729 ctione
557 4660 781 4746 perspicimus.
841 4659 905 4741 Qui
926 4681 1075 4724 numerus
1098 4659 1242 4726 Africani
1268 4660 1380 4725 elausit
1405 4673 1554 4738 aetatem,
1587 4658 1640 4722 bie
1669 4681 1751 4768 qqo·

430 4779 492 4842 que
513 4756 712 4866 plenissimus
737 4755 949 4840 intelligitur,
983 4751 1058 4837 quia
1085 4763 1118 4817 et
1144 4752 1287 4818 ordinem
1310 4754 1482 4819 naturalem
1505 4775 1566 4838 per
1585 4735 1751 4839 analogiae

431 4851 597 4917 constituit
616 4849 796 4928 rationem,
830 4860 864 4913 et
884 4870 924 4913 ex
948 4849 990 4912 iis
1011 4847 1156 4929 partibus
1179 4858 1326 4928 constat,
1350 4845 1383 4912 iu
1405 4847 1520 4931 quibus
1542 4861 1590 4914 cst
1610 4847 1750 4913 miranda

430 4944 606 5028 perfectio,
640 4943 760 5021 idest,
796 4964 922 5008 axrrrs.
945 4940 1140 5025 duplicans'
1132 4964 1162 5006 ιιι
1195 4963 1359 5007 summam.
1410 4944 1493 5006 Natu
1516 4964 1549 5010 n.
1569 4965 1749 5031 propinque
1762 4957 1794 5010 to

433 5040 583 5102 debemus
615 5038 779 5121 accipere,
821 5033 913 5100 sicuti
947 5055 1009 5119 pro
1040 5038 1173 5101 monade
1195 5038 1357 5102 decadem.
1416 5035 1565 5123 Quinque
1586 5047 1688 5102 autem
1719 5037 1751 5102 in

431 5127 599 5210 Ἲιῃ
617 5149 703 5223 quor?
722 5127 864 5208 oss-dt.
883 5146 959 5202 l‘crr.
977 5145 1056 5200 Naar
1074 5145 1106 5202 l.
1123 5163 1178 5220 pro
1196 5150 1312 5220 quinque
1330 5145 1635 5206 deterrumum.
