4434 5959
524 592 587 658 388
977 591 1174 660 BOETHlI
1195 593 1287 658 LlB.
1310 593 1376 658 vl.

526 733 747 797 occultandum
768 733 873 809 soret,
897 732 980 796 haud
1002 732 1161 799 continet:
1187 755 1267 818 quiae
1289 731 1410 800 idcirco
1432 734 1549 798 habent
1571 731 1791 799 anctoritatem
1807 737 1845 798 ad

527 827 755 912 [faciendam]
783 827 895 904 fidem,
928 827 1004 912 quia
1029 827 1217 911 simpliciter
1244 828 1369 910 prodita
1397 840 1471 892 sunt
1494 847 1553 892 nec
1576 828 1651 892 ulla'
1665 829 1846 892 calliditatis

525 933 593 984 arte
624 922 765 1003 prolata.
812 921 896 1002 Quin
921 922 1012 985 ctiam
1035 920 1218 1008 ignorantia
1253 943 1447 1004 puerorum,
1487 920 1678 998 vinolentia,
1715 943 1846 986 somnus

525 1017 679 1099 quaedam
699 1036 795 1098 saepe
809 1015 965 1098 produxit
981 1014 1015 1077 in
1032 1017 1184 1080 mediumt
1207 1015 1239 1078 in
1261 1015 1374 1100 quibus
1391 1014 1417 1079 si
1436 1014 1584 1079 iudicium
1602 1015 1713 1082 luisset
1734 1017 1846 1093 ullum,

501 1109 652 1189 sprolata
676 1130 740 1173 non
761 1120 878 1172 essent.
923 1109 1026 1189 Saepe
1048 1110 1141 1174 etiam
1163 1107 1308 1172 homines
1333 1119 1463 1190 praeter
1485 1109 1578 1172 ullam
1601 1109 1694 1174 animi
1717 1123 1847 1192 pertur-

527 1203 688 1267 bationem
715 1203 930 1285 imprudentes
962 1203 1095 1286 propria
1118 1203 1322 1268 consessione
1348 1201 1481 1288 obligati
1511 1215 1603 1278 sunt,
1637 1206 1709 1266 dum
1733 1216 1850 1268 crructa

527 1295 713 1377 simpliciter
738 1297 918 1373 adrandum,
959 1318 1039 1380 quae
1072 1297 1132 1360 sihi
1154 1297 1299 1361 nocitura
1325 1318 1391 1361 non
1419 1295 1620 1371 existimant,
1656 1307 1691 1358 nt
1715 1297 1848 1361 Staieno

528 1389 674 1454 evenisse
696 1388 886 1473 proposuit,
910 1389 964 1474 qui
983 1391 1176 1474 interposito
1192 1391 1314 1474 pariete
1329 1389 1464 1455 testibus
1483 1389 1683 1454 audientibus
1703 1409 1740 1453 ea
1769 1413 1848 1455 con·

526 1484 630 1549 lessus
651 1495 700 1548 est
722 1485 902 1566 imprudens
924 1506 959 1572 se
984 1486 1025 1547 ab
1042 1484 1259 1548 insidiantibus
1280 1485 1401 1562 audiri,
1426 1485 1542 1570 quibus
1561 1481 1700 1568 vulgatis
1718 1481 1751 1546 in
1766 1482 1849 1548 iodi-

487 1577 674 1662 mniumque
695 1578 831 1661 prolatis
861 1578 990 1661 capitali
1008 1578 1162 1642 sententia
1186 1581 1410 1642 condemnatus
1428 1589 1495 1642 est:
1546 1577 1654 1660 Atque
1675 1575 1755 1639 haec
1777 1578 1848 1662 qni-

529 1674 597 1734 dem
620 1671 800 1756 ignorantia
821 1673 853 1736 in
868 1672 1052 1738 necessitate
1071 1683 1119 1735 est
1138 1672 1322 1737 constituta.
1366 1675 1447 1756 Nam
1470 1670 1524 1757 qui
1540 1669 1659 1746 nescit,
1685 1669 1735 1747 id,
1759 1674 1849 1756 quod

527 1765 680 1850 ignorat,
715 1765 803 1829 neni
825 1766 902 1829 velit
928 1766 1053 1851 quidem
1077 1765 1197 1848 poterit
1227 1765 1361 1830 evitare.
1420 1766 1510 1847 Quae
1539 1775 1642 1828 autem
1668 1765 1848 1828 necessitas

529 1869 727 1943 extorquet,
763 1858 833 1941 ipsa
859 1861 1092 1942 quodammodo
1126 1859 1252 1924 videtur
1276 1859 1394 1924 veritas
1424 1860 1549 1933 dicere,
1585 1869 1678 1942 atque
1704 1855 1779 1923 ideo
1806 1860 1852 1922 eis

529 1952 629 2016 veluti
659 1953 849 2019 auctoritate
877 1951 1021 2016 subnixis
1052 1953 1132 2017 lldes
1165 1953 1343 2016 adhibetur.
1399 1949 1579 2018 Concursio
1613 1949 1706 2014 etiam
1743 1973 1853 2016 rernm

488 2065 519 2115 15
529 2046 732 2110 fortuitarum
749 2046 827 2111 lacit
849 2047 964 2110 fidem:
1002 2067 1083 2135 qrrae
1109 2066 1205 2129 quum
1228 2043 1417 2131 aliquotiens
1442 2046 1523 2112 falsa
1546 2042 1709 2127 designet,
1747 2057 1853 2110 tamen

528 2138 573 2202 ita
594 2149 643 2202 cst
662 2140 850 2216 vehemens,
875 2151 910 2202 ut
932 2161 967 2203 se
992 2140 1033 2202 ab
1055 2159 1093 2201 ea
1114 2137 1232 2202 veritas
1255 2139 1416 2226 explicare
1442 2139 1498 2204 vix
1519 2136 1639 2220 possin
1662 2139 1756 2221 quale
1781 2153 1853 2216 est,

531 2233 617 2316 quod
645 2234 684 2295 de
716 2232 886 2296 Palamede
906 2243 1077 2297 narratur:
1117 2233 1230 2311 Phryx
1259 2232 1452 2309 exstinctus,
1490 2232 1546 2318 qui
1566 2227 1658 2316 quasi
1678 2252 1695 2295 a
1719 2232 1853 2298 Priamo

529 2324 642 2388 missus
657 2323 838 2403 videretur,
862 2337 1011 2408 repertae
1025 2323 1146 2390 Priami
1162 2324 1288 2400 literae,
1312 2325 1459 2410 Phrygia
1479 2347 1587 2398 inaniis
1605 2321 1748 2402 imitatu
1770 2347 1854 2412 quae

530 2417 752 2481 concurrentia
766 2418 859 2482 lidem
872 2420 1017 2483 lacerent
1032 2416 1235 2500 proditionis.
1279 2416 1365 2482 Hinc
1379 2419 1455 2482 dicit
1473 2417 1612 2486 Cicero:
1648 2419 1738 2485 Talis
1754 2419 1850 2484 etiam

486 2528 520 2580 2⁰
528 2508 732 2573 fortuitarum
755 2532 862 2575 rerum
883 2510 1053 2578 concursio
1076 2522 1136 2575 est.

613 2603 712 2667 Libri
731 2606 834 2670 sexti*
842 2627 929 2692 pare
950 2618 1111 2670 extremo
1130 2617 1164 2670 et
1184 2606 1350 2688 septimus
1371 2619 1465 2672 totus
1486 2607 1741 2672 desiderantur.

606 2805 633 2852 1.
651 2793 765 2863 liaberet]
786 2797 864 2852 Eine.
884 2799 953 2850 Ven.
972 2823 1009 2840 -·
1027 2793 1112 2848 habet
1131 2801 1226 2850 cereri.
1256 2801 1282 2852 2.
1294 2795 1463 2868 faciendam
1483 2797 1545 2853 add.
1565 2801 1652 2854 Parls.
1674 2805 1699 2858 7.
1721 2799 1850 2870 Staieno]

530 2867 604 2922 Eine.
624 2897 662 2912 -
681 2870 805 2922 Staterr'o
823 2869 894 2923 Edd.
943 2874 973 2930 9.
996 2871 1168 2942 imprudens]
1196 2873 1272 2927 Eius.
1299 2873 1368 2929 Veu.
1397 2871 1443 2926 llle
1469 2891 1530 2928 cum
1550 2873 1640 2948 glossa
1660 2875 1852 2931 interllnearl:

530 2947 550 2999 t.
570 2963 593 2997 e.
613 2949 732 3000 nescius.
756 2975 786 2988 -
807 2951 946 3015 ignorans
964 2951 1058 3001 ceteri.
