4434 5959
1684 516 1695 553 ι
1804 504 1810 517 .

547 602 607 663 tto
1051 596 1337 665 VICTORINUS

628 737 694 803 His
715 759 800 821 ergo
832 758 879 799 ex
907 737 1063 819 partibus
1091 736 1196 811 inuis,
1234 734 1398 820 quidquid
1420 746 1482 799 aut
1502 756 1549 798 ea
1568 735 1646 819 ipsa
1665 758 1704 800 re
1724 749 1786 801 asti
1806 761 1855 801 ex

527 830 649 893 'simili
669 843 729 893 aut
750 854 797 893 ex
829 829 958 892 maiore
987 830 1155 893 minoreve
1177 830 1268 891 nasci
1290 828 1472 904 videbitur,
1496 850 1658 913 quemque
1678 832 1856 895 attendere

544 938 646 1008 atque
678 925 798 988 elicere
827 924 1055 1006 pertentando
1084 943 1355 1005 unamquamque
1383 934 1519 1004 partem
1547 923 1636 986 iuris·
1671 924 1854 1007 oportebit]

545 1018 659 1081 Diviso
683 1018 750 1079 inre
772 1017 856 1081 omni
876 1016 908 1077 in
934 1028 1097 1090 antissam,
1129 1016 1403 1089 consuetudinem,
1428 1016 1534 1099 teges,
1558 1018 1610 1078 dat
1631 1030 1852 1097 praeceptum,

520 1112 580 1172 ⁵ut
602 1124 784 1194 orgttmentn
812 1130 984 1181 sumamus,
1023 1109 1074 1171 vel
1097 1130 1177 1193 qum
1200 1129 1240 1170 ex
1264 1108 1328 1189 ipsa
1350 1128 1385 1169 re
1407 1119 1591 1183 sumuntur,
1630 1109 1680 1171 vel
1709 1129 1791 1193 quae
1812 1131 1855 1172 ex

546 1204 711 1266 similiani
734 1203 851 1286 unione
873 1214 926 1264 uu
948 1201 1080 1265 minore.
1134 1204 1242 1263 Locos
1272 1211 1373 1261 nutem
1403 1220 1582 1263 communes
1604 1204 1679 1265 dare
1701 1222 1734 1263 se
1757 1212 1856 1283 negat

545 1318 642 1378 posse
663 1310 767 1359 certos
790 1295 820 1358 in
842 1294 983 1378 singulos
1005 1293 1280 1357 constitutiones.
1304 1292 1428 1355 Etenim
1451 1312 1545 1375 quum
1569 1294 1631 1355 dito
1647 1314 1762 1377 genens
1778 1294 1852 1370 sint,

547 1411 681 1473 quorum
704 1389 833 1450 alterum
856 1386 904 1449 cci
935 1386 1047 1449 dubiae
1070 1388 1328 1470 approbationem
1359 1388 1500 1449 ducendo
1532 1387 1712 1468 generalem
1735 1398 1853 1449 tescia-

545 1495 610 1545 tnm
639 1483 750 1556 habet,
786 1483 916 1543 alterum
951 1480 998 1541 rei
1032 1493 1138 1543 certae
1174 1474 1314 1542 continet
1343 1478 1634 1559 nauplificstionem3
1672 1480 1853 1542 necessario

504 1579 658 1638 ¹⁰cnusne
680 1574 782 1656 ipsine
798 1572 932 1636 facultas
950 1574 1112 1657 suggerit,
1137 1572 1255 1654 siquid
1277 1569 1528 1652 amplificationis
1554 1583 1607 1634 aut
1628 1570 1854 1653 indignationis

545 1668 846 1751 conquestionisquc
867 1665 1015 1728 nescitur.
1059 1668 1122 1729 Sed
1145 1665 1292 1749 qnoniam
1309 1666 1340 1727 in
1356 1663 1520 1746 negotiali
1540 1665 1703 1748 qualitate
1723 1668 1761 1726 de
1783 1666 1852 1729 iure

545 1772 697 1824 tractatus
729 1772 794 1834 est,
834 1768 926 1821 erunt
958 1759 1021 1821 loci
1043 1779 1222 1824 communes
1250 1759 1297 1820 vel
1326 1758 1364 1819 ab
1387 1758 1575 1822 anctoritate
1597 1757 1851 1838 iurisperitorum

546 1854 597 1916 vel
619 1865 729 1915 contro
752 1872 860 1914 eorsum
883 1851 1113 1915 erectoritntem.
1158 1853 1246 1913 Haec
1268 1852 1305 1913 de
1320 1850 1495 1929 negotiali.
1540 1851 1747 1934 subiungitur
1766 1852 1851 1913 inri-

545 1945 691 2008 dicialis.
736 1944 825 2024 Quae
850 1943 916 2024 ipso
944 1966 1039 2025 quum
1066 1967 1164 2029 genus
1185 1946 1242 2019 sit,
1276 1944 1308 2007 io
1331 1946 1392 2007 dito
1415 1942 1563 2007 dividitur
1571 1966 1580 2018 ;
1607 1944 1637 2006 in
1658 1944 1852 2008 meduntam

504 2050 577 2099 siet
607 2036 866 2118 assumptivum.
932 2036 1117 2101 absolutae
1152 2036 1304 2119 supponit
1336 2034 1528 2117 exemplum
1571 2037 1657 2118 qnod
1684 2047 1853 2118 tropaeum

545 2150 673 2194 aeneum
696 2142 807 2193 contos
831 2149 948 2191 morem
970 2145 1045 2210 post
1068 2134 1231 2196 victoriam
1252 2129 1340 2193 Graii
1355 2132 1392 2193 de
1408 2130 1512 2192 Graiis
1527 2140 1714 2192 statuerunt.
1756 2129 1853 2207 xFacit

545 2222 764 2285 intentionem
788 2232 819 2283 et
842 2222 1091 2303 depulsionem:
1115 2224 1328 2305 supponitque
1348 2233 1457 2303 postea
1476 2221 1652 2297 nationem,
1677 2225 1732 2284 sed
1753 2223 1853 2286 abeo·

543 2316 637 2377 lutae
658 2314 908 2389 constitutionis,
932 2326 966 2376 nt
987 2331 1131 2380 nascatur
1147 2316 1327 2379 iudicatio:
1348 2311 1626 2402 lustesecimuet
1646 2314 1728 2398 quia
1740 2327 1853 2377 aeter·

544 2428 627 2469 num
649 2406 785 2471 uirtutis
808 2419 945 2471 nostrae
967 2410 1208 2473 monimentum
1227 2409 1420 2492 relinquere
1445 2408 1624 2470 voluimus.
1668 2407 1724 2470 Sin
1746 2420 1851 2471 nutem

502 2498 665 2562 indicatur
685 2500 761 2563 ideo
779 2520 938 2577 aeneum,
961 2503 1043 2586 quia
1061 2504 1251 2575 meruistisr
1272 2502 1332 2565 erit
1352 2500 1434 2564 ratio
1456 2503 1493 2563 de
1511 2499 1654 2563 relativa
1672 2499 1852 2583 qualitate.

545 2594 637 2658 Unde
654 2589 855 2676 intelligimus
873 2593 903 2656 in
925 2616 1015 2657 unam
1035 2610 1157 2659 causam
1176 2594 1416 2661 constitutiones
1433 2591 1570 2655 incidere
1584 2612 1679 2675 posse
1698 2592 1852 2674 plurimos

423 2746 429 2751 .
543 2683 749 2767 principales.
803 2685 924 2748 Verum
953 2688 1044 2749 etiam
1074 2691 1230 2755 absoluto
1260 2687 1408 2771 qualitas
1439 2687 1566 2747 eosdem
1600 2683 1726 2747 hebebit
1760 2684 1852 2749 locos

544 2790 820 2862 argumentorum,
844 2800 925 2861 qum
947 2782 1134 2865 negotiatum
1161 2802 1200 2844 ex
1223 2782 1365 2862 partibus
1386 2777 1484 2854 iuris,
1509 2788 1657 2853 naturae,
1681 2788 1852 2841 cousuetu-

544 2872 642 2945 dinis,
667 2870 784 2953 legum.
829 2872 891 2933 Sed
914 2871 1123 2937 inabsoluta
1144 2874 1295 2956 ipseinrn
1318 2870 1529 2954 proserimnst
1553 2881 1586 2933 ut
1607 2870 1723 2933 iactum
1741 2867 1853 2931 deien-

500 2966 599 3029 tsdns
619 2964 670 3025 vel
691 2962 762 3047 lege
778 2961 828 3026 vel
847 2964 1070 3039 consuetudine
1093 2968 1145 3031 vel
1165 2979 1297 3031 natura:
1320 2964 1350 3027 iu
1372 2962 1539 3047 negotiali
1559 2973 1659 3024 autem
1684 2963 1761 3023 haec
1782 2960 1851 3025 iuro

463 3112 466 3119 .
543 3056 764 3138 proici-untur,
788 3068 821 3117 ut
842 3057 942 3138 possit
963 3060 1125 3133 constitui,
1149 3080 1212 3144 quo
1234 3058 1301 3121 iure
1323 3076 1391 3121 esse
1413 3057 1524 3118 debent
1545 3054 1588 3129 id,
1613 3056 1651 3118 de
1667 3076 1731 3138 qno
1747 3076 1850 3139 nego·

544 3148 628 3210 tium
642 3160 709 3211 est:
743 3148 815 3233 quin
839 3150 903 3213 eius
925 3152 1156 3216 constitutionis
1180 3154 1218 3215 ad
1237 3153 1375 3215 futurum
1402 3159 1524 3231 spectat
1547 3148 1695 3223 intentio;
1732 3160 1786 3213 aut
1809 3169 1850 3211 ex

543 3242 610 3323 ipss
634 3260 670 3302 rc
691 3254 743 3303 tun
761 3241 872 3318 simili,
896 3243 1014 3307 maiore
1038 3245 1199 3309 minoreve
1220 3245 1304 3307 nasci
1323 3240 1491 3305 videbitur.
1541 3242 1610 3304 Aut
1628 3241 1708 3304 enim
1732 3240 1764 3303 in
1780 3239 1850 3303 inre

544 3332 648 3415 posito
672 3345 719 3396 est
743 3336 823 3396 haec
843 3336 982 3417 species,
1006 3359 1086 3420 quise
1108 3338 1287 3423 quaeritur,
1311 3335 1392 3413 litiss
1415 3346 1469 3399 ont
1486 3354 1527 3397 ex
1548 3355 1605 3413 eo,
1629 3332 1760 3419 quodie
1779 3332 1849 3397 inre

502 3430 609 3503 ³⁰est,
633 3428 671 3487 nd
694 3426 758 3489 hoc
777 3430 937 3510 negotium
960 3428 1129 3495 similitudo
1152 3432 1352 3497 troducitnn.'

627 3518 763 3583 Dubiae
783 3518 847 3602 rei]
892 3521 1013 3585 Tiresia
1035 3523 1166 3587 scilicet.
1200 3517 1207 3531 ⁶

627 3614 784 3676 Alterum
812 3625 924 3677 certae
958 3614 1106 3679 continet
1140 3614 1475 3701 amplificationem]¹
1511 3612 1609 3679 Locis
1631 3612 1850 3678 communibus

544 3702 618 3782 (inm
633 3726 668 3767 re
683 3707 830 3787 probata)
852 3720 1049 3791 asigmentum
1068 3709 1186 3787 sscies3
1208 3710 1288 3773 illud
1308 3710 1388 3774 enim
1411 3711 1511 3773 adhuc
1532 3709 1563 3770 in
1584 3707 1768 3791 quaestione
1790 3717 1849 3775 est.

637 3890 664 3939 2.
683 3890 789 3937 maiore
807 3892 958 3957 minoreve]
980 3886 1049 3943 eod.
1067 3889 1130 3943 nu.
1150 3917 1184 3933 -
1203 3896 1308 3943 maiore
1326 3898 1377 3941 urat
1395 3908 1431 3941 ex
1450 3885 1643 3943 minorandi.
1662 3884 1717 3941 Os.

612 3959 684 4014 Ibid.
703 3979 830 4033 picemque
848 3962 1004 4031 attendere]
1035 3965 1191 4018 Pronomen
1209 3962 1244 4023 τὸ
1262 3982 1404 4036 qroemque,
1430 3964 1501 4035 qnod
1526 3960 1638 4030 deeset,
1661 3958 1848 4033 supplevimus

542 4050 576 4086 ex
593 4038 656 4109 ipso
674 4035 758 4089 Tullii
778 4051 917 4090 contexto.
935 4038 1025 4094 cass.

634 4115 662 4171 5.
681 4111 828 4179 oportebit]
849 4117 936 4165 intes
953 4111 1092 4187 legebatur
1109 4112 1235 4176 debebit,-
1259 4110 1332 4187 qnod
1353 4111 1553 4167 emendsvinnn
1573 4129 1607 4165 es
1624 4114 1685 4186 ipso
1704 4108 1851 4163 Cicerone.

541 4182 630 4239 cnse.
668 4186 767 4252 (Hebes
787 4187 924 4256 oportebit
942 4189 1010 4243 Cod.
1031 4186 1108 4263 Bos.)

617 4266 661 4319 17.
680 4264 870 4329 intuitionem]
892 4260 923 4315 ld
942 4278 1000 4330 eu,
1023 4266 1236 4319 successionem.
1256 4264 1341 4317 cns.

615 4332 688 4389 ure.
707 4334 905 4409 depulstonem]
935 4338 995 4393 Boc
1015 4354 1072 4405 en,
1100 4342 1225 4393 oriminis
1255 4338 1464 4407 lutitianorum,
1490 4339 1685 4394 remotionem
1717 4336 1776 4386 eive
1808 4334 1850 4385 rei

541 4405 737 4465 defensionem.
756 4413 839 4465 Cere.

614 4491 657 4541 20.
677 4484 710 4537 de
728 4488 852 4539 relativo
870 4490 1016 4556 qualitate]
1046 4486 1119 4544 stin·
1139 4483 1241 4541 dieitur
1261 4488 1380 4553 relatio,
1406 4503 1487 4560 quem
1506 4500 1586 4559 supet
1605 4482 1712 4537 Tullios
1739 4486 1779 4537 itt
1796 4478 1851 4533 de·

541 4558 693 4613 scstbebst:
725 4560 824 4614 retorto
846 4566 971 4619 oriminis
995 4580 1052 4629 eu,
1087 4580 1172 4634 quum
1194 4566 1256 4617 ideo
1271 4566 1331 4617 inre
1346 4560 1449 4617 inotnm
1465 4562 1582 4627 dicitur,
1601 4557 1673 4631 qnod
1694 4557 1764 4611 nlius
1783 4571 1850 4609 ente

540 4635 641 4686 inlusis
662 4633 823 4689 lacessierit.
842 4636 936 4693 Cicer

612 4713 659 4767 33.
677 4719 855 4777 neegmentnm
871 4710 980 4782 foetes]
1009 4714 1041 4766 ln
1060 4710 1232 4785 praecedenti
1258 4712 1378 4765 editione
1397 4714 1480 4778 (etin
1502 4704 1567 4763 Cod.
1587 4708 1660 4771 Bos.)
1687 4704 1851 4777 smnebntnr

539 4798 618 4841 mox:
649 4784 719 4835 illud
747 4791 819 4835 enim
851 4786 939 4837 adim
966 4795 996 4839 in
1014 4794 1172 4858 quaestione
1193 4796 1253 4846 est,·
1282 4805 1349 4859 quoe
1373 4802 1446 4839 oeus
1475 4784 1554 4838 verbs
1577 4784 1610 4835 nd
1639 4780 1850 4833 entecedemetn

538 4857 682 4911 articulum
702 4858 886 4929 pertinebant.
922 4861 990 4914 vide
1010 4878 1101 4916 notem
1125 4868 1246 4934 proxitne
1266 4866 1445 4935 superiorem.
1466 4864 1551 4913 Cere.

613 4932 655 4985 lb.
680 4933 751 4985 illud
766 4940 839 4986 enim
858 4934 948 4987 aditu
966 4943 994 4989 in
1013 4945 1171 5005 prenestinus
1190 4940 1243 5004 est]
1273 4940 1345 4991 llaec
1364 4935 1454 5002 verbs,
1472 4950 1540 5007 quse
1560 4948 1574 4985 n
1597 4949 1646 4985 sno
1665 4929 1727 4983 loco
1747 4944 1850 5001 perpe-

538 5020 596 5059 uun
616 5008 706 5061 nvnlsn
727 5024 754 5063 et
773 5026 935 5080 sequentem
956 5016 984 5063 in
1003 5014 1148 5065 articulum
1171 5010 1277 5065 inerant
1293 5017 1412 5078 reiecto,
1438 5016 1577 5084 propriam
1597 5012 1625 5061 in
1646 5004 1738 5058 sedem
1763 5008 1851 5055 resti-

538 5085 651 5135 tntmuo.
672 5084 755 5138 em.
770 5086 900 5151 (tietuini
921 5085 1045 5139 ordinem
1066 5108 1106 5141 vv.
1128 5092 1210 5141 etiem
1227 5104 1241 5139 e
1259 5086 1325 5140 Cod.
1343 5080 1408 5141 'Bon
1422 5114 1453 5127 -
1469 5086 1555 5157 Cepp.
1576 5088 1630 5135 sio:
1651 5078 1750 5133 Tiresia
1768 5078 1850 5129 seili-

538 5165 599 5209 cet:
617 5157 688 5210 illud
703 5164 777 5212 enim
794 5159 882 5213 adine
902 5166 932 5213 in
949 5168 1111 5233 qnaesttnne
1130 5170 1183 5219 est.
1206 5164 1272 5228 Os.)
