4434 5959
534 576 597 643 390
817 590 821 597 ’
1069 575 1303 642 Boutttttts

617 716 681 779 Vel
703 738 743 779 ex
764 716 848 780 fama
865 716 956 802 vulgi
975 717 1027 782 vel
1049 739 1090 780 ex
1111 716 1292 782 testimonio
1309 716 1511 790 multitudinis
1536 739 1604 782 rem
1626 717 1750 782 dubiam
1772 739 1850 802 pro-

531 809 603 889 bari
629 812 809 887 contendit,
844 822 898 887 ut,
931 813 1017 894 quod
1039 813 1090 875 vel
1114 815 1153 874 ab
1180 811 1325 874 omnihus
1351 811 1440 874 vela
1472 811 1617 894 pluribus
1652 811 1787 890 dicitur,
1816 813 1849 876 id

533 904 663 966 omnino
689 905 739 967 vel
764 905 932 987 plurimum
965 905 1117 969 credibile
1148 905 1304 969 videatur.
1363 907 1438 968 Non
1472 907 1553 968 enim
1581 906 1709 970 multum
1741 928 1758 969 a
1789 907 1849 970 lide

534 998 693 1075 dissentit,
718 1001 806 1081 quod
827 1021 907 1062 uotis
918 999 1056 1083 itemque
1077 999 1155 1063 alius
1171 1019 1207 1062 ae
1229 999 1377 1082 deinceps
1393 999 1482 1064 dietis
1497 1001 1764 1066 concurrentibus
1779 1022 1850 1064 cre·

509 1095 667 1159 edendum
690 1094 873 1156 introducit.

618 1187 715 1269 (Cap.
739 1188 834 1264 90.§
839 1187 938 1268 ..76)
959 1193 1057 1272 Quae
1077 1199 1194 1268 autem
1212 1187 1337 1251 uirtute
1353 1186 1392 1264 s
1393 1187 1469 1250 dem
1478 1184 1647 1278 suerunt,
1677 1207 1720 1249 ea
1740 1185 1853 1268 biper-

532 1282 598 1346 tita
617 1293 717 1343 sunt:
737 1305 784 1344 ex
805 1194 927 1365 initiis
947 1285 1096 1346 alterum
1116 1293 1243 1344 natura
1264 1283 1363 1356 υαὶει,
1379 1285 1527 1344 alterum
1540 1280 1726 1344 inemo-ia.
1760 1284 1852 1346 Deo·

532 1397 613 1439 rum
629 1375 721 1436 enim
741 1375 851 1437 uirtus
871 1387 998 1438 notura
1017 1377 1172 1439 excellit:
1193 1373 1369 1438 hominum
1389 1386 1506 1437 cutem
1525 1373 1712 1439 industria.

618 1468 771 1550 Superius
791 1470 1029 1545 auctoritatem,
1054 1491 1134 1552 quae
1157 1472 1197 1532 ad
1216 1468 1392 1530 faciendam
1411 1469 1504 1530 iidem
1527 1487 1694 1548 personae¹
1708 1469 1852 1533 attribui·

492 1578 606 1638 tutttr,
645 1575 698 1625 aut
721 1562 832 1626 virtuti
855 1585 914 1644 per
935 1575 1077 1626 naturam
1103 1575 1156 1626 aut
1181 1561 1319 1644 tempori
1346 1583 1404 1644 per
1430 1561 1666 1626 mutabilitatem
1686 1561 1852 1627 subiacere

533 1656 714 1742 proposuit.
757 1656 865 1741 Atque
883 1660 1051 1734 hactenus,
1076 1656 1203 1742 quaein
1225 1669 1368 1738 tempore
1383 1667 1472 1731 sunt,
1496 1655 1667 1738 diligenter
1682 1669 1851 1720 exsecutus

532 1775 617 1815 nune
638 1754 677 1812 ad
695 1750 825 1814 virtutis
846 1753 1080 1828 enodationem,
1103 1751 1186 1814 sicut
1210 1751 1381 1833 paullulum
1398 1750 1533 1816 omissus
1548 1751 1630 1813 ordo
1649 1751 1850 1832 propositio·

533 1848 582 1910 nis
601 1848 808 1922 admonebat,
832 1866 904 1910 sese
924 1846 1095 1909 convertit.
1147 1845 1261 1910 Omnia
1285 1857 1407 1920 autem,
1433 1865 1514 1928 quae
1534 1842 1652 1906 virtute
1677 1843 1850 1907 auctorita-

532 1955 594 2004 tem
628 1941 702 2002 fidei
733 1952 934 2022 comparant,
972 1941 1002 2004 in
1033 1940 1157 2024 gemina
1187 1937 1441 2004 consideratione
1468 1939 1600 2002 deorum
1624 1936 1850 2021 hominumque

490 2034 741 2108 tsdistribuens,
776 2036 888 2109 docet,
927 2033 1078 2098 virtutem
1104 2033 1136 2095 in
1159 2031 1216 2094 diis
1238 2053 1296 2112 per
1318 2043 1459 2095 naturam
1479 2029 1693 2106 eminere,-in
1713 2033 1851 2096 homini·

531 2132 591 2192 bus
609 2138 711 2189 autem
727 2147 787 2208 per
805 2127 1001 2191 industriam.
1053 2127 1143 2192 Deos
1167 2137 1270 2188 autem
1293 2125 1368 2192 dicit
1390 2127 1539 2210 quasdam
1556 2123 1766 2206 incorporeas
1787 2147 1851 2208 po·

531 2234 682 2296 testates,
707 2243 785 2304 quas
809 2233 841 2284 et
862 2222 1059 2285 universitati
1074 2221 1258 2303 praesidere
1283 2219 1392 2304 eisque
1412 2224 1527 2300 rebus,
1552 2217 1666 2304 quibus
1685 2233 1850 2299 praesunt,

531 2336 722 2399 suorumque
751 2336 978 2396 responsorum
1001 2314 1124 2378 indiciis
1147 2315 1312 2376 humanam
1341 2313 1504 2398 caliginem
1530 2326 1711 2398 temperare
1737 2314 1852 2396 opina-

530 2411 625 2471 batur
643 2408 824 2492 antiquitas.
870 2409 933 2471 Sed
955 2429 1013 2470 eur
1036 2408 1089 2471 M.
1113 2408 1237 2471 Tullius
1259 2405 1408 2470 virtutem
1423 2409 1455 2470 in
1479 2408 1592 2472 divinis
1608 2419 1737 2471 naturae
1751 2415 1852 2476 aseri·

486 2505 603 2577 20bat,
630 2501 661 2563 in
681 2501 824 2565 humanis
840 2514 942 2565 autem
957 2504 1154 2564 manentibus
1170 2500 1274 2564 studio
1297 2512 1328 2563 ct
1343 2500 1534 2578 industriae,
1560 2499 1704 2566 Platonis
1723 2517 1852 2570 cetero-

530 2617 663 2680 rumque
674 2594 897 2678 philosophiae
911 2596 1093 2682 sequacium
1113 2595 1253 2658 declarat
1269 2615 1428 2658 assensus.
1462 2596 1619 2660 Asserunt
1636 2594 1739 2674 enim,
1763 2603 1851 2682 qood

529 2689 693 2765 divinitas,
717 2712 799 2774 quae
813 2689 1078 2755 incommutabilis
1099 2688 1304 2771 puriorisque
1327 2690 1481 2753 essentiae
1495 2688 1759 2772 incorporalitate
1774 2695 1851 2756 bea-

527 2795 598 2860 tur,
623 2783 688 2848 suis
706 2805 740 2848 se
762 2784 877 2850 linibus
900 2784 1066 2849 continens
1092 2782 1202 2846 necin
1225 2782 1325 2846 mituts
1345 2781 1445 2846 effluit
1468 2785 1577 2848 necin
1604 2787 1702 2852 maius
1725 2789 1850 2852 exube-

527 2890 591 2942 rat.
635 2881 726 2944 Unde
748 2880 804 2953 fir,
828 2891 880 2955 ut,
906 2878 1058 2963 qttidquid
1071 2875 1197 2938 virtutis
1211 2874 1243 2938 in
1259 2875 1374 2939 divinis
1388 2876 1518 2954 eminet,
1542 2880 1610 2944 sive
1625 2881 1702 2947 illud
1720 2883 1850 2964 sapien-

484 2975 587 3038 attiae
608 2973 667 3049 sit,
691 2973 758 3038 sive
779 2973 929 3046 actionis,
953 2984 1055 3037 totum
1079 2969 1332 3052 inseparabiliter
1349 2982 1461 3034 natura
1478 2974 1659 3055 possidente
1680 2976 1723 3040 ita
1746 2989 1781 3039 ut
1802 2977 1849 3042 eis

527 3069 568 3132 sit
589 3065 798 3131 co'e'ssentiale
820 3080 852 3131 et
882 3067 1024 3142 unitum,
1062 3065 1216 3149 quidquid
1243 3065 1283 3126 ab
1313 3065 1398 3130 omni
1427 3068 1608 3134 conditione
1632 3069 1846 3134 mutabilitatis

528 3172 632 3225 exstat
654 3161 803 3226 alienum.
846 3164 992 3226 Humana
1022 3171 1125 3224 autem
1145 3158 1268 3234 virtus,
1294 3181 1387 3242 quam
1409 3157 1565 3226 interdum
1583 3163 1717 3228 intentio
1740 3164 1847 3246 porri-

529 3254 594 3338 git,
618 3254 762 3318 remissio
786 3267 950 3340 angustat,
973 3275 1050 3318 suae
1073 3251 1287 3316 mutabilitatis
1307 3255 1412 3316 sedem
1433 3255 1566 3332 sortita,
1589 3260 1629 3322 ab
1651 3258 1702 3320 illa
1724 3257 1847 3323 incom-

528 3347 669 3410 mutabili
699 3348 877 3412 diuinorum
913 3348 1078 3412 nobilitate
1114 3348 1306 3430 degenerat,
1346 3347 1570 3432 hominumque
1601 3352 1777 3428 mentibus,
1815 3350 1847 3414 in

485 3440 642 3524 atquibus
665 3462 723 3522 per
746 3460 891 3506 accessus
907 3466 909 3470 ’
923 3454 955 3505 et
979 3461 1126 3504 recessus
1150 3439 1310 3516 variatur,
1345 3441 1450 3506 studio
1475 3441 1692 3530 industriaque
1717 3467 1848 3530 compa·

527 3544 630 3595 ratur.
674 3535 765 3596 Unde
790 3535 882 3620 etiam
905 3535 1086 3598 huiusmodi
1117 3533 1266 3598 virtutem
1292 3533 1326 3598 in
1353 3534 1417 3598 suis
1440 3538 1601 3623 opuspulis
1630 3537 1750 3605 Cicero
1770 3539 1848 3604 deli·

527 3625 618 3688 niens
639 3625 701 3689 ait:
738 3627 859 3692 Virtus
879 3637 931 3691 est
951 3626 1060 3690 animi
1078 3627 1216 3692 habitus
1234 3628 1271 3691 in
1292 3641 1438 3694 notttroe
1457 3631 1597 3698 modum
1614 3635 1745 3715 rptioni
1767 3657 1848 3700 eora-

527 3732 724 3787 cantaneto.
775 3721 819 3784 Ut
843 3720 924 3783 enim
949 3741 966 3784 a
988 3721 1093 3786 divina
1116 3721 1255 3800 virtute,
1288 3745 1368 3808 quae
1391 3725 1521 3792 omnino
1542 3729 1750 3794 essentialiter
1781 3729 1848 3796 sire

528 3813 714 3879 naturaliter
745 3811 845 3890 inest,
885 3816 1049 3878 brecianam
1084 3814 1233 3878 uirtutem
1261 3830 1462 3896 secerneret,
1493 3820 1615 3886 idcirco
1644 3823 1681 3886 ἰιι
1702 3835 1849 3888 naturae

486 3911 669 3976 asmodeum
687 3906 813 3970 adiecit.
870 3906 1009 3971 Duobus
1032 3907 1112 3972 enim
1135 3921 1332 3988 constamus,
1357 3911 1458 3976 anima
1481 3925 1512 3978 et
1534 3937 1688 3998 corpore.
1731 3917 1848 3982 Anima

511 4002 714 4069 immortalis
736 4012 796 4064 est.
847 4001 883 4064 Si
903 4001 1089 4066 immortalis
1115 4014 1181 4080 cst,
1214 4004 1362 4070 ativinis
1381 4009 1553 4073 descendit.
1598 4009 1633 4076 Si
1656 4032 1737 4096 ergo
1762 4033 1778 4074 a
1802 4011 1848 4074 di·

529 4100 610 4164 vinis
633 4094 813 4172 descendit,
845 4117 902 4158 cur
922 4094 1061 4162 omnium
1084 4096 1237 4162 uirtutum
1260 4101 1368 4164 habitu
1391 4101 1535 4184 perlecta
1555 4124 1620 4168 non
1645 4103 1717 4168 est?
1752 4105 1847 4188 Quod

598 4353 622 4403 2.
642 4355 693 4399 Cod
719 4352 839 4412 prodere.
885 4349 910 4396 l.
930 4351 993 4396 Num
1010 4352 1156 4406 addendum,
1177 4349 1284 4396 tertius?
1302 4351 1410 4411 vulgus?
1428 4353 1503 4398 fluat.
1534 4353 1604 4400 ruat.
1623 4351 1691 4414 quoti
1704 4355 1779 4402 nitier
1800 4361 1846 4402 cel.

663 4425 735 4468 Bttr.
785 4421 826 4467 tt.
856 4422 917 4481 Leg.
945 4422 975 4465 ιἰι
1002 4423 1130 4480 geminam
1159 4420 1395 4472 considerationem.
1415 4423 1487 4472 Buta.
1535 4422 1578 4470 ll.
1595 4425 1667 4470 l'oat.
1685 4439 1710 4472 r.
1726 4431 1848 4484 possem

669 4495 785 4541 corissum
814 4494 906 4537 ridetur
928 4491 1043 4544 terbum,
1066 4497 1091 4536 ut
1107 4491 1254 4547 consulere,
1274 4493 1311 4538 tel
1330 4493 1408 4538 simile
1427 4495 1491 4551 qnid.
1510 4495 1582 4542 Bitu.
1619 4491 1662 4541 20,
1681 4495 1847 4555 monentibus]

667 4564 815 4607 sterteret.
835 4563 913 4621 Lege,
933 4561 1065 4607 mentitus.
1103 4558 1146 4608 24,
1165 4561 1226 4606 Cot.
1245 4562 1289 4611 tit.
1333 4558 1374 4608 3¹.
1394 4563 1449 4608 t'ot.
1468 4561 1510 4612 48.
1530 4569 1607 4611 rerlo.
1645 4561 1687 4610 3⁴.
1707 4565 1847 4614 Daiorettl.

670 4631 713 4676 lib.
734 4633 767 4680 ll.
787 4645 838 4687 etp.
860 4629 901 4677 53.
921 4629 944 4691 §-
966 4629 1024 4677 ¹59.

605 4769 742 4831 &Verba
762 4770 920 4837 Ciceronis,
940 4786 1010 4841 qnae
1029 4768 1210 4842 explanantur
1229 4785 1244 4822 a
1264 4771 1402 4840 Boethio,
1431 4777 1461 4828 in
1481 4771 1551 4828 Cod.
1571 4773 1686 4830 conluta
1705 4773 1765 4830 iere
1784 4793 1846 4830 cnut

530 4850 776 4920 interpretatione,
803 4843 922 4900 discrete
941 4851 1097 4900 curavimus
1125 4845 1301 4912 excudenda,
1328 4853 1416 4902 secuti
1442 4851 1697 4922 interpunctionem
1717 4849 1795 4926 (nam
1819 4857 1846 4904 in

531 4923 654 4987 Codice,
674 4935 703 4974 ut
724 4920 772 4986 ht,
803 4939 887 4994 prope
907 4921 983 4975 nulla
1004 4921 1061 4995 est)
1080 4919 1211 4976 editionis
1232 4923 1320 4976 isaaci
1341 4923 1506 4996 Verbnrgii,
1529 4925 1744 4982 Amstelaedaml
1766 4927 1845 4987 1721-

528 4998 588 5053 Fol.
609 4997 755 5051 volumi
745 4999 848 5069 l..pap
868 4999 931 5055 196.
969 4997 1040 5064 (llos
1060 5013 1125 5051 vero
1144 5001 1232 5051 tecuti
1253 5013 1347 5052 snmus
1367 4965 1524 5058 Orellianie
1544 5001 1676 5076 editionis
1702 5007 1772 5058 min.
1798 5007 1846 5063 la·

529 5077 760 5154 terpunctlooeot.
778 5069 874 5146 Batr.)

607 5147 915 5221 tt.Topic.cap.19
935 5147 959 5220 §
979 5149 1024 5207 73
1043 5096 1066 5202 l
1086 5145 1452 5252 ptss.196.ed.verborp,
