4434 5959
563 605 604 670 ts
1076 605 1364 674 vtcTotttuth
1488 645 1492 660 ·

558 767 643 831 gum
664 745 800 810 scilicet:
824 759 855 812 et
874 757 963 813 recte
981 745 1280 825 confirmationem
1295 757 1327 810 et
1340 743 1646 832 reprehensionem.
1689 745 1765 810 Hoc
1785 744 1869 809 enim

560 842 725 905 maximum
754 853 801 904 est
833 842 970 906 oratoris
999 840 1156 918 officium,
1192 853 1228 906 ut
1258 852 1443 924 argumenta
1472 861 1528 904 sua
1566 840 1700 922 primum
1722 851 1864 914 asserat,

560 935 670 1000 deiude
691 935 942 998 adversariorum
963 935 1130 999 dissolvat.
1154 935 1271 1014 Quare,
1301 935 1414 1020 inquit,
1438 934 1585 1018 quoniam
1607 933 1744 1018 primurn
1767 953 1869 997 exor-

561 1028 643 1092 dium
666 1040 732 1102 est,
755 1028 912 1111 principio
934 1028 1057 1092 exordii
1078 1040 1250 1111 praecepta
1272 1031 1444 1091 trademus.

535 1135 550 1184 t
642 1121 838 1187 Exordium
869 1132 921 1185 est
947 1122 1061 1186 orosio
1082 1122 1234 1185 animum
1263 1122 1433 1186 auditoris
1453 1121 1572 1185 idonee
1592 1139 1796 1202 comparans
1818 1119 1869 1182 od

559 1214 725 1298 reliquam
756 1214 950 1294 dictionem]
995 1214 1123 1296 Optima
1152 1213 1290 1278 delinitio
1328 1225 1393 1291 est,
1431 1235 1510 1301 quae
1538 1235 1555 1277 a
1584 1235 1698 1298 genere
1726 1212 1865 1295 incipit,

560 1309 670 1373 deiude
701 1307 861 1370 descendit
889 1310 927 1369 ad
955 1307 1108 1389 speciem,
1145 1319 1307 1390 postremo
1334 1309 1378 1372 ita
1398 1308 1530 1391 propria
1551 1306 1792 1388 complectitur,
1831 1315 1868 1368 ut

515 1393 520 1400 ’
560 1402 709 1466 excludat
734 1401 863 1466 omuino
893 1399 943 1475 id,
979 1403 1164 1484 quodcum
1194 1399 1260 1464 aliis
1289 1413 1396 1484 potest
1425 1421 1493 1465 esse
1521 1420 1706 1464 commuue:
1751 1409 1785 1462 ut
1815 1399 1870 1464 hle

560 1515 618 1558 sex
638 1505 744 1576 partes
767 1493 919 1557 orationis
941 1491 1058 1559 Cicero
1080 1494 1183 1576 ponit.
1229 1494 1350 1559 Orator
1371 1516 1471 1578 porro
1494 1495 1558 1556 duo
1579 1492 1663 1575 agit;
1697 1502 1750 1554 aut
1771 1491 1865 1554 fidem

520 1585 638 1650 istacin
658 1598 711 1649 aut
732 1586 852 1648 animos
873 1595 1066 1650 commoret.
1125 1587 1231 1666 Quare
1263 1588 1296 1651 iu
1328 1598 1479 1671 quattuor
1504 1585 1564 1650 illis
1594 1585 1699 1651 mediis
1721 1584 1866 1666 partibus

561 1681 639 1745 lides
660 1681 713 1754 lit,
750 1679 1004 1756 incarcatione,
1041 1681 1074 1744 iu
1096 1681 1284 1763 partitione,
1307 1681 1339 1744 ιιι
1360 1679 1616 1755 confirmatione,
1641 1679 1672 1742 in
1694 1679 1869 1760 reprelien-

560 1773 662 1838 sione.¹
705 1775 745 1839 In
769 1775 903 1839 exordio
933 1796 1013 1839 vero
1038 1786 1071 1840 et
1091 1773 1228 1859 epilogis
1263 1775 1357 1838 animi
1385 1785 1637 1840 commoventur.
1690 1771 1803 1854 ltaque
1832 1777 1869 1832 ιιι

563 1868 691 1931 deliniat
717 1868 903 1944 exordium,
940 1889 1096 1952 agerere
1118 1867 1246 1950 incipit:
1287 1867 1484 1934 Exordium
1505 1878 1557 1931 est
1582 1865 1709 1930 oratio.
1754 1863 1867 1929 Omnis

561 1960 641 2024 enim
663 1981 737 2042 pars
761 1961 864 2025 oratio
879 1971 940 2025 est.
982 1961 1104 2024 Deinde
1126 1959 1171 2024 sic
1184 1961 1343 2025 descendit
1363 1963 1401 2024 ad
1422 1959 1580 2044 speciem,
1603 1959 1674 2041 [ita]
1697 1967 1733 2020 ut
1754 1957 1867 2020 exclu-

519 2057 551 2114 lt
561 2054 613 2116 dat
634 2064 786 2136 quattuor
809 2065 915 2137 partes
944 2053 1014 2116 illas
1040 2054 1182 2131 medias,
1219 2053 1332 2140 quibus
1357 2054 1434 2117 fides
1456 2053 1510 2118 nt=
1540 2054 1722 2128 Animum,
1745 2050 1868 2136 iuquit,

559 2145 731 2210 creditoris
751 2147 871 2210 idonee
897 2169 1115 2232 comparans.
1171 2148 1236 2211 Sed
1256 2149 1328 2233 quia
1353 2158 1386 2211 et
1406 2145 1436 2209 ιιι
1459 2145 1595 2232 epilogis
1621 2145 1714 2211 animi
1735 2163 1868 2225 conspa-

560 2249 691 2313 rantur,
713 2238 757 2302 ita
784 2239 948 2322 proprium
971 2239 1210 2322 complectitur,
1246 2253 1281 2304 nt
1313 2229 1459 2304 excludat
1481 2238 1573 2302 etiam
1602 2238 1771 2324 epilogos:
1807 2237 1868 2302 Ad

560 2331 747 2416 reliqum,
776 2331 892 2415 iuquit,
928 2333 1122 2397 dictionem.
1165 2335 1215 2399 lta
1245 2354 1326 2416 ergo
1352 2332 1476 2398 exordii
1508 2333 1600 2415 plena
1627 2331 1764 2396 delinitio
1789 2341 1864 2394 ests

560 2424 758 2489 Exordium
781 2437 834 2488 ese
853 2425 968 2490 oratio
988 2427 1142 2490 mimum
1163 2426 1335 2491 creditoris
1356 2427 1474 2491 idonee
1494 2445 1699 2508 comparans
1719 2424 1765 2487 nd
1785 2423 1867 2486 reli·

518 2530 664 2602 etqssam
683 2517 877 2582 dictionem.
929 2521 1053 2583 Verum
1081 2541 1176 2602 quum
1205 2519 1323 2604 aliquid
1343 2518 1410 2582 lieri
1432 2519 1598 2593 volumus,
1632 2516 1763 2602 primum
1786 2516 1868 2578 deli·

560 2610 628 2674 nire
650 2611 817 2686 debemus,
848 2610 924 2697 qssid
944 2612 984 2676 sit
1006 2613 1102 2688 illud,
1137 2614 1224 2697 quod
1244 2611 1505 2688 lieri'volumus,
1543 2623 1577 2674 ut
1600 2612 1650 2672 blc
1670 2612 1709 2672 de
1730 2610 1867 2674 exordio

560 2703 713 2778 delinivit,
736 2704 810 2789 quid
832 2716 916 2769 esset
935 2704 1114 2769 exordium.
1144 2705 1340 2770 Exordium
1359 2715 1423 2779 est,
1446 2702 1563 2789 inquit,
1587 2703 1700 2768 oratio
1713 2701 1868 2766 animum

560 2796 731 2861 creditoris
751 2797 871 2862 idonee
898 2818 1102 2882 comparans
1131 2797 1178 2860 ud
1205 2797 1371 2882 reliquom
1392 2797 1584 2861 dictionem.
1626 2795 1748 2860 Deinde
1769 2797 1868 2860 debe·

563 2910 631 2953 mus
652 2889 793 2964 delinire,
817 2890 892 2975 quid
913 2890 984 2954 inde
1005 2890 1079 2966 liat,
1102 2901 1138 2953 nt
1158 2891 1209 2954 liic
1229 2891 1327 2956 lecit:

518 2997 551 3048 as
595 2999 600 3016 ’
644 2983 745 3067 Quod
765 2985 911 3060 eveniet,
946 2982 1065 3068 inquit,
1097 2985 1130 3048 si
1150 3005 1228 3048 eum
1256 2984 1465 3060 benevolum,
1501 2993 1686 3058 οιιοιιιιιιιι,
1723 2979 1868 3045 docilem

547 3072 699 3168 feeerit]
758 3078 821 3140 Sed
844 3076 922 3160 ,quia
954 3097 1019 3140 nou
1048 3076 1127 3140 bene
1158 3077 1273 3161 aliquid
1302 3075 1456 3152 lecimus,
1494 3076 1552 3139 nisi
1586 3076 1674 3158 prius
1708 3073 1864 3150 ιοιιιιιιιι,

561 3168 615 3232 ubi
647 3169 825 3232 laciendum
866 3169 936 3246 sit,
971 3169 1062 3251 prius
1102 3170 1264 3248 ostendit,
1301 3169 1356 3232 ubi
1385 3169 1558 3232 laciendum
1589 3168 1656 3245 sit,
1699 3178 1866 3249 postremo

560 3262 821 3343 quemadmodum
861 3261 1039 3326 faciendum
1072 3257 1133 3328 sit.
1195 3262 1254 3328 Ait
1289 3284 1370 3347 ergo
1394 3269 1484 3326 'tunc
1517 3283 1576 3326 nos
1613 3261 1730 3342 optime
1768 3281 1868 3323 exor-

560 3353 637 3431 diri,
666 3354 694 3416 si
726 3375 889 3418 causarum
912 3375 1029 3440 genera
1050 3375 1293 3440 cognoscamus.
1337 3357 1413 3420 Hoc
1433 3367 1499 3430 est,
1529 3354 1581 3418 ubi
1602 3353 1777 3418 iaciendum
1808 3352 1867 3416 sit.

517 3461 550 3513 tn
643 3449 779 3512 Genera
801 3467 986 3510 catastarum
1007 3459 1088 3511 sunt
1116 3449 1278 3533 quinques
1315 3449 1514 3523 honestum,
1547 3446 1766 3518 adusirubile,
1801 3447 1868 3508 lus-

559 3538 666 3615 mile,
685 3559 830 3621 uneeps,
851 3539 1046 3619 obscurum]
1088 3539 1153 3602 ch
1174 3537 1315 3624 quaestio
1337 3540 1493 3603 nascitur:
1518 3561 1611 3623 quum
1632 3559 1727 3620 supra
1748 3536 1869 3601 dixerit

560 3651 678 3718 genera
707 3652 872 3695 caussarum
900 3632 960 3695 tria
989 3652 1075 3708 esse,
1105 3631 1428 3711 demonstrativum,
1466 3631 1740 3705 deliberativum,
1774 3629 1870 3693 iudi·

559 3726 666 3802 eiale,
689 3746 747 3788 esu·
760 3725 813 3789 hlc
832 3725 942 3789 rurss'ss
961 3745 1076 3809 genera
1097 3721 1259 3788 causarum
1281 3727 1418 3812 quinque
1433 3748 1502 3790 esse
1517 3725 1619 3789 dixit?
1643 3725 1766 3786 Verum
1788 3723 1869 3785 lsaec

559 3817 704 3902 quaestio
726 3820 850 3883 occulta
872 3817 960 3882 nimis
982 3818 1107 3883 ratione
1125 3841 1162 3882 ac
1176 3819 1291 3882 difficili
1305 3819 1515 3903 disputatione
1538 3815 1733 3883 dissolvitur.
1754 3817 1869 3880 Auim-

518 3913 727 3978 stadvertere
748 3912 831 3976 enim
856 3914 1022 3988 debemus,
1051 3911 1126 3998 quid
1155 3912 1272 3978 Cicero
1298 3924 1424 3976 secutus
1442 3913 1496 3976 sit.
1550 3913 1615 3977 Res
1638 3909 1752 3972 multae
1770 3921 1865 3973 sunta

559 4026 690 4092 quarum
705 4028 786 4083 una,
808 4005 997 4081 susbstantia,
1020 4006 1178 4090 reliquae,
1200 4026 1282 4090 qssae
1297 4006 1453 4070 accidunt.
1484 4006 1596 4089 Itaque
1610 4025 1704 4089 quum
1720 4006 1868 4066 substan·

556 4097 621 4162 tiae
642 4099 790 4162 acciderit
810 4121 873 4163 usa
893 4098 1046 4185 qualitas,
1079 4108 1187 4181 potest
1210 4108 1242 4161 et
1266 4098 1325 4162 alia
1357 4099 1519 4172 accidere,
1556 4099 1612 4160 sed
1633 4117 1713 4181 quae
1735 4117 1798 4159 unu
1823 4097 1868 4160 sit

558 4190 590 4254 ιιι
612 4195 722 4256 eodem
745 4214 879 4278 gessere,
907 4194 938 4257 iu
961 4213 1025 4277 quo
1039 4193 1141 4276 prima
1163 4191 1294 4276 qualitas
1315 4191 1388 4256 luit.
1433 4194 1478 4257 Ut
1499 4203 1594 4274 puta,
1617 4189 1644 4254 si
1665 4189 1772 4254 dicass
1802 4193 1868 4253 Fo-

558 4283 684 4348 liorum
704 4307 835 4369 genera
854 4285 924 4349 duo
944 4296 1043 4360 suut,
1076 4283 1118 4348 de
1140 4285 1337 4348 membrano·
1356 4295 1389 4349 et
1410 4284 1451 4348 de
1472 4287 1604 4348 charta.
1662 4283 1726 4346 Hic
1752 4281 1867 4347 solium
1911 4305 1919 4324 ·

517 4378 733 4443 insubstantia
765 4392 825 4443 est.
874 4379 1023 4444 Accessit
1053 4377 1082 4442 ei
1111 4399 1172 4442 uua
1202 4377 1336 4463 qualitas
1362 4380 1400 4441 de
1428 4381 1607 4442 membrana
1628 4379 1719 4439 etde
1740 4375 1866 4438 charta.

632 4555 660 4606 2.
678 4555 802 4618 asserat]
829 4551 897 4608 Cod.
917 4553 979 4606 Bas.
998 4577 1032 4594 ·-
1051 4543 1156 4622 afferat
1181 4548 1248 4606 Edd.
1268 4553 1336 4608 Mox
1356 4551 1425 4609 eod.
1444 4553 1509 4610 Bas.
1527 4558 1558 4606 in
1575 4557 1721 4625 principle.
1741 4551 1795 4606 Oa.

633 4629 678 4681 ¹2.
697 4625 742 4694 et]
762 4624 831 4680 cot.
850 4627 913 4680 Bas.
933 4655 965 4669 -
985 4626 1035 4678 vat
1050 4625 1121 4679 Edd.
1140 4625 1194 4680 On.

631 4703 678 4754 22.
697 4699 765 4771 qaid
780 4708 852 4752 esset
869 4699 1025 4770 exordium]
1066 4700 1115 4754 Sle
1134 4698 1203 4755 Cod.
1221 4703 1284 4758 Bas.
1304 4701 1447 4757 Οιιιιιιιιιιι
1466 4700 1613 4757 exordium
1630 4699 1700 4756 Edd.
1719 4700 1773 4755 Oa.

630 4777 679 4832 50.
699 4793 737 4828 =
754 4781 869 4846 quinque
887 4783 954 4827 sunt
972 4774 1022 4829 cd.
1041 4777 1104 4831 Bas.
1124 4775 1177 4830 Oa.

632 4847 674 4902 tt.
693 4847 852 4917 honestam,
869 4849 1035 4902 admirabile
1052 4853 1120 4918 cen]
1160 4851 1259 4906 Graeci
1281 4851 1412 4904 lllsetores
1431 4848 1526 4904 dicunt
1553 4846 1692 4921 ἔνδοξον,
1722 4847 1866 4926 παράδο-

593 4941 629 4990 r,
647 4919 776 4995 ἄδοξον,
802 4923 988 5002 ἀμφίδοξον,
1018 4923 1364 5003 δυσπαρακολούθητον.
1401 4925 1469 4980 Vide
1495 4927 1607 4980 θονιιοιι
1632 4925 1867 4980 Fertumstaeum

582 4996 610 5050 b.
627 5003 654 5054 2.
674 4997 721 5051 ahi
740 4997 775 5054 de
793 4998 915 5053 exordio.
934 5001 1021 5054 Caes.

632 5075 678 5133 56.
697 5074 835 5147 reliquae,
854 5093 923 5147 pesae
935 5074 1076 5145 umidum]
1094 5075 1142 5130 διο
1154 5079 1273 5148 scripsi,
1294 5093 1376 5147 quum
1391 5073 1641 5133 edessensis
1656 5071 1717 5132 Ald.
1730 5073 1866 5150 lsalseausfs

558 5147 679 5220 reliquae
699 5151 838 5205 accidunt.
856 5155 961 5225 capp:
984 5177 1015 5193 -·
1036 5150 1159 5240 reliquae
1178 5149 1344 5208 accidentia.
1363 5150 1417 5208 Oa.
