4434 5959
566 530 629 653 tte
1105 587 1340 657 Bonmttts

567 725 790 792 conditionalis
811 725 864 791 hic
886 727 979 792 locus
999 727 1129 792 tractari
1151 749 1215 795 non
1237 729 1361 804 valeat,
1397 725 1457 792 nisi
1479 748 1591 794 eornm
1612 727 1771 814 aliquem,
1804 749 1886 815 qnos

568 821 806 905 praediximus,
839 820 991 886 includat.
1035 823 1117 886 Nam
1139 833 1246 904 potest
1265 832 1468 904 praeterens
1490 821 1583 884 etiam
1609 840 1703 904 saepe
1724 821 1881 904 reperiri,

565 928 602 979 nt
628 936 724 1000 quum
747 913 902 978 dicimus:
942 915 978 978 Si
1005 916 1102 980 homo
1136 927 1202 992 est,
1238 914 1367 978 risibilis
1390 910 1455 990 est3
1498 914 1526 977 si
1551 925 1762 990 corruscat,
1793 915 1884 998 niger

565 1019 627 1072 est.
684 1007 748 1072 Hic
776 1009 858 1072 enim
889 1028 947 1070 nec
980 1007 1194 1072 definitionem
1227 1029 1285 1070 neo
1316 1018 1422 1088 partes
1453 1027 1511 1070 nec
1533 1007 1629 1070 ullum
1655 1007 1750 1070 alium
1777 1005 1882 1070 locum

540 1100 712 1184 teuperius
741 1114 994 1165 enumeratorum
1023 1103 1164 1166 continet
1190 1112 1423 1184 aegtamentum.
1474 1101 1623 1182 Amplius
1651 1101 1747 1164 facile
1773 1111 1823 1164 est
1853 1101 1884 1162 in

566 1194 701 1278 singulis
725 1216 834 1259 eorum
858 1194 1052 1258 differentias
1075 1195 1283 1277 praevidere;
1316 1195 1406 1257 locus
1426 1193 1581 1278 quippca
1603 1206 1675 1259 toto
1698 1217 1715 1257 a
1737 1196 1885 1256 susbstan-

565 1288 609 1350 tia
629 1288 781 1363 trahitur,
819 1287 997 1370 apartibus
1020 1309 1098 1350 vero
1119 1310 1137 1350 a
1158 1287 1207 1350 rei
1227 1287 1471 1370 compositione.
1527 1291 1609 1352 Nam
1631 1287 1663 1351 in
1686 1286 1883 1368 simplicibus

566 1381 710 1445 terminis
727 1383 790 1444 tale
813 1392 1034 1464 argumentum
1066 1402 1132 1444 non
1155 1392 1262 1463 potest
1283 1379 1437 1444 invenirit
1470 1393 1606 1456 ancta,
1631 1383 1672 1444 ab
1692 1379 1884 1460 interpreta-

565 1475 672 1552 tione,
709 1474 948 1558 aconiugatis,
983 1475 1022 1536 ab
1048 1495 1106 1550 eo,
1145 1477 1298 1558 quodex
1321 1476 1432 1537 eodem
1458 1485 1626 1558 utrumque
1649 1473 1830 1545 diducitur,
1865 1492 1882 1533 a

524 1580 702 1653 ingerere,
727 1589 745 1632 a
767 1568 957 1642 continenti,
983 1589 998 1630 a
1024 1567 1148 1643 forma,
1174 1571 1213 1631 ab
1232 1588 1290 1641 eo,
1322 1569 1408 1651 quod
1429 1568 1629 1642 continetur,
1654 1565 1879 1641 adillerentia,

565 1666 668 1737 abeo,
686 1664 774 1746 quod
787 1663 956 1742 discrepat,
974 1682 990 1722 a
1004 1660 1169 1736 similibus,
1185 1663 1225 1722 ab
1241 1662 1347 1722 eadem
1365 1658 1529 1741 qualitate,
1547 1659 1758 1732 acontrariis,
1776 1661 1880 1730 abeo,

565 1759 652 1841 quod
665 1778 682 1817 a
694 1776 729 1818 se
741 1757 837 1839 longe
851 1756 975 1816 diversa
990 1753 1071 1828 sint,
1089 1754 1221 1816 aretinis
1237 1752 1456 1828 efficientibus,
1474 1755 1513 1814 ab
1528 1752 1662 1828 effectis,
1679 1752 1782 1828 abiis,
1800 1772 1880 1834 quae

565 1851 628 1914 vim
640 1847 771 1912 alterius
788 1848 969 1911 efficientiae
979 1857 1206 1928 susceperunt,
1233 1847 1272 1908 ab
1286 1844 1458 1921 adiunctis,
1483 1845 1673 1908 avicinitate
1690 1858 1838 1918 naturae,
1863 1865 1879 1907 a

565 1943 803 2024 comparatione
816 1942 988 2016 maiorum,
1010 1940 1132 2022 parium
1145 1940 1197 2002 vel
1211 1940 1384 2016 minorum,
1402 1938 1585 2002 arelatione
1596 1939 1636 2000 ad
1650 1940 1814 2023 aequalem
1830 1937 1880 2000 vel

523 2043 555 2092 ts
565 2035 759 2118 inaequalem
775 2036 993 2117 quantitatem.
1038 2034 1092 2097 Ab
1112 2033 1366 2096 antecedentibus
1387 2052 1465 2095 vero
1484 2031 1581 2114 longe
1597 2029 1675 2093 alius
1691 2033 1806 2096 modus
1820 2042 1880 2094 est.

565 2128 704 2194 Constat
726 2127 808 2189 enim
830 2127 861 2189 in
880 2147 940 2201 eo,
978 2129 1082 2209 quod,
1113 2127 1140 2188 si
1162 2125 1364 2207 propositum
1386 2125 1461 2208 quid
1483 2123 1598 2200 leserit,
1622 2123 1711 2188 aliud
1733 2125 1881 2208 quiddam

564 2219 667 2284 modis
690 2219 835 2284 omnibus
857 2219 1011 2293 exsistet,
1043 2219 1132 2302 quod
1153 2237 1349 2303 consequens
1370 2217 1561 2300 appellatur.
1604 2217 1708 2280 Huius
1735 2238 1817 2280 vero
1834 2217 1882 2280 in·

563 2313 740 2399 telligentia
763 2313 907 2377 consistit
932 2313 964 2375 in
985 2333 1045 2390 eo,
1079 2313 1168 2396 quod
1198 2314 1406 2392 praecedente
1436 2309 1582 2395 quolibet
1614 2309 1698 2373 alind
1728 2311 1883 2373 subsecu-

565 2418 632 2470 tum
654 2419 724 2482 est;
767 2407 1011 2490 repugnantium
1034 2426 1113 2468 vero
1136 2404 1358 2488 [intelligentia
1380 2404 1538 2484 consistit]
1562 2424 1626 2466 non
1652 2407 1767 2480 modo,
1792 2407 1881 2488 quod

522 2509 667 2581 tuncque
688 2499 779 2583 sequi
802 2521 904 2584 neque
927 2501 1112 2563 antecedere
1133 2511 1287 2579 possunt,
1313 2496 1553 2574 verumetiam,
1584 2487 1674 2582 quod
1694 2497 1788 2560 simul
1814 2519 1883 2560 esse

565 2613 628 2655 non
649 2603 807 2674 possuntt
832 2614 913 2677 quae
931 2593 962 2657 in
981 2592 1162 2657 conditione
1182 2592 1358 2656 consistere
1378 2591 1505 2653 dubium
1523 2603 1661 2653 nonest.
1706 2592 1768 2654 His
1784 2591 1884 2674 igitur

563 2686 608 2748 ita
630 2686 807 2768 expeditis,
831 2687 979 2770 quioniam
1006 2687 1059 2749 Μ.
1083 2684 1209 2748 'l'ullius
1234 2685 1460 2767 proprietatem
1487 2683 1568 2758 loci,
1594 2695 1628 2745 ut
1645 2683 1677 2745 in
1699 2695 1883 2748 transcursu

564 2779 686 2862 potuit,
724 2779 886 2844 evidenter
907 2779 1083 2860 expressit,
1121 2799 1222 2852 nunc,
1246 2778 1359 2861 quibus
1382 2777 1481 2841 modis
1506 2779 1615 2841 eodem
1638 2777 1714 2840 loco
1734 2775 1782 2839 uti
1804 2799 1884 2841 con·

564 2871 688 2946 veniat,
723 2871 879 2956 adiungit.
934 2874 1025 2951 Quae
1054 2871 1252 2954 Topicorum
1277 2891 1352 2953 pars
1379 2871 1526 2952 quoniam
1557 2869 1741 2954 diligentius
1770 2870 1882 2952 expla-

521 2965 663 3029 tsnanda
682 2976 751 3044 est,
772 2963 868 3029 linem
889 2975 1005 3049 quarto
1027 2963 1182 3029 volumini
1201 2965 1333 3044 faciam,
1358 2962 1470 3048 quinto
1493 2974 1597 3028 cetera
1618 2962 1816 3028 redditurus.

1009 3641 1433 3731 BOETHII

819 3867 1678 3945 COMMENTARIORUM·

1028 4078 1172 4145 utana
1195 4079 1409 4160 Quinum.

644 4415 696 4480 De
726 4413 870 4478 omnibus
900 4415 1025 4499 quidem
1051 4413 1270 4496 hypotheticis¹
1289 4413 1501 4499 syllogismis,
1538 4413 1678 4491 Patrici,
1709 4417 1881 4484 rhetorum

519 4531 552 4580 aa
562 4507 768 4589 peritissime,
792 4509 885 4590 plene
908 4511 1169 4592 abundanterque
1192 4509 1377 4594 digessimus
1398 4507 1436 4571 iis
1458 4508 1566 4586 libris,
1599 4532 1682 4594 quos
1708 4514 1880 4580 decorum

561 4599 778 4683 principaliter
799 4601 996 4666 institutione
1021 4603 1287 4684 conscripsimus:
1336 4625 1351 4664 a
1376 4601 1489 4686 quibus
1507 4601 1662 4688 integram
1685 4607 1881 4686 perlectam·

537 4735 542 4745 -
562 4715 625 4779 que
644 4691 842 4768 doctrinam,
867 4695 918 4758 cui
939 4695 1128 4759 revolvendi
1145 4695 1199 4758 illa
1223 4716 1354 4758 tacitum
1373 4707 1495 4778 tempus
1515 4709 1580 4771 est,
1605 4698 1707 4761 lector
1729 4699 1878 4782 accipiet.

562 4785 627 4848 sed
656 4784 728 4869 quia
760 4807 841 4848 nunc
868 4783 1033 4850 Ciceronis
1065 4789 1189 4871 Topica
1220 4789 1408 4871 sumpsimus
1435 4794 1623 4870 exponenda
1652 4801 1749 4875 atque
1773 4792 1804 4854 in
1830 4793 1880 4856 liis

561 4879 738 4962 aliquorum
757 4879 810 4942 M.
834 4879 959 4942 'l'ullius
986 4883 1151 4943 modorum
1177 4880 1334 4958 meminit,
1359 4883 1521 4944 dicendum
1546 4883 1620 4946 mihi
1642 4885 1787 4948 breviter
1810 4887 1881 4950 exi·

517 4973 657 5046 sastimo
681 4974 720 5035 de
751 4974 797 5034 liis
822 4985 944 5054 septem
980 4973 1249 5036 conditionalibus
1273 4973 1484 5058 syllogismis,
1523 4997 1604 5057 quae
1625 4998 1738 5042 eorum
1766 4990 1881 5042 natura

634 5129 679 5185 19.
697 5125 887 5197 intelligentta
904 5127 1037 5178 consistit
1056 5143 1112 5180 om.
1131 5127 1208 5182 Etnt.
