4434 5959
961 612 1056 679 nin.
1078 612 1111 677 1.
1451 566 1454 571 ¹
1637 612 1699 679 aea

380 752 549 819 exsistere.
580 752 618 817 ld
638 754 681 817 ita
703 772 774 818 esse
795 752 888 818 brevi
902 753 1027 819 ratione
1041 752 1233 817 firmabitur.
1276 755 1416 819 Necesse
1430 765 1479 819 est
1494 754 1574 819 enim
1589 777 1701 841 qnem-

378 848 458 911 libet
480 869 589 911 eornm
612 846 836 925 terminorum,
863 848 916 931 qni
938 849 970 913 in
992 848 1179 934 quaestione
1200 860 1272 912 sunt
1294 849 1464 928 collocati,
1489 861 1521 914 et
1542 848 1700 913 delinitio·

378 962 436 1005 nes
456 942 576 1005 habere
602 942 754 1028 proprias
786 954 818 1005 et
838 954 946 1025 partes
968 955 1000 1006 et
1021 942 1147 1007 uomina
1169 954 1201 1007 et
1230 945 1344 1006 adres
1366 944 1442 1006 alias
1463 945 1595 1027 quadam
1616 942 1700 1005 rela-

377 1034 468 1099 tione
490 1034 642 1118 coniungi
664 1056 701 1099 ac
721 1034 853 1099 referri.
882 1038 976 1121 Ergo
998 1058 1040 1101 ex
1060 1049 1132 1101 toto
1154 1037 1245 1101 locus
1266 1037 1320 1122 qui
1335 1036 1463 1113 dicitur,
1485 1036 1602 1118 isest„
1618 1057 1702 1122 quo·

244 1156 254 1193 a
376 1130 459 1193 tiens
482 1141 701 1213 argumentum
716 1150 757 1193 ex
777 1129 912 1193 alicuius
934 1130 1116 1196 definitione
1135 1130 1274 1203 termini,
1297 1130 1352 1215 qui
1374 1142 1423 1194 est
1443 1129 1474 1193 in
1497 1131 1724 1214 quaestiones

377 1234 556 1297 tractatur,
579 1222 648 1285 sive
661 1220 814 1297 subiecti,
837 1222 906 1286 sive
927 1224 1118 1305 praedicati3
1141 1247 1182 1288 ex
1194 1225 1332 1307 partium
1347 1245 1428 1288 vero
1447 1224 1697 1301 enumeratione,

380 1316 530 1400 quotiens
551 1318 591 1379 ab
614 1316 680 1380 eins
701 1316 829 1397 termini
849 1317 1011 1400 partibus,
1034 1318 1142 1403 quiin
1165 1313 1353 1404 quaestione
1374 1316 1496 1400 positus
1518 1330 1585 1394 est,
1609 1318 1700 1382 duci-

250 1440 254 1447 ·
378 1423 434 1475 tur
455 1422 692 1495 argumentum
727 1432 745 1473 a
773 1422 849 1474 nota
871 1432 969 1487 vero,
1004 1411 1150 1495 quotiens
1173 1414 1212 1475 ab
1235 1411 1371 1474 eiusdem
1392 1410 1517 1474 termini
1538 1412 1698 1475 vocabulo

378 1502 520 1565 nascitur
541 1515 780 1587 argumentum
804 1505 844 1567 ab
867 1502 989 1567 affectis
1012 1525 1103 1579 vero,
1128 1504 1274 1589 quotiens
1296 1503 1401 1577 abiis,
1424 1524 1505 1588 quae
1519 1504 1559 1565 ad
1574 1524 1699 1586 propo·

378 1596 473 1659 situm
495 1598 660 1660 terminum
682 1596 837 1662 relatione
860 1596 964 1682 aliqua
987 1601 1203 1675 reducuntur,
1227 1597 1456 1683 argumentatio
1471 1596 1742 1678 proficiscitur.tt

378 1690 529 1769 erorum
562 1689 777 1754 similitudines
807 1690 943 1754 omnium
975 1692 1134 1772 posterius
1155 1690 1342 1773 explicabo,
1379 1692 1505 1772 quando
1527 1710 1582 1767 ea,
1618 1713 1700 1773 quae

377 1803 476 1864 super
497 1782 545 1847 bis
566 1787 662 1847 rebus
683 1783 878 1847 declarandis
901 1782 1020 1849 Cicero
1041 1785 1166 1867 posuit,
1200 1784 1343 1867 exempla
1367 1796 1561 1847 tractavero.
1605 1786 1701 1847 Nunc

245 1918 253 1951 ,
382 1876 462 1937 illud
485 1889 532 1940 est
554 1878 836 1941 considerandum:
879 1878 1025 1943 aiteuim
1048 1878 1192 1954 Tullius,
1216 1877 1314 1941 exiis
1337 1876 1433 1952 locis,
1456 1875 1624 1960 inquibus
1647 1896 1701 1940 ar·

244 2007 253 2047 2
384 1982 534 2053 gramenta
557 1972 675 2035 inclausa
697 1982 792 2047 sunt,
817 1971 896 2034 alios
917 1972 949 2035 in
971 1992 1011 2034 eo
1032 1971 1123 2053 ipso,
1148 1974 1273 2055 dequo
1295 1970 1420 2054 agitur,
1443 1972 1595 2046 haerere,
1619 1970 1700 2033 alios

383 2062 580 2127 extrinsecus
603 2063 730 2128 assumi.
775 2064 872 2144 Quod
893 2064 934 2127 ita
958 2064 1072 2127 dictum
1096 2065 1239 2141 videtur,
1274 2076 1431 2148 tamqnam
1451 2062 1478 2127 si
1503 2062 1742 2128 diversisinttt

244 2214 253 2235 .
382 2154 467 2231 loci,
498 2156 605 2241 quiin
628 2155 683 2233 iis,
714 2159 888 2242 dequibus
911 2158 1033 2242 agitur,
1068 2159 1217 2231 haerent,
1253 2167 1286 2221 et
1309 2158 1410 2240 ipsum
1433 2156 1534 2232 illud,
1568 2158 1608 2219 de
1633 2178 1699 2242 quo

244 2308 251 2331 ,
382 2250 503 2332 agitur.
548 2249 635 2313 Nihil
658 2248 792 2313 enirn'in
814 2250 942 2333 seipso
964 2250 1096 2315 haerere
1119 2262 1262 2334 poterat;
1293 2270 1331 2313 ac
1359 2272 1418 2333 per
1449 2251 1532 2328 hoc,
1556 2252 1644 2336 quod
1667 2250 1698 2313 in

383 2342 491 2426 aliquo
516 2344 641 2421 haeret,
680 2345 720 2405 ab
749 2364 810 2419 eo,
847 2342 965 2429 inquo
992 2346 1120 2421 haeret,
1157 2345 1317 2407 diversum
1346 2354 1408 2407 est.
1462 2344 1559 2431 Quod
1586 2345 1613 2407 si
1635 2344 1700 2410 loci

244 2482 272 2517 ,.
383 2446 456 2497 sum
477 2436 591 2521 aliqui,
626 2434 732 2521 quiin
761 2434 800 2499 iis
829 2437 997 2516 haereant,
1030 2440 1068 2501 de
1091 2436 1206 2522 quibus
1228 2436 1354 2521 agitur:
1392 2456 1456 2500 non
1478 2450 1527 2501 est
1548 2438 1697 2516 dubium,

244 2584 251 2615 ‚
384 2528 459 2611 quin
483 2530 514 2592 hi
535 2529 599 2594 loci
620 2532 660 2593 ab
682 2528 737 2607 iis,
762 2532 800 2592 de
823 2530 937 2614 quibus
956 2530 1079 2615 agitur,
1103 2531 1166 2594 sint
1181 2529 1312 2594 brenni.
1356 2530 1483 2593 Rursus
1497 2553 1593 2615 quum
1608 2530 1696 2607 dicit,
1709 2548 1742 2596 to

247 2698 251 2707 ι
384 2620 543 2705 inipso,
577 2636 651 2687 tum
671 2645 719 2687 ear
736 2634 831 2700 toto,
866 2637 1003 2687 tumea:
1020 2624 1184 2709 partibus
1202 2624 1300 2699 eius,
1327 2635 1483 2707 tamquam
1506 2646 1570 2689 uon
1591 2628 1630 2689 de
1651 2625 1700 2689 di-

386 2716 487 2778 rersis
508 2716 676 2800 loquatur,
709 2716 753 2779 ita
775 2716 834 2791 ait,
859 2716 982 2800 inipso
1005 2717 1096 2782 locos
1118 2737 1205 2794 esse,
1236 2729 1302 2780 tum
1324 2738 1365 2780 ex
1384 2715 1547 2799 partibus,
1570 2728 1635 2781 turn
1657 2740 1700 2781 ex

244 2798 251 2892 Ἰ
383 2817 476 2873 toro:
501 2809 591 2895 quasi
612 2831 692 2874 vero
713 2809 796 2873 aliud
818 2810 858 2873 sit
878 2810 1001 2893 ipsum,
1024 2831 1118 2893 quam
1139 2822 1259 2885 totum,
1281 2821 1336 2873 aut
1357 2810 1440 2872 aliud
1461 2808 1580 2890 ipsum,
1604 2831 1698 2895 quam

244 2958 250 2991 Β
384 2922 496 2965 ornnes
527 2902 665 2986 undique
694 2902 760 2966 eius
791 2915 912 2984 partes.
967 2906 1185 2989 Unaquaeque
1213 2901 1294 2966 enirn
1324 2923 1377 2966 res
1405 2902 1486 2965 idem
1509 2913 1576 2979 est,
1612 2906 1700 2986 quod

383 3006 500 3057 totum.
544 2996 632 3059 Idem
655 3016 789 3079 namque
811 3008 858 3059 est
881 2998 1003 3071 Roma,
1034 2999 1121 3082 quod
1143 3007 1210 3061 tota
1233 2995 1359 3061 civitas.
1402 2998 1527 3060 Rrrrsus
1548 2997 1630 3059 idern
1652 3002 1743 3060 estt⁵

383 3110 445 3151 nna
465 3109 610 3173 quaeque
638 3109 709 3163 res,
743 3092 831 3173 quod
862 3090 927 3152 eius
950 3090 1092 3175 singulae
1115 3102 1222 3173 partes
1244 3088 1275 3152 in
1297 3112 1392 3154 erutam
1413 3094 1579 3167 reductae;
1612 3091 1701 3156 velut

383 3180 466 3245 idem
489 3194 536 3245 est
557 3184 675 3257 homo,
713 3186 800 3267 quod
828 3193 941 3265 caput,
979 3184 1114 3263 thorax,
1152 3196 1260 3248 venter
1282 3208 1320 3249 ac
1342 3188 1438 3267 pedes
1460 3196 1648 3271 ceteraeque
1668 3185 1701 3248 in

384 3297 479 3337 aruum
500 3286 608 3356 partes
624 3275 810 3341 coniunctae
830 3287 923 3359 atque
944 3276 1124 3358 copulatae.
1169 3277 1342 3357 Quomodo
1363 3277 1460 3362 igitur
1480 3290 1639 3361 tamquam
1661 3281 1700 3342 de

385 3369 520 3432 diversis
541 3368 675 3451 primum
707 3370 832 3433 locutus
861 3381 927 3445 est,
966 3392 1062 3454 quum
1085 3371 1177 3435 locos
1199 3373 1335 3435 haerere
1355 3372 1385 3434 in
1409 3370 1445 3434 iis
1467 3370 1625 3449 terminis,
1662 3374 1701 3435 de

384 3464 501 3550 quibus
516 3464 632 3549 agitur,
655 3464 751 3538 dixit3
774 3475 848 3546 post
870 3474 973 3527 autem
993 3465 1079 3527 velut
1101 3468 1140 3529 de
1161 3466 1275 3530 eisdem
1291 3466 1445 3549 loquitur,
1468 3486 1563 3549 quum
1579 3464 1610 3527 in
1629 3465 1748 3547 ipsust

385 3558 496 3631 locos,
530 3570 597 3620 tum
626 3578 666 3621 ex
695 3566 784 3635 toto,
823 3569 887 3620 tum
917 3578 957 3619 ex
989 3558 1152 3640 partibus,
1189 3579 1257 3622 esse
1280 3556 1467 3642 proponat?
1509 3556 1598 3620 Nihil
1619 3557 1702 3621 euim

385 3650 495 3713 differt
517 3652 622 3714 dicere
650 3652 686 3713 in
708 3651 801 3733 ipso,
825 3662 899 3713 tum
927 3673 974 3713 ea·
1001 3662 1096 3727 toto,
1135 3664 1209 3715 tum
1228 3651 1473 3735 expertibus,
1496 3671 1589 3735 quam
1611 3650 1638 3715 si
1658 3652 1702 3715 ita

386 3744 539 3818 dixisset,
563 3744 599 3807 in
620 3744 716 3827 ipso,
741 3756 815 3807 tum
835 3766 882 3806 eae
903 3743 992 3826 ipso.
1037 3746 1118 3807 Nam
1141 3744 1167 3807 si
1189 3745 1270 3808 idem
1285 3758 1333 3808 est
1346 3745 1467 3826 ipsum,
1491 3746 1579 3828 quod
1600 3756 1702 3807 toturn

386 3860 424 3901 ac
444 3851 573 3920 partes,
605 3838 686 3901 idem
711 3849 759 3900 cst
780 3838 904 3911 dicere,
943 3836 1077 3919 inipso
1104 3840 1245 3901 haerere
1268 3840 1380 3901 locum
1407 3859 1455 3900 ear
1478 3847 1552 3901 toto
1572 3850 1635 3901 aut
1654 3860 1703 3901 ear

382 3933 559 4015 portibus,
591 3934 694 4015 quod,
720 3931 755 3995 in
776 3932 853 4013 ipso
874 3932 1015 3993 haerere
1040 3932 1172 4006 iocum,
1208 3932 1403 4016 pudentem
1423 3930 1518 4013 ipso:
1554 3932 1641 4014 quod
1661 3939 1746 3994 nest

384 4025 521 4110 intelligi
553 4025 678 4109 quidem
710 4033 837 4105 potest,
877 4025 1136 4105 quemadmodum
1166 4024 1196 4087 in
1218 4025 1289 4106 ipso
1311 4025 1443 4088 haerere
1464 4022 1585 4105 possit,
1615 4024 1703 4106 quod

385 4118 488 4199 ipsum
510 4129 575 4195 est,
599 4140 694 4202 quum
717 4115 795 4179 nihil
816 4114 877 4179 sibi
899 4117 1045 4191 baereat,
1079 4127 1114 4178 ut
1135 4116 1281 4199 superius
1303 4114 1464 4197 expedivi.
1507 4116 1571 4178 Sed
1592 4136 1702 4200 qnem-

385 4213 552 4275 admodum
575 4211 682 4293 paullo
704 4222 775 4274 ante
803 4208 956 4291 exposui,
992 4229 1215 4293 unaquaeque
1242 4230 1295 4273 res
1317 4231 1412 4294 quum
1435 4219 1466 4272 et
1488 4207 1701 4271 definitionem

386 4306 501 4369 haheat
529 4314 562 4367 et
593 4315 718 4385 partes,
755 4303 782 4365 si
810 4322 1053 4383 pernoscamus,
1091 4323 1172 4387 quae
1201 4303 1241 4365 sit
1270 4300 1459 4365 definitionis
1487 4301 1535 4365 vis
1564 4312 1595 4363 et
1616 4320 1699 4384 quae

387 4398 545 4481 partium,
580 4410 712 4461 cunctus
741 4395 954 4481 ambiguitatis
987 4397 1089 4459 nodus
1118 4393 1307 4459 absolvitur.
1359 4396 1418 4458 Est
1449 4394 1530 4458 enim
1559 4391 1747 4457 delinitiott

387 4502 518 4554 coactae
547 4490 577 4554 in
610 4512 644 4554 se
675 4502 769 4575 atque
790 4486 997 4570 complicatae
1026 4488 1074 4552 rei
1095 4488 1282 4571 explicatio,
1321 4490 1409 4551 velut
1430 4509 1526 4573 quom
1548 4486 1700 4563 dicimus,

385 4584 545 4649 hominem
567 4604 636 4648 esse
658 4584 772 4647 animal
792 4580 966 4659 rationale,
1004 4582 1152 4647 mortale.
1209 4584 1290 4645 Nam
1308 4581 1361 4658 id,
1385 4586 1472 4666 quod
1492 4602 1606 4644 nomen
1628 4582 1704 4643 bre·

387 4678 471 4743 riter
498 4690 592 4762 atque
614 4690 746 4762 anguste
768 4674 972 4760 designabat,
1012 4676 1043 4739 id
1063 4676 1234 4759 explicarit
1256 4696 1293 4739 ac
1319 4675 1454 4759 protulit
1482 4687 1514 4738 et
1542 4695 1600 4758 per
1627 4676 1703 4737 sub·

385 4769 547 4836 stantiales
569 4774 803 4858 quodammodo
826 4779 932 4851 partes
952 4768 1092 4833 definitio
1115 4770 1277 4852 patefecit.
1320 4768 1431 4835 Alium
1453 4768 1553 4852 igitur
1574 4785 1703 4831 necesse

386 4876 435 4929 est
468 4884 538 4929 esse
565 4865 758 4929 intellectum
792 4862 858 4937 rei,
896 4882 978 4946 quae
999 4863 1186 4945 complicata
1208 4873 1274 4938 est,
1311 4862 1342 4924 in
1372 4882 1435 4939 eo,
1472 4864 1560 4946 quod
1579 4859 1704 4923 sibimet
1714 4860 1747 4913 *ὅ

472 5086 500 5143 5·
518 5082 653 5157 quasdam
672 5084 750 5136 Etnr.
778 5086 823 5139 22.
843 5088 902 5133 rum
921 5098 957 5133 ex
970 5076 1118 5151 partlbue,
1137 5086 1196 5131 rum
1214 5096 1251 5129 ee
1269 5081 1342 5147 roro]
1359 5072 1439 5130 Eine.
1457 5100 1491 5120 ·-
1510 5084 1568 5129 tum
1586 5092 1623 5131 ear
1634 5082 1707 5142 toto,

392 5166 451 5214 aaa·
469 5177 507 5214 ατ
522 5159 670 5235 partibus,
689 5167 747 5213 tum
765 5176 802 5212 re
820 5152 890 5211 note
908 5152 979 5215 edd.
1009 5154 1053 5215 26.
1074 5152 1174 5213 Malim
1193 5150 1333 5207 redactae.
