4434 5959
922 611 1012 676 LlB.
1035 611 1065 674 1.
1607 614 1646 680 59

414 757 460 818 Et
490 753 524 814 si
548 773 617 814 non
644 751 803 834 langius,
841 773 944 836 priam
975 751 1173 834 quodecim
1202 772 1288 832 opus
1309 763 1381 828 est,
1415 754 1646 818 inenarranda

335 845 552 928 procedetur]
605 847 642 907 ld
674 844 745 914 est,
783 844 809 906 si
831 867 939 909 narres
962 865 1126 928 quousque
1149 849 1336 908 narrandum
1362 859 1431 921 est,
1467 867 1529 910 non
1553 847 1644 908 etiam

337 943 382 1000 illa
405 952 594 1013 narrentur,
618 960 699 1021 qttae
721 939 780 999 iam
802 937 834 1000 in
856 949 1008 1000 tractatus
1029 940 1162 1012 cadun13
1187 951 1219 1000 ut
1242 950 1340 1019 puta:
1364 891 1514 1024 Quidam
1527 939 1644 1027 forti·

337 1033 512 1122 terserit
541 1033 629 1114 petit
652 1031 801 1115 praenaii
830 1033 965 1094 nornine
992 1031 1123 1094 aerarii
1149 1032 1348 1104 dimidium
1383 1033 1643 1096 contradicitur.

338 1127 534 1188 Narraudum
558 1137 626 1197 est,
660 1125 918 1207 quemadmodum
939 1125 1067 1188 fortiter
1087 1124 1219 1197 lecerit3
1244 1146 1307 1189 uou
1330 1123 1420 1187 etiam
1442 1113 1672 1230 qttemadmo·⁵

338 1222 404 1280 dum
439 1221 480 1280 ad
510 1219 669 1280 civitatem
691 1237 854 1300 regressus
874 1219 915 1280 sit
936 1230 967 1280 et
987 1221 1246 1303 quemadmodum
1267 1220 1438 1300 praemium
1462 1218 1586 1300 petierit
1609 1228 1641 1278 et

337 1316 596 1394 premadmodum
628 1311 657 1374 ei
688 1310 916 1375 contradictum
952 1311 1015 1386 sit;
1051 1331 1160 1375 verum
1189 1313 1252 1374 hoc
1285 1324 1486 1394 praeceptum
1517 1313 1554 1374 de
1580 1310 1641 1372 fine

342 1405 532 1468 narrationis
554 1417 615 1468 est.

415 1503 464 1562 Et
484 1499 518 1561 si
538 1502 669 1561 niellam
690 1499 725 1561 in
747 1521 819 1562 rem
839 1498 944 1562 aliam
965 1497 1184 1576 traruibitur]
1239 1497 1364 1561 Scilicet
1387 1509 1421 1560 ut
1449 1496 1501 1558 illa
1528 1506 1643 1558 tantum

338 1615 466 1666 narres,
492 1613 576 1673 quiae
598 1595 637 1654 ad
657 1613 781 1655 caussam
804 1591 976 1674 pertinent3
1006 1613 1069 1654 non
1091 1591 1185 1655 etiam
1207 1591 1329 1675 aliqua,
1362 1610 1441 1674 quae
1465 1601 1551 1652 extra
1574 1587 1687 1650 suut¹⁰

339 1701 365 1746 rt
384 1707 467 1770 quae
489 1688 531 1746 ad
553 1687 712 1766 negotium
736 1685 858 1748 minime
878 1686 1048 1766 pertinent.

415 1779 518 1842 Etsi
538 1777 757 1854 dedicetur,
782 1790 820 1841 ut
841 1797 1083 1860 nonuunquam
1103 1801 1151 1841 ea·
1172 1801 1232 1854 eo,
1256 1778 1348 1863 prod
1361 1777 1487 1840 dictum
1508 1775 1572 1850 ait,
1595 1775 1642 1850 id,

338 1874 424 1956 ploti
445 1873 576 1934 dictum
594 1872 740 1945 nonsit,
764 1869 990 1954 intelligatur]
1034 1872 1079 1934 Ut
1099 1871 1204 1952 posita
1219 1874 1373 1946 acetruda,
1399 1881 1566 1954 quaesunt
1588 1891 1644 1934 sua

337 1967 454 2046 prima,
479 1965 654 2028 declarent.
698 1964 733 2028 Si
755 1965 860 2026 dicas:
882 1963 966 2030 lude
986 1984 1091 2046 putem
1104 1985 1260 2028 reuersus
1274 1984 1402 2036 essetne
1424 1963 1529 2047 utique
1548 1985 1643 2049 quum
1769 2045 1773 2053 ⁸

341 2060 412 2121 dieis
442 2079 619 2133 reuersus,
656 2057 820 2121 ostendisti
856 2068 887 2121 et
921 2056 1101 2139 proiectum
1134 2057 1241 2120 nescio
1280 2077 1345 2142 quo
1381 2067 1412 2120 et
1443 2057 1643 2140 pervenisse,
1657 2061 1686 2108 ¹⁵

337 2165 499 2234 postremo
520 2171 699 2213 reversum.

414 2248 464 2310 Et
484 2245 517 2306 si
540 2264 611 2307 non
637 2243 739 2308 modo
760 2245 814 2319 iti,
847 2245 940 2328 qrcod
970 2244 1087 2318 obest,
1125 2245 1366 2308 verumetiam
1388 2243 1444 2318 id,
1473 2242 1565 2326 quoa
1585 2263 1645 2304 nec

339 2340 426 2402 obest
448 2359 511 2399 nec
535 2337 694 2412 adiuuat,
724 2337 980 2419 praeteribitur]
1024 2337 1150 2400 Etenim
1172 2337 1226 2422 qui
1254 2337 1400 2401 brevitati
1422 2339 1542 2413 studet,
1581 2353 1644 2398 oon

340 2435 429 2494 nodo
450 2431 507 2493 illa
528 2432 561 2492 in
583 2430 762 2494 narratione
784 2429 956 2513 praeterire
979 2431 1096 2507 dehet,
1133 2451 1213 2514 quae
1235 2430 1385 2494 obfutura
1408 2442 1497 2503 sunt;
1535 2451 1642 2491 verum

340 2525 425 2587 etiam
447 2524 520 2598 illa,
543 2544 625 2607 qitae
647 2523 721 2584 nihil
742 2523 924 2606 prolutura.
1592 2539 1595 2546 ·
1655 2527 1686 2576 ²⁰

415 2623 465 2684 Et
493 2617 525 2680 si
553 2619 657 2679 semel
685 2637 790 2679 unum
810 2618 965 2702 quodque
986 2617 1130 2699 dicetur]
1173 2619 1212 2680 ld
1233 2628 1300 2691 est,
1334 2626 1451 2681 utnon
1475 2619 1569 2681 modo
1591 2615 1644 2677 illa

340 2709 599 2792 praetereantur,
622 2731 702 2793 quae
724 2721 777 2772 aut
799 2711 947 2773 ablutura
968 2723 1041 2773 stunt
1055 2723 1107 2772 aut
1124 2711 1202 2775 nihil
1218 2712 1403 2793 profutura3
1428 2708 1644 2773 verumetiam

340 2805 408 2878 illa,
432 2825 518 2887 quae
539 2815 695 2884 prosunt,
718 2815 752 2864 ut
773 2803 868 2864 semel
892 2803 1055 2880 dicautur,
1078 2827 1141 2867 non
1164 2806 1212 2867 bis
1235 2817 1287 2868 aut
1308 2804 1452 2886 amplius.

415 2900 465 2960 Er
485 2895 518 2958 si
538 2914 606 2958 non
630 2894 673 2956 ab
692 2915 766 2972 eo,
775 2895 811 2956 in
838 2916 905 2978 pua
922 2899 1084 2980 proxime
1106 2898 1255 2961 desitum
1276 2899 1362 2972 erit,
1386 2897 1541 2975 deinceps
1561 2891 1645 2954 inci·

337 2988 462 3073 pietur]
507 2991 720 3069 Praeceptum
739 3010 832 3052 omne
847 2991 963 3071 duplex
979 3003 1038 3055 est.
1084 2995 1177 3056 Nunc
1192 2993 1270 3054 enim
1287 2990 1423 3054 ostendit
1438 2989 1511 3071 quid
1526 2985 1643 3047 sacien-
1655 2994 1685 3042 ιι

340 3087 404 3144 dum
428 3086 488 3157 sit;
528 3103 612 3144 nuuc
634 3083 708 3165 quid
731 3103 795 3146 nou
816 3082 1005 3148 laciendum.
1064 3087 1113 3148 lta
1144 3087 1194 3147 hic
1226 3081 1377 3149 Cicero
1368 3103 1397 3144 m
1426 3078 1643 3160 sirperioribus

340 3178 493 3250 ostendit,
516 3175 592 3259 quid
613 3187 696 3239 essct
716 3175 748 3240 in
777 3175 958 3242 narratione
978 3178 1174 3242 faciendum:
1210 3199 1292 3240 utine
1315 3173 1471 3246 ostendit,
1509 3171 1584 3253 quid
1606 3168 1645 3232 sit

340 3291 396 3332 aon
419 3269 610 3332 laciendum.
660 3272 706 3334 Et
727 3269 760 3333 si
780 3289 848 3333 non
872 3271 916 3334 ab
935 3295 997 3348 eo,
1021 3271 1140 3356 inquit,
1164 3272 1200 3334 in
1228 3293 1294 3354 puo
1317 3267 1477 3352 proxime
1499 3265 1645 3328 desitum

341 3365 418 3436 erit,
442 3364 602 3444 deinceps
621 3363 817 3445 incipietur.
860 3366 899 3427 ld
920 3375 984 3439 est,
1009 3387 1048 3428 oe
1070 3387 1087 3427 a
1108 3379 1144 3428 re
1166 3365 1235 3440 illa,
1260 3385 1351 3448 quiam
1375 3379 1475 3439 nuper
1497 3357 1675 3431 diximus,

342 3459 375 3518 ad
395 3456 488 3518 aliam
511 3475 578 3518 rem
600 3475 757 3518 sumamus
777 3458 956 3521 exordium.
1002 3459 1036 3521 Si
1057 3459 1162 3520 dicas:
1182 3455 1365 3550 profectus
1386 3453 1467 3520 urbe
1492 3474 1591 3517 suin:
1612 3461 1686 3514 etto

344 3571 459 3654 puurn
474 3570 583 3611 essem
601 3547 803 3638 profectus,
826 3552 874 3612 ad
893 3553 1008 3614 uillam
1026 3552 1118 3614 oeni:
1139 3562 1172 3614 et
1192 3573 1296 3635 quum
1317 3553 1495 3618 venissem.
1538 3548 1645 3627 Quare

342 3641 380 3716 is,
403 3641 461 3726 qui
483 3643 626 3704 hrsriter
647 3652 830 3705 narraturus
851 3656 917 3718 est,
941 3644 1056 3706 iterare
1077 3644 1153 3707 nihil
1175 3648 1279 3708 debet.

418 3739 473 3799 Ae
487 3737 612 3799 maritos
628 3735 778 3799 imitatio
792 3737 967 3800 breuitatis
981 3739 1122 3844 decipit,
1147 3751 1206 3812 ut,
1229 3759 1333 3844 quum
1345 3759 1381 3802 se
1395 3697 1510 3802 brelies
1525 3743 1646 3816 putent

343 3847 426 3903 esse,
450 3823 657 3909 longissimi
666 3828 749 3908 sint]
771 3830 924 3910 Saepe,
915 3825 1035 3914 inquit,
1059 3831 1119 3894 etsi
1140 3831 1268 3896 dictio'
1260 3854 1289 3894 m
1308 3830 1417 3896 verbis
1443 3831 1548 3894 brevis
1575 3837 1644 3900 est,

343 3929 440 3982 tamen
465 3921 563 4004 longa
589 3917 747 3996 efficitur,
772 3942 866 4004 quum
890 3943 951 3986 nou
973 3925 1168 3988 necessariae
1193 3947 1245 3989 res
1269 3925 1301 3986 in
1321 3924 1499 3989 narratione
1521 3926 1687 4006 pondu-3⁵

343 4021 401 4075 tar.
445 4013 542 4092 Quod
563 4024 597 4076 ut
616 4035 675 4077 nos
699 4035 763 4077 nou
784 4025 979 4095 praetereat,
1013 4016 1118 4098 primo
1141 4019 1232 4080 nohis
1253 4017 1413 4081 dicendum
1435 4029 1501 4094 est,
1537 4037 1646 4100 quem-

344 4108 504 4168 admodum
525 4107 682 4188 possimus
699 4107 897 4191 intelligere,
919 4112 1006 4192 quod
1021 4109 1198 4196 ubicunque
1213 4111 1295 4174 dieta
1311 4111 1371 4174 sint
1386 4111 1508 4194 singula
1523 4111 1620 4170 verba
1635 4150 1644 4182 ,

344 4198 517 4282 significant
538 4220 590 4262 res
611 4221 682 4264 suas
703 4201 862 4284 singulas,
886 4211 921 4262 ut
941 4203 1051 4277 sedet,
1075 4205 1205 4278 currit,
1229 4226 1291 4278 eo,
1314 4203 1430 4266 uenio.-
1451 4205 1524 4266 item
1548 4221 1648 4281 copu-

343 4291 414 4354 latio
439 4292 636 4357 rationabilis
664 4297 836 4358 verborum
864 4295 1071 4376 plurimorum
1104 4316 1195 4359 tinam
1224 4317 1290 4359 rem
1320 4296 1478 4368 continet3
1516 4293 1647 4356 maxime

343 4397 437 4448 autem
460 4385 487 4448 si
515 4385 547 4448 iu
570 4388 749 4451 narratione
770 4385 830 4463 sit,
863 4407 958 4472 quttm
981 4388 1152 4468 praemissa
1176 4390 1272 4451 rerha
1297 4389 1388 4451 tertia
1411 4407 1547 4470 persona
1570 4401 1689 4451 con-to

345 4479 452 4552 cludit3
486 4491 541 4542 ut:
579 4481 634 4544 M.
657 4480 882 4563 Lepidorum
905 4482 1061 4544 omnibus
1089 4481 1197 4565 copiis
1225 4480 1329 4547 Italia
1351 4483 1469 4563 pulsa,
1507 4479 1647 4560 segnior

345 4589 443 4654 nepte
465 4572 579 4635 minus
595 4574 713 4655 grauis
733 4585 766 4636 et
787 4574 967 4657 multiplex
980 4597 1064 4638 cura
1079 4579 1200 4640 Patres
1215 4574 1404 4639 exercebat.
1450 4575 1538 4636 Haec
1555 4571 1648 4636 tertia

345 4683 474 4742 persona
498 4687 589 4727 ιιιιιιιιι
610 4687 675 4728 mm
698 4665 776 4728 lecit
807 4669 945 4730 omnium
971 4668 1180 4749 superiorum.
1233 4668 1345 4752 ltaque
1377 4667 1407 4729 in
1433 4667 1577 4731 oratione
1599 4676 1646 4728 tot

345 4775 392 4816 res
412 4769 523 4833 erum,
546 4771 625 4844 quot
646 4771 738 4823 errant
754 4759 864 4821 tertiae
878 4781 1047 4840 personae.
1091 4763 1186 4844 Ergo
1203 4762 1233 4824 iu
1250 4763 1308 4824 hac
1323 4761 1488 4826 oratione:
1512 4757 1647 4823 Accessi

345 4849 388 4910 od
403 4851 516 4914 aedes.
559 4855 710 4918 Puerum
729 4853 876 4916 evocavi.
920 4855 1120 4936 Respondit.
1152 4855 1313 4938 Quaesivi
1328 4855 1514 4918 domiuum.
1545 4849 1690 4918 nomeu

346 4945 474 5026 negauit
495 4946 589 5010 esse:
618 4948 708 5010 tertia
731 4969 866 5030 persona
888 4958 957 5021 est,
988 4947 1177 5030 respondit.
1222 4949 1287 5011 lam
1311 4949 1409 5032 igitur
1433 4967 1492 5010 una
1514 4967 1563 5010 res
1587 4957 1644 5007 cst.

413 5085 458 5137 2l.
478 5110 516 5122 —
533 5101 587 5153 pua
605 5087 635 5133 in
649 5089 782 5153 proximo
802 5081 852 5137 (Id.
872 5084 934 5136 Bas.
954 5085 1022 5137 Mox
1042 5083 1188 5152 idemque
1208 5091 1237 5136 ln
1253 5089 1412 5154 proxime..

413 5159 458 5217 33.
477 5183 514 5200 -
534 5161 577 5210 Ar
589 5161 690 5211 multos
702 5158 752 5214 Cd.
766 5159 828 5214 Bas.
841 5185 879 5204 -
891 5175 949 5210 esse
959 5167 1060 5228 putent
1073 5159 1114 5214 ld.
1154 5165 1197 5217 ιιι.
1213 5159 1326 5214 Saluuii
1344 5159 1446 5228 iregm.
1462 5173 1486 5229 p.
1499 5156 1648 5218 teuent.
