4434 5959
881 605 987 673 CAP.
1009 608 1163 674 xxvn.
1609 607 1671 671 267

357 740 525 825 Epistola,
560 742 587 808 sl
609 743 765 827 superiori
783 746 922 824 scribas,
947 769 985 811 ne
1004 746 1157 812 iocularis
1178 748 1237 824 sit3
1260 747 1286 813 sl
1309 746 1401 832 pari,
1427 770 1467 813 ne
1487 748 1669 824 inhumana3

357 836 386 900 si
408 836 573 913 inferiori,
609 860 647 901 ne
669 842 827 921 superba,
857 862 959 925 neque
992 844 1090 906 docto
1119 843 1296 918 incuriose,
1326 864 1428 927 neque
1449 842 1578 906 indocto
1601 842 1673 916 dili·

356 941 491 1015 genter,
517 953 576 995 nec
595 932 855 999 coniunctissimo
879 936 1079 1008 translatitie,
1104 958 1162 999 nec
1184 937 1283 999 minias
1306 937 1451 1000 familiari
1472 956 1537 999 non
1560 936 1670 999 amice.

355 1025 440 1087 Rern
467 1028 635 1088 secundam
664 1028 819 1109 prolixius
847 1030 1023 1113 gratulare,
1059 1041 1092 1092 ut
1114 1030 1196 1093 illius
1218 1031 1365 1113 garidium
1388 1030 1541 1094 extollas:
1576 1050 1672 1112 quirem

355 1118 501 1183 oll'endas
524 1120 699 1195 dolentem,
724 1122 864 1203 pauculis
883 1122 1073 1199 consolare,
1105 1127 1193 1207 quod
1212 1124 1301 1187 ulcus
1319 1123 1434 1196 etiam,
1459 1142 1556 1205 quirum
1578 1118 1698 1204 plana⁵

356 1232 451 1275 mann
469 1212 628 1296 tangitur,
662 1226 857 1277 cruentatur.
915 1216 965 1280 lta
983 1216 1013 1278 in
1032 1216 1145 1279 litteris
1169 1238 1240 1280 cum
1261 1216 1471 1279 familiaribus
1494 1215 1603 1288 ludes,
1637 1224 1672 1276 ut

354 1315 461 1367 tamen
491 1304 616 1389 cogites
643 1327 740 1390 posse
766 1308 912 1385 evenire,
948 1318 982 1371 ut
1003 1330 1055 1371 eas
1082 1310 1202 1373 litteras
1223 1309 1331 1395 legant
1352 1322 1497 1391 tempore
1516 1306 1672 1371 tristiore.

355 1397 486 1481 lurgari
509 1422 664 1484 nunquam
688 1412 837 1483 oportet,
861 1405 916 1465 sed
938 1402 1090 1484 epistolae
1113 1402 1250 1467 minime.
1294 1403 1515 1469 Praelationes
1541 1422 1578 1463 ac
1594 1401 1671 1463 sub·
1749 1476 1753 1483 Ι

355 1491 549 1574 scriptiones
584 1494 760 1558 litterarum
789 1499 1018 1577 computandae
1044 1510 1116 1560 sunt
1148 1519 1209 1580 pro
1238 1496 1417 1560 discrimine
1444 1493 1597 1557 amicitiae
1618 1503 1673 1555 aut

355 1583 536 1668 dignitatis,
572 1588 675 1650 habita
709 1588 833 1651 ratione
862 1589 1112 1653 consuetudinis.
1170 1591 1362 1654 Rescribere
1382 1587 1428 1650 sic
1457 1598 1607 1669 oportet,
1638 1590 1714 1648 urit

354 1678 492 1757 litterae,
517 1681 631 1765 quibus
653 1685 840 1763 respondes,
864 1702 942 1764 prae
958 1703 1047 1745 manu
1063 1682 1145 1759 sint,
1168 1706 1207 1747 ne
1229 1683 1315 1769 quid,
1335 1681 1386 1744 cui
1403 1678 1569 1763 responsio
1589 1698 1670 1758 opus

353 1774 415 1849 sit,
448 1776 487 1836 de
516 1774 663 1837 memoria
693 1776 809 1841 effluat.
863 1777 1086 1840 Observabant
1117 1789 1239 1841 veteres
1273 1773 1442 1839 karissimis
1483 1794 1539 1836 sua
1579 1794 1670 1835 uranu

353 1867 524 1941 scribere,
556 1868 608 1930 vel
637 1868 804 1948 plurimum
841 1869 1053 1933 subscribere.
1108 1868 1389 1935 commendatitias
1416 1866 1550 1929 fideliter
1576 1867 1669 1940 dato,

353 1970 408 2022 aut
425 1978 463 2021 ne
479 1961 566 2024 dato.
611 1959 651 2023 ld
671 1960 742 2035 liet,
767 1963 793 2024 si
814 1961 999 2025 amicissime
1018 1962 1105 2025 dabis
1129 1968 1167 2025 ad
1182 1962 1420 2035 amicissimum,
1455 1958 1530 2022 etsi
1550 1960 1672 2039 proba·

354 2051 418 2114 bile
440 2064 530 2133 petes
552 2062 584 2115 et
605 2052 631 2116 si
653 2052 863 2134 impetrabile.
919 2055 1044 2119 Graece
1066 2055 1183 2137 aliquid
1211 2059 1326 2119 addere
1347 2051 1461 2117 litteris
1483 2072 1580 2113 suave
1601 2060 1668 2125 est,
1683 2060 1713 2107 ¹⁵

353 2144 381 2209 si
399 2143 431 2208 id
452 2166 553 2229 neque
575 2145 793 2229 intempestive
827 2168 930 2231 neque
960 2152 1075 2212 crebro
1111 2149 1227 2213 iacias:
1265 2161 1297 2213 et
1321 2144 1498 2231 proverbio
1533 2142 1580 2207 uti
1607 2164 1672 2207 non

353 2236 468 2321 ignoto
489 2243 746 2319 percommodum
770 2253 834 2315 est,
870 2252 901 2303 et
921 2242 1080 2305 versiculo
1099 2253 1153 2304 aut
1175 2255 1266 2324 parte
1280 2262 1405 2305 versus.
1448 2236 1604 2320 Lepidum
1625 2247 1673 2298 est

354 2352 579 2416 nonnunquam
606 2333 696 2419 quasi
724 2345 920 2417 praesentem
942 2335 1080 2418 alloqui,
1114 2334 1161 2397 uti
1187 2336 1272 2398 heus
1298 2346 1356 2411 tu,
1390 2344 1422 2396 et
1442 2328 1616 2417 quiduis,
1641 2339 1673 2391 et

353 2423 474 2499 uideo,
508 2436 541 2487 ta
563 2425 741 2491 deridere:
770 2430 858 2509 quod
890 2448 990 2511 genus
1018 2429 1102 2509 aprrd
1124 2428 1175 2490 M.
1200 2430 1230 2491 T
1234 2426 1341 2490 ullium
1365 2427 1458 2489 multa
1480 2434 1565 2487 siunt.
1609 2424 1673 2483 Sed

354 2518 452 2591 baec,
489 2528 525 2579 ut
558 2519 639 2594 dixi,
675 2518 706 2582 in
732 2518 939 2583 familiaribus
961 2521 1089 2585 litteris:
1121 2542 1191 2582 nam
1222 2520 1345 2583 illarum
1367 2519 1496 2582 aliarum
1520 2515 1715 2580 severitas²⁰

356 2610 457 2673 maior
478 2621 551 2673 est.-
589 2612 627 2674 In
649 2633 768 2676 summa
794 2612 827 2677 id
851 2626 1008 2679 memento
1030 2624 1063 2678 et
1087 2616 1126 2677 ad
1153 2610 1305 2697 epistolas
1326 2623 1359 2678 et
1383 2614 1423 2675 ad
1447 2630 1572 2675 omnem
1593 2608 1673 2672 scri·

356 2703 498 2787 ptionem
521 2706 601 2769 benc
622 2704 724 2791 loqui.

667 2876 909 2951 uxrmcm
935 2876 1033 2956 nas
1060 2878 1352 2956 suanorum

614 3005 656 3081 e.
702 3007 825 3082 mnu
868 3006 1107 3087 vrcrorus
1155 3010 1420 3084 rememsis

359 3134 725 3233 unnunoomn,
760 3122 1045 3235 nicanorus,
1081 3136 1671 3241 quinniuriu1,nou1n11‚

708 3266 1069 3367 uincentum,
1097 3269 1321 3345 nummu.

450 3512 475 3563 ⁵.
500 3515 561 3561 coe.
592 3516 719 3564 ostendor.
766 3516 790 3565 6.
814 3520 875 3566 (lod.
900 3528 924 3567 st
949 3527 1113 3577 cruentantur,⁸
1140 3524 1182 3569 ssd
1209 3528 1233 3569 at
1249 3523 1338 3569 ibidem
1361 3528 1512 3582 expungitur.
1551 3520 1591 3568 ¹³.
1612 3523 1673 3569 Coe,

499 3585 704 3634 commendatius·
1305 3612 1309 3622 “

440 3710 487 3765 15.
508 3707 616 3775 Legeita
646 3710 675 3759 tn
701 3722 762 3760 mea
788 3706 822 3761 ad
848 3707 1047 3783 Symmachum
1070 3710 1241 3784 praelatione
1267 3731 1296 3767 n.
1321 3728 1346 3768 a.
1365 3712 1446 3765 rerba
1465 3712 1572 3766 etalio
1590 3730 1675 3765 manu

356 3783 504 3852 principis.
542 3780 614 3835 ltern
632 3796 701 3855 qnae
720 3782 772 3837 bac
791 3782 824 3838 de
843 3802 873 3839 re
892 3782 950 3839 disi
969 3790 1000 3839 tn
1017 3784 1104 3860 prael.
1123 3788 1204 3844 bon.
1222 3791 1355 3843 fronton.
1374 3807 1401 3863 p.
1422 3788 1497 3843 ΧΠ.
