4434 5959
928 652 1021 718 Lm.
1042 649 1092 716 11.
1611 646 1672 714 ¹79

363 792 440 858 tiam
464 801 516 856 ant
536 812 595 874 per
614 788 871 875 impudentiam:
907 792 956 856 his
977 790 1139 876 qrraeritur
1158 792 1265 867 elam,
1296 791 1430 874 mlum,
1458 789 1510 868 ni,
1530 811 1674 874 persuu-
1738 863 1742 868 ,

364 890 476 952 sione.
519 887 732 969 Imprudentia
754 897 910 970 purgatur
929 885 1066 962 inscitia,
1090 905 1185 960 uasis,
1210 884 1436 948 necessitudine
1460 897 1490 948 et
1509 885 1674 950 allectione

364 980 473 1044 animi.
531 980 711 1044 Facultates
740 993 842 1044 autem
873 980 991 1062 duplici
1021 981 1117 1043 modo
1146 992 1362 1062 argumentum
1389 987 1568 1059 praestant:
1604 999 1673 1042 nans
1699 999 1703 1007 ·

364 1073 520 1138 eiusmodi
537 1086 628 1149 stant,
651 1086 686 1135 us
707 1094 765 1155 per
789 1094 841 1136 eas
865 1085 918 1135 ant
933 1072 1055 1137 {acilius
1074 1071 1194 1155 aliquid
1213 1071 1268 1134 liat
1290 1081 1344 1136 eut
1365 1073 1431 1134 sine
1451 1071 1489 1135 iis
1512 1071 1591 1136 effici
1611 1091 1675 1134 non

364 1168 483 1254 possit.
537 1167 696 1230 Adiuneta
730 1167 879 1251 negoti03
916 1167 1053 1240 laetum,
1086 1167 1174 1249 quod
1202 1164 1233 1228 in
1260 1165 1391 1250 negotio
1413 1165 1559 1246 ponitur,
1595 1165 1701 1230 unde⁵

365 1263 467 1325 iudex
486 1261 607 1324 laturus
627 1260 811 1323 senteutiam
829 1272 894 1335 est,
918 1272 953 1321 ut
972 1256 1105 1340 probari
1120 1277 1249 1342 quoque
1265 1261 1359 1322 modo
1375 1258 1476 1339 possit
1490 1279 1549 1340 per
1565 1280 1676 1342 quiam·

365 1355 445 1418 libet
466 1352 736 1418 constitutionem.
790 1353 963 1416 Sumuntur
992 1353 1029 1412 do
1057 1349 1106 1412 his
1132 1353 1226 1415 rebus
1255 1363 1452 1437 argumenta.
1511 1353 1677 1436 Quaeres

366 1458 505 1532 possunt
525 1446 557 1510 in
584 1446 685 1530 ipsum
707 1447 824 1510 iactum
845 1444 1014 1510 affectione
1035 1445 1166 1524 qrsadam
1189 1444 1362 1520 contineri,
1396 1447 1452 1508 has
1474 1466 1529 1509 res
1550 1441 1680 1534 qffeetes

367 1528 585 1616 nominamus}
608 1539 720 1603 verrius
738 1539 867 1628 effecta
888 1537 1059 1619 accipimus
1079 1558 1164 1600 nuuc
1182 1541 1220 1601 de
1238 1538 1474 1622 ipso'negotio,
1498 1539 1530 1604 id
1551 1539 1620 1618 est',
1640 1543 1679 1606 de

368 1634 456 1700 omni
477 1655 571 1699 caum
589 1635 748 1719 rebusque
768 1636 799 1697 in
822 1655 915 1699 eausa
937 1629 1053 1717 gestis3
1075 1651 1158 1694 nune
1174 1635 1214 1694 ad
1235 1632 1335 1696 resin
1359 1652 1452 1696 causa
1473 1644 1596 1718 gestas,
1620 1634 1678 1698 elia
1690 1632 1722 1684 ¹⁰

369 1727 461 1810 quiesi
479 1729 713 1810 quodammodo
731 1729 947 1801 extrinsecus,
981 1745 1063 1810 quae
1079 1725 1253 1789 convenire
1271 1726 1455 1800 videantur-e
1478 1737 1533 1788 aut
1552 1725 1623 1790 inde
1643 1737 1679 1792 ut

369 1820 563 1903 proveniant
577 1823 686 1888 autad
700 1821 933 1887 illaconinuesa
948 1819 1025 1886 sim
1064 1820 1154 1883 Haec
1168 1820 1297 1895 affecta,
1321 1839 1402 1904 quae
1419 1839 1514 1904 supra
1531 1817 1678 1896 diximus,

370 1913 513 1994 negotio
545 1913 711 1976 adiuncta
746 1925 778 1978 et
813 1912 1053 1997 consequentia
1086 1913 1263 1996 negotium
1292 1911 1455 1978 dicuntur:
1498 1909 1551 1976 illa
1578 1911 1681 1995 prima

369 2006 580 2070 continentia
601 2007 650 2070 rel
671 2007 709 2071 in
728 2007 894 2090 gestione.
950 2003 1231 2070 seuueiltisiam
1253 2006 1485 2090 supradictum
1507 2015 1567 2068 est.
1609 2006 1680 2070 Ad·

369 2091 475 2162 iuncta
498 2121 578 2164 vero
600 2121 634 2162 ea
656 2112 750 2176 sunt,
774 2121 855 2184 qsrae
876 2099 937 2164 illis
957 2097 1037 2180 ipsis
1055 2118 1151 2179 supra
1173 2098 1283 2181 positis
1303 2098 1437 2182 singulis
1457 2097 1565 2180 aliquo
1584 2097 1678 2162 modu
1691 2099 1724 2152 ¹⁵

369 2193 423 2255 vel
446 2191 642 2256 extrinsecus
663 2194 852 2267 cohaerent3
875 2204 909 2255 ut
930 2211 1084 2267 summae,
1110 2203 1145 2255 ut
1159 2193 1270 2254 derasae
1291 2191 1486 2277 ceterisque:
1508 2192 1565 2254 sed
1585 2211 1681 2274 qurum

370 2283 490 2347 nonin
518 2282 586 2366 ipsa
615 2306 707 2347 causa
737 2285 817 2362 sint,
853 2287 909 2348 sed
931 2285 1055 2348 aliunde
1083 2294 1299 2357 assumantur-3
1333 2282 1551 2348 convenientia
1579 2296 1682 2348 tanuen

371 2388 465 2440 erunt
493 2377 574 2454 (sive
599 2377 698 2440 aliena
726 2377 787 2442 sint
815 2388 846 2442 et
875 2397 938 2440 non
962 2376 1035 2439 hine
1055 2379 1140 2456 nata)
1162 2376 1192 2440 in
1222 2376 1411 2458 collatione,
1432 2399 1527 2461 qsrrrm
1549 2378 1608 2442 erit
1630 2387 1684 2442 aut

372 2470 472 2532 maius
501 2482 553 2532 aut
584 2470 685 2532 minus
716 2482 768 2534 aut
795 2493 880 2554 par,
910 2469 1047 2554 itemque
1075 2469 1196 2543 simile,
1230 2469 1443 2542 eontrarium,
1478 2470 1681 2553 disparatum.

372 2563 408 2627 Si
433 2584 511 2627 vero
536 2561 583 2625 his
605 2563 747 2626 adiuncta
767 2563 809 2626 ita
835 2575 923 2638 sunt,
959 2574 994 2625 ut
1025 2574 1115 2625 extra
1143 2574 1244 2626 tamen
1275 2563 1353 2639 sint,
1392 2572 1484 2626 eruent
1507 2575 1561 2625 ant
1582 2569 1725 2646 genusst

374 2668 431 2719 atet
452 2677 526 2736 pars
549 2667 601 2718 aut
620 2669 763 2720 eventus.
821 2657 907 2720 Nihil
930 2653 1011 2719 enim
1035 2656 1148 2719 horum
1172 2675 1235 2718 non
1256 2657 1296 2718 ad
1317 2656 1379 2719 hoc
1403 2665 1469 2719 este
1494 2649 1556 2722 non
1581 2667 1684 2718 tamen

372 2749 404 2812 iu
428 2769 522 2812 carisa
544 2749 701 2832 positum3
725 2759 756 2812 ct
776 2750 802 2812 si
822 2749 963 2832 positum
987 2748 1088 2811 estin
1115 2767 1207 2811 eausa
1230 2747 1358 2828 (idest,
1383 2747 1416 2812 in
1437 2748 1583 2832 negotio)
1602 2753 1683 2834 quie

371 2837 541 2919 ὑπόθεσις
561 2854 628 2917 est,
660 2841 692 2906 id
715 2855 779 2918 est,
803 2842 944 2927 qrnacstio
965 2840 1048 2903 circa
1067 2861 1236 2922 personam
1253 2842 1435 2923 propriam,
1459 2842 1500 2906 ita
1520 2853 1568 2907 est
1588 2842 1684 2906 veluti

370 2956 439 2998 non
459 2935 611 3018 positum.
668 2937 762 3018 Ergo
783 2957 883 3023 genus
903 2935 942 2998 sit
965 2933 1039 2996 licet
1066 2953 1196 3010 causae,
1234 2943 1355 3012 tamen,
1387 2933 1458 3018 qstia
1490 2955 1588 3018 genus
1611 2945 1680 3012 est,

371 3029 460 3092 velut
482 3040 572 3091 extra
591 3048 715 3091 causam
737 3041 801 3105 est,
836 3050 931 3114 qrrtrm
959 3047 1093 3109 persona
1123 3023 1256 3107 propria
1283 3025 1362 3088 inest
1389 3028 1421 3089 in
1442 3045 1548 3091 carisa.
1601 3027 1682 3090 Item
1693 3035 1724 3087 st

371 3119 495 3203 species
514 3132 562 3184 est
582 3132 685 3184 extra.
728 3122 795 3184 lam
817 3141 898 3186 vero
920 3130 1051 3182 eventus
1068 3139 1165 3204 qrriun
1184 3117 1244 3182 tria
1266 3129 1410 3202 tempora
1431 3127 1552 3195 teneat,
1576 3129 1684 3202 potest

372 3233 444 3276 esse
465 3233 505 3275 ex
528 3233 636 3289 eausa;
658 3213 775 3290 idest,
797 3233 838 3276 ex
860 3213 1010 3297 negotio,
1033 3213 1072 3274 de
1090 3233 1155 3296 qrro
1171 3210 1308 3296 loquor:
1332 3211 1386 3296 qni
1406 3212 1524 3294 probat
1542 3212 1680 3297 quidem,
1717 3205 1727 3231 ⁰

372 3316 423 3370 est
444 3307 483 3368 de
504 3304 654 3388 negotio3
690 3307 776 3390 qsrod
809 3305 914 3367 evenit
938 3307 1033 3369 rebus
1054 3303 1173 3389 gestis,
1211 3304 1264 3382 id,
1298 3304 1442 3390 quindiu
1463 3306 1595 3390 negotio
1621 3316 1683 3372 cst.

371 3397 533 3481 Quoniam
556 3411 656 3462 tamen
676 3410 708 3461 et
728 3397 894 3480 praeteriti
916 3397 1067 3479 temporis
1092 3407 1224 3461 eventus
1242 3407 1274 3462 et
1298 3397 1398 3463 futuri
1416 3397 1568 3480 temporis
1588 3419 1685 3464 even·

371 3503 424 3555 tus
450 3489 617 3574 aliquoties
638 3491 788 3565 sumitur-3
827 3501 858 3554 et
880 3491 943 3552 hoc
963 3487 1065 3552 rideri
1083 3501 1267 3553 extraneum
1289 3501 1434 3574 potesta
1457 3491 1609 3574 negotio,
1643 3497 1726 3557 extt

468 3633 495 3684 1,
513 3625 651 3678 dividitur
669 3635 761 3678 autem
775 3626 1026 3698 perpendentem
1045 3637 1098 3680 ant
1112 3647 1165 3700 per
1185 3630 1415 3700 imprudentiam]
1435 3631 1512 3685 Male
1531 3631 1636 3686 editum
1656 3648 1684 3688 ct

371 3699 712 3848 laerpnfflmninerat:
742 3702 916 3753 commanem
943 3700 1047 3754 dsvtdn
1074 3713 1128 3758 uns
1148 3721 1202 3776 per
1224 3704 1405 3776 praudentium
1432 3719 1487 3761 cet.
1505 3707 1592 3763 Caes.
1632 3707 1685 3776 (Ut

370 3795 388 3829 e
438 3792 471 3841 c,
554 3816 560 3833 .
622 3780 657 3842 s.)

468 3853 495 3908 7.
510 3867 564 3920 per
580 3849 732 3922 quemlibet
746 3853 982 3906 ammentum.
1018 3850 1170 3906 Sumuntur
1188 3852 1222 3906 de
1239 3851 1285 3905 leta
1309 3851 1391 3906 rebus
1408 3857 1590 3924 argmenta]
1610 3855 1684 3912 ilcle

370 3921 438 3980 icoc
457 3925 583 3978 umbras
600 3923 735 3978 effuderat
756 3923 830 3978 mala
852 3929 1050 3996 luterpnnetto,
1071 3943 1141 4000 qnae
1164 3932 1205 3982 sle
1222 3927 1357 3995 hebent,
1372 3946 1426 4001 per
1444 3929 1594 4001 quemlibet
1612 3945 1684 3983 eon·

371 4003 549 4128 mmm„
564 4008 716 4129 ἑζηωότιιν
742 3999 777 4052 de
803 3997 849 4052 tn
871 3999 953 4052 rosus
976 4009 1154 4072 argumente.
1184 4002 1267 4058 Caes.
1313 4006 1439 4072 (Rectam
1472 3999 1683 4058 distinctionem

447 4089 458 4126 t
539 4111 546 4125 .
607 4092 626 4126 s.
674 4093 700 4128 a.

451 4155 498 4206 ιο.
517 4147 595 4217 Ques
619 4164 665 4200 m
680 4071 800 4221 piscarent
817 4185 826 4202 .
846 4184 880 4203 ..
902 4185 911 4202 .
929 4153 1082 4216 contineri,
1114 4147 1166 4203 Ises
1185 4167 1231 4202 res
1253 4149 1352 4204 effecta
1371 4154 1562 4204 nominamus.-
1584 4169 1684 4206 vernae

374 4221 476 4276 enema
494 4227 659 4293 ecctpsmus,
678 4239 751 4276 nune
768 4223 803 4276 de
822 4228 882 4294 lpse
902 4230 1019 4293 negotio
1040 4264 1047 4281 .
1072 4261 1105 4279 ..
1125 4263 1133 4279 .
1152 4243 1224 4278 nune
1236 4225 1334 4277 adres
1352 4231 1383 4278 ln
1404 4243 1489 4278 censa
1506 4233 1605 4294 gestas
1616 4230 1682 4296 cet]

373 4297 468 4352 laena
486 4297 533 4349 nte
552 4301 581 4350 ln
602 4298 777 4372 praecedenti
798 4297 921 4353 edlslone
941 4305 1060 4371 pessime
1078 4303 1118 4354 sle
1136 4300 1393 4372 interpungehatnr:
1412 4317 1481 4372 quae
1499 4318 1546 4353 ree
1563 4309 1683 4372 possunt

375 4377 636 4428 ....consmers.
671 4373 735 4424 Hae
754 4389 801 4424 res
824 4373 920 4428 affecta
940 4380 1127 4440 nominemus,
1159 4391 1257 4427 versem
1282 4375 1380 4428 affecte
1405 4379 1564 4446 nectptmus.
1600 4376 1682 4430 uun

373 4445 410 4498 de
428 4452 489 4516 lpse
506 4452 622 4514 negotio
641 4483 650 4500 .
667 4483 677 4501 .
695 4483 705 4502 .
725 4485 734 4504 .
752 4447 834 4500 Nurac
850 4448 892 4500 ad
909 4465 955 4500 res
972 4453 1003 4501 tn
1021 4467 1107 4502 cauae
1121 4456 1220 4518 gessae
1238 4465 1292 4504 ees.
1312 4450 1395 4505 Cass.
1434 4453 1489 4518 (sic
1507 4455 1592 4506 etlam
1612 4449 1681 4508 eod.

373 4521 458 4586 Bm,
475 4517 537 4573 sed:
558 4549 593 4564 ·-
611 4526 774 4589 continere.)

373 4599 488 4718 &daz
508 4599 658 4648 censionem
681 4599 752 4666 stus]
787 4600 873 4652 Antea
901 4595 1057 4670 legebatur:
1088 4601 1235 4652 emuncta
1260 4605 1334 4653 suns.
1369 4598 1457 4654 Casa.
1490 4596 1569 4667 (suus
1598 4604 1682 4655 ettam

436 4669 540 4734 ‚sun

450 4750 495 4803 sa.
514 4748 708 4795 convenientia
724 4751 818 4795 temen
837 4751 920 4797 ernas
938 4750 1009 4813 (um
1030 4747 1124 4800 aliene
1141 4751 1201 4800 nat
1223 4754 1252 4800 et
1272 4763 1328 4800 non
1349 4745 1413 4802 hine
1438 4747 1521 4823 nate)
1543 4753 1573 4802 r'sr
1590 4749 1682 4802 eolle-

373 4817 465 4887 slone]
486 4819 517 4871 ln
531 4817 651 4871 editione
669 4817 819 4872 Bsslleenst
836 4817 950 4890 legitur:
969 4827 1163 4874 convenientiis
1182 4830 1276 4875 suumn
1294 4830 1376 4876 eruut
1393 4826 1424 4875 iu
1437 4825 1601 4890 ωΙΙοτίοησ,
1620 4830 1682 4878 stve

373 4889 467 4942 clune
486 4895 559 4959 slus,
578 4909 635 4944 nen
653 4891 716 4944 sinc
733 4902 813 4947 nasa.
833 4894 915 4949 Caes.

448 4969 494 5024 25.
515 4965 670 5035 unodsoee]
691 4965 724 5020 ln
745 4967 916 5040 praecedenti
936 4969 1057 5024 edtttoue
1071 4961 1217 5043 'perperam
1237 4967 1378 5044 legebatur
1397 4967 1555 5038 ἀπόθεσις.
1593 4973 1680 5030 Cass.

372 5042 500 5106 (tteesen
520 5041 584 5094 teet.
604 5041 706 5095 hebent
723 5040 791 5095 Ccd
812 5045 874 5097 Bas.
892 5042 933 5098 fis.
953 5043 1011 5099 ald.
1031 5045 1096 5112 Oa.)

448 5119 496 5174 27.
514 5121 563 5186 qut
578 5116 682 5185 prebes
698 5115 818 5186 quidm]
852 5114 884 5171 ld
907 5133 965 5184 ess,
997 5123 1043 5191 qut
1073 5117 1183 5192 quidem
1209 5134 1320 5174 mensus
1353 5119 1450 5196 probas
1475 5135 1680 5178 controversam

377 5205 452 5258 een,
472 5193 497 5244 ts
516 5205 558 5244 ess
578 5190 612 5244 de
631 5195 758 5264 negentne
778 5196 908 5266 quonlam
928 5198 1018 5248 esentr
1039 5193 1119 5248 sebee
1138 5200 1232 5270 gestis.
1252 5195 1335 5249 Cnee.
