<?xml version="1.0" encoding="UTF-8"?>
<!DOCTYPE html PUBLIC "-//W3C//DTD XHTML 1.0 Transitional//EN"
    "http://www.w3.org/TR/xhtml1/DTD/xhtml1-transitional.dtd">
<html xmlns="http://www.w3.org/1999/xhtml" xml:lang="en" lang="en">
 <head>
  <title>
</title>
<meta http-equiv="Content-Type" content="text/html;charset=utf-8" />
  <meta name='ocr-system' content='tesseract 3.04.00' />
  <meta name='ocr-capabilities' content='ocr_page ocr_carea ocr_par ocr_line ocrx_word'/>
</head>
<body>
  <div class='ocr_page' id='page_1' title='image "./operaquaesupers09halmgoog_0119.png"; bbox 0 0 4434 5959; ppageno 0'>
   <div class='ocr_carea' id='block_1_1' title="bbox 951 612 1665 710">
    <p class='ocr_par' dir='ltr' id='par_1_1' title="bbox 951 612 1665 710">
     <span class='ocr_line' id='line_1_1' title="bbox 951 612 1665 710; baseline -0.008 -31"><span class='ocrx_word' id='word_1_1' title='bbox 951 617 1094 710; x_wconf 81' lang='lat' dir='ltr'><strong>ntor.</strong></span> <span class='ocrx_word' id='word_1_2' title='bbox 1606 612 1665 673; x_wconf 83' lang='lat' dir='ltr'><strong>rut</strong></span> 
     </span>
    </p>
   </div>
   <div class='ocr_carea' id='block_1_2' title="bbox 358 753 1767 3631">
    <p class='ocr_par' dir='ltr' id='par_1_2' title="bbox 358 753 1767 3631">
     <span class='ocr_line' id='line_1_2' title="bbox 360 753 1661 837; baseline -0.005 -20"><span class='ocrx_word' id='word_1_3' title='bbox 360 767 392 817; x_wconf 92' lang='lat' dir='ltr'><strong>et</strong></span> <span class='ocrx_word' id='word_1_4' title='bbox 413 775 539 817; x_wconf 89' lang='lat' dir='ltr'><strong>rursum</strong></span> <span class='ocrx_word' id='word_1_5' title='bbox 561 753 802 834; x_wconf 71' lang='lat' dir='ltr'><strong>assumptionem</strong></span> <span class='ocrx_word' id='word_1_6' title='bbox 824 768 855 817; x_wconf 92' lang='lat' dir='ltr'><strong>et</strong></span> <span class='ocrx_word' id='word_1_7' title='bbox 876 755 1135 837; x_wconf 73' lang='lat' dir='ltr'><strong>approbationem</strong></span> <span class='ocrx_word' id='word_1_8' title='bbox 1155 754 1225 823; x_wconf 79' lang='lat' dir='ltr'><strong>‚eins</strong></span> <span class='ocrx_word' id='word_1_9' title='bbox 1240 777 1333 817; x_wconf 86' lang='lat' dir='ltr'><strong>ttnttm</strong></span> <span class='ocrx_word' id='word_1_10' title='bbox 1350 754 1494 825; x_wconf 81' lang='lat' dir='ltr'><strong>efficiant.</strong></span> <span class='ocrx_word' id='word_1_11' title='bbox 1541 754 1661 831; x_wconf 69' lang='lat' dir='ltr'><strong>Negant</strong></span> 
     </span>
     <span class='ocr_line' id='line_1_3' title="bbox 361 846 1663 932; baseline -0.004 -24"><span class='ocrx_word' id='word_1_12' title='bbox 361 861 463 909; x_wconf 84' lang='lat' dir='ltr'><strong>atticus</strong></span> <span class='ocrx_word' id='word_1_13' title='bbox 477 848 929 929; x_wconf 82' lang='lat' dir='ltr'><strong>rccteneqneprr-positionem</strong></span> <span class='ocrx_word' id='word_1_14' title='bbox 941 872 1040 932; x_wconf 88' lang='lat' dir='ltr'><strong>neque</strong></span> <span class='ocrx_word' id='word_1_15' title='bbox 1051 848 1317 929; x_wconf 68' lang='lat' dir='ltr'><strong>assumptionem</strong></span> <span class='ocrx_word' id='word_1_16' title='bbox 1327 848 1403 920; x_wconf 91' lang='lat' dir='ltr'><strong>dici,</strong></span> <span class='ocrx_word' id='word_1_17' title='bbox 1426 846 1482 915; x_wconf 76' lang='lat' dir='ltr'><strong>nisi</strong></span> <span class='ocrx_word' id='word_1_18' title='bbox 1498 846 1593 906; x_wconf 80' lang='lat' dir='ltr'><strong>fttcrit</strong></span> <span class='ocrx_word' id='word_1_19' title='bbox 1608 866 1663 923; x_wconf 84' lang='lat' dir='ltr'><strong>ap-</strong></span> 
     </span>
     <span class='ocr_line' id='line_1_4' title="bbox 361 939 1664 1025; baseline 0 -26"><span class='ocrx_word' id='word_1_20' title='bbox 361 942 514 1020; x_wconf 83' lang='lat' dir='ltr'><strong>probata;</strong></span> <span class='ocrx_word' id='word_1_21' title='bbox 539 950 675 1021; x_wconf 88' lang='lat' dir='ltr'><strong>tuncque</strong></span> <span class='ocrx_word' id='word_1_22' title='bbox 687 962 755 1001; x_wconf 89' lang='lat' dir='ltr'><strong>csse</strong></span> <span class='ocrx_word' id='word_1_23' title='bbox 773 942 857 1002; x_wconf 89' lang='lat' dir='ltr'><strong>aiunt</strong></span> <span class='ocrx_word' id='word_1_24' title='bbox 874 943 1122 1025; x_wconf 72' lang='lat' dir='ltr'><strong>propositionem</strong></span> <span class='ocrx_word' id='word_1_25' title='bbox 1135 942 1429 1024; x_wconf 74' lang='lat' dir='ltr'><strong>argumentationis,</strong></span> <span class='ocrx_word' id='word_1_26' title='bbox 1451 939 1476 1001; x_wconf 90' lang='lat' dir='ltr'><strong>si</strong></span> <span class='ocrx_word' id='word_1_27' title='bbox 1489 939 1664 1019; x_wconf 85' lang='lat' dir='ltr'><strong>approbata</strong></span> 
     </span>
     <span class='ocr_line' id='line_1_5' title="bbox 361 1032 1663 1119; baseline -0.002 -24"><span class='ocrx_word' id='word_1_28' title='bbox 361 1032 419 1095; x_wconf 88' lang='lat' dir='ltr'><strong>sit:</strong></span> <span class='ocrx_word' id='word_1_29' title='bbox 442 1034 607 1095; x_wconf 84' lang='lat' dir='ltr'><strong>sinautem</strong></span> <span class='ocrx_word' id='word_1_30' title='bbox 626 1036 798 1112; x_wconf 84' lang='lat' dir='ltr'><strong>approbata</strong></span> <span class='ocrx_word' id='word_1_31' title='bbox 816 1056 878 1096; x_wconf 92' lang='lat' dir='ltr'><strong>uon</strong></span> <span class='ocrx_word' id='word_1_32' title='bbox 898 1036 955 1109; x_wconf 92' lang='lat' dir='ltr'><strong>sit,</strong></span> <span class='ocrx_word' id='word_1_33' title='bbox 979 1057 1048 1097; x_wconf 88' lang='lat' dir='ltr'><strong>esse</strong></span> <span class='ocrx_word' id='word_1_34' title='bbox 1062 1038 1184 1119; x_wconf 87' lang='lat' dir='ltr'><strong>quidctn</strong></span> <span class='ocrx_word' id='word_1_35' title='bbox 1201 1034 1466 1116; x_wconf 87' lang='lat' dir='ltr'><strong>propositionem,</strong></span> <span class='ocrx_word' id='word_1_36' title='bbox 1489 1036 1545 1095; x_wconf 90' lang='lat' dir='ltr'><strong>sed</strong></span> <span class='ocrx_word' id='word_1_37' title='bbox 1567 1052 1663 1112; x_wconf 84' lang='lat' dir='ltr'><strong>argn-</strong></span> 
     </span>
     <span class='ocr_line' id='line_1_6' title="bbox 361 1126 1691 1211; baseline 0.002 -24"><span class='ocrx_word' id='word_1_38' title='bbox 361 1127 475 1198; x_wconf 86' lang='lat' dir='ltr'><strong>ntenti,</strong></span> <span class='ocrx_word' id='word_1_39' title='bbox 514 1148 577 1187; x_wconf 63' lang='lat' dir='ltr'><strong>natu</strong></span> <span class='ocrx_word' id='word_1_40' title='bbox 605 1128 904 1208; x_wconf 81' lang='lat' dir='ltr'><strong>argtsmentationis;</strong></span> <span class='ocrx_word' id='word_1_41' title='bbox 934 1129 965 1189; x_wconf 90' lang='lat' dir='ltr'><strong>in</strong></span> <span class='ocrx_word' id='word_1_42' title='bbox 988 1150 1050 1211; x_wconf 86' lang='lat' dir='ltr'><strong>qna</strong></span> <span class='ocrx_word' id='word_1_43' title='bbox 1073 1128 1341 1208; x_wconf 74' lang='lat' dir='ltr'><strong>argumentatione</strong></span> <span class='ocrx_word' id='word_1_44' title='bbox 1368 1127 1465 1191; x_wconf 88' lang='lat' dir='ltr'><strong>latior</strong></span> <span class='ocrx_word' id='word_1_45' title='bbox 1488 1137 1517 1187; x_wconf 88' lang='lat' dir='ltr'><strong>et</strong></span> <span class='ocrx_word' id='word_1_46' title='bbox 1539 1126 1691 1206; x_wconf 80' lang='lat' dir='ltr'><strong>expuli-i</strong></span> 
     </span>
     <span class='ocr_line' id='line_1_7' title="bbox 361 1219 1663 1304; baseline 0.002 -23"><span class='ocrx_word' id='word_1_47' title='bbox 361 1222 425 1283; x_wconf 91' lang='lat' dir='ltr'><strong>tior</strong></span> <span class='ocrx_word' id='word_1_48' title='bbox 452 1219 593 1283; x_wconf 88' lang='lat' dir='ltr'><strong>elocutio</strong></span> <span class='ocrx_word' id='word_1_49' title='bbox 620 1232 679 1281; x_wconf 87' lang='lat' dir='ltr'><strong>est.</strong></span> <span class='ocrx_word' id='word_1_50' title='bbox 738 1220 849 1303; x_wconf 89' lang='lat' dir='ltr'><strong>ltaque</strong></span> <span class='ocrx_word' id='word_1_51' title='bbox 878 1221 934 1304; x_wconf 91' lang='lat' dir='ltr'><strong>qni</strong></span> <span class='ocrx_word' id='word_1_52' title='bbox 960 1223 1022 1285; x_wconf 91' lang='lat' dir='ltr'><strong>boc</strong></span> <span class='ocrx_word' id='word_1_53' title='bbox 1048 1225 1258 1295; x_wconf 83' lang='lat' dir='ltr'><strong>contendunt,</strong></span> <span class='ocrx_word' id='word_1_54' title='bbox 1297 1234 1412 1300; x_wconf 82' lang='lat' dir='ltr'><strong>negant</strong></span> <span class='ocrx_word' id='word_1_55' title='bbox 1436 1243 1503 1285; x_wconf 86' lang='lat' dir='ltr'><strong>esse</strong></span> <span class='ocrx_word' id='word_1_56' title='bbox 1532 1223 1663 1302; x_wconf 86' lang='lat' dir='ltr'><strong>aruplius</strong></span> 
     </span>
     <span class='ocr_line' id='line_1_8' title="bbox 361 1313 1669 1397; baseline 0.005 -25"><span class='ocrx_word' id='word_1_57' title='bbox 361 1335 453 1397; x_wconf 79' lang='lat' dir='ltr'><strong>quatu</strong></span> <span class='ocrx_word' id='word_1_58' title='bbox 475 1313 661 1393; x_wconf 81' lang='lat' dir='ltr'><strong>tripertitam</strong></span> <span class='ocrx_word' id='word_1_59' title='bbox 684 1314 996 1395; x_wconf 84' lang='lat' dir='ltr'><strong>argnnmntationeto.</strong></span> <span class='ocrx_word' id='word_1_60' title='bbox 1050 1317 1104 1377; x_wconf 84' lang='lat' dir='ltr'><strong>Ab</strong></span> <span class='ocrx_word' id='word_1_61' title='bbox 1129 1315 1174 1377; x_wconf 87' lang='lat' dir='ltr'><strong>his</strong></span> <span class='ocrx_word' id='word_1_62' title='bbox 1196 1314 1311 1379; x_wconf 86' lang='lat' dir='ltr'><strong>Cicero</strong></span> <span class='ocrx_word' id='word_1_63' title='bbox 1334 1315 1530 1377; x_wconf 67' lang='lat' dir='ltr'><strong>dissentiret</strong></span> <span class='ocrx_word' id='word_1_64' title='bbox 1552 1328 1669 1377; x_wconf 82' lang='lat' dir='ltr'><strong>eontra</strong></span> 
     </span>
     <span class='ocr_line' id='line_1_9' title="bbox 361 1400 1661 1491; baseline 0 -22"><span class='ocrx_word' id='word_1_65' title='bbox 361 1409 517 1486; x_wconf 63' lang='lat' dir='ltr'><strong>disputan</strong></span> <span class='ocrx_word' id='word_1_66' title='bbox 551 1408 727 1487; x_wconf 88' lang='lat' dir='ltr'><strong>probatque</strong></span> <span class='ocrx_word' id='word_1_67' title='bbox 759 1407 884 1469; x_wconf 87' lang='lat' dir='ltr'><strong>illorum</strong></span> <span class='ocrx_word' id='word_1_68' title='bbox 915 1408 1121 1483; x_wconf 85' lang='lat' dir='ltr'><strong>sententiam,</strong></span> <span class='ocrx_word' id='word_1_69' title='bbox 1158 1409 1211 1491; x_wconf 92' lang='lat' dir='ltr'><strong>qni</strong></span> <span class='ocrx_word' id='word_1_70' title='bbox 1246 1408 1350 1470; x_wconf 88' lang='lat' dir='ltr'><strong>dietmi</strong></span> <span class='ocrx_word' id='word_1_71' title='bbox 1382 1400 1661 1491; x_wconf 75' lang='lat' dir='ltr'><strong>quinquepertitam</strong></span> 
     </span>
     <span class='ocr_line' id='line_1_10' title="bbox 360 1492 1663 1583; baseline 0.001 -22"><span class='ocrx_word' id='word_1_72' title='bbox 360 1500 675 1573; x_wconf 67' lang='lat' dir='ltr'><strong>argumentationem.</strong></span> <span class='ocrx_word' id='word_1_73' title='bbox 720 1501 833 1581; x_wconf 87' lang='lat' dir='ltr'><strong>ltaque</strong></span> <span class='ocrx_word' id='word_1_74' title='bbox 854 1502 917 1563; x_wconf 85' lang='lat' dir='ltr'><strong>boe</strong></span> <span class='ocrx_word' id='word_1_75' title='bbox 932 1492 1055 1564; x_wconf 65' lang='lat' dir='ltr'><strong>iliccro</strong></span> <span class='ocrx_word' id='word_1_76' title='bbox 1073 1503 1240 1564; x_wconf 78' lang='lat' dir='ltr'><strong>sennodum</strong></span> <span class='ocrx_word' id='word_1_77' title='bbox 1257 1511 1353 1566; x_wconf 88' lang='lat' dir='ltr'><strong>artem</strong></span> <span class='ocrx_word' id='word_1_78' title='bbox 1370 1501 1500 1563; x_wconf 84' lang='lat' dir='ltr'><strong>testibus</strong></span> <span class='ocrx_word' id='word_1_79' title='bbox 1516 1513 1547 1563; x_wconf 92' lang='lat' dir='ltr'><strong>ct</strong></span> <span class='ocrx_word' id='word_1_80' title='bbox 1568 1523 1663 1583; x_wconf 82' lang='lat' dir='ltr'><strong>argit·</strong></span> 
     </span>
     <span class='ocr_line' id='line_1_11' title="bbox 362 1592 1705 1676; baseline 0.005 -22"><span class='ocrx_word' id='word_1_81' title='bbox 362 1594 472 1655; x_wconf 78' lang='lat' dir='ltr'><strong>nentis</strong></span> <span class='ocrx_word' id='word_1_82' title='bbox 494 1594 621 1673; x_wconf 85' lang='lat' dir='ltr'><strong>probat.</strong></span> <span class='ocrx_word' id='word_1_83' title='bbox 671 1594 821 1655; x_wconf 76' lang='lat' dir='ltr'><strong>&#39;l&#39;estibns</strong></span> <span class='ocrx_word' id='word_1_84' title='bbox 847 1592 910 1655; x_wconf 84' lang='lat' dir='ltr'><strong>sic:</strong></span> <span class='ocrx_word' id='word_1_85' title='bbox 946 1597 1058 1674; x_wconf 83' lang='lat' dir='ltr'><strong>Quam</strong></span> <span class='ocrx_word' id='word_1_86' title='bbox 1090 1614 1224 1666; x_wconf 88' lang='lat' dir='ltr'><strong>omnes,</strong></span> <span class='ocrx_word' id='word_1_87' title='bbox 1256 1594 1373 1676; x_wconf 87' lang='lat' dir='ltr'><strong>inquit,</strong></span> <span class='ocrx_word' id='word_1_88' title='bbox 1413 1594 1456 1655; x_wconf 88' lang='lat' dir='ltr'><strong>ab</strong></span> <span class='ocrx_word' id='word_1_89' title='bbox 1481 1594 1705 1661; x_wconf 71' lang='lat' dir='ltr'><strong>Aristotelem</strong></span> 
     </span>
     <span class='ocr_line' id='line_1_12' title="bbox 358 1683 1661 1774; baseline -0.002 -25"><span class='ocrx_word' id='word_1_90' title='bbox 358 1699 393 1749; x_wconf 86' lang='lat' dir='ltr'><strong>et</strong></span> <span class='ocrx_word' id='word_1_91' title='bbox 420 1690 657 1766; x_wconf 68' lang='lat' dir='ltr'><strong>Theophrasto</strong></span> <span class='ocrx_word' id='word_1_92' title='bbox 675 1683 826 1774; x_wconf 86' lang='lat' dir='ltr'><strong>profecti</strong></span> <span class='ocrx_word' id='word_1_93' title='bbox 850 1686 1000 1748; x_wconf 73' lang='lat' dir='ltr'><strong>manime</strong></span> <span class='ocrx_word' id='word_1_94' title='bbox 1029 1686 1136 1747; x_wconf 70' lang='lat' dir='ltr'><strong>serini</strong></span> <span class='ocrx_word' id='word_1_95' title='bbox 1155 1698 1246 1749; x_wconf 85' lang='lat' dir='ltr'><strong>srtnt.</strong></span> <span class='ocrx_word' id='word_1_96' title='bbox 1299 1688 1379 1749; x_wconf 81' lang='lat' dir='ltr'><strong>Nam</strong></span> <span class='ocrx_word' id='word_1_97' title='bbox 1403 1689 1661 1768; x_wconf 87' lang='lat' dir='ltr'><strong>quemadmodum</strong></span> 
     </span>
     <span class='ocr_line' id='line_1_13' title="bbox 362 1777 1767 1859; baseline 0.004 -21"><span class='ocrx_word' id='word_1_98' title='bbox 362 1780 489 1859; x_wconf 88' lang='lat' dir='ltr'><strong>(inquit)</strong></span> <span class='ocrx_word' id='word_1_99' title='bbox 510 1780 655 1859; x_wconf 85' lang='lat' dir='ltr'><strong>superins</strong></span> <span class='ocrx_word' id='word_1_100' title='bbox 683 1777 960 1859; x_wconf 74' lang='lat' dir='ltr'><strong>argumentationis</strong></span> <span class='ocrx_word' id='word_1_101' title='bbox 981 1800 1099 1859; x_wconf 85' lang='lat' dir='ltr'><strong>genus,</strong></span> <span class='ocrx_word' id='word_1_102' title='bbox 1134 1778 1258 1853; x_wconf 86' lang='lat' dir='ltr'><strong>idest,</strong></span> <span class='ocrx_word' id='word_1_103' title='bbox 1281 1777 1487 1853; x_wconf 88' lang='lat' dir='ltr'><strong>inductionis,</strong></span> <span class='ocrx_word' id='word_1_104' title='bbox 1514 1783 1662 1844; x_wconf 77' lang='lat' dir='ltr'><strong>Socrates</strong></span> <span class='ocrx_word' id='word_1_105' title='bbox 1765 1848 1767 1853; x_wconf 69' lang='grc'>,</span> 
     </span>
     <span class='ocr_line' id='line_1_14' title="bbox 362 1869 1661 1956; baseline 0.002 -24"><span class='ocrx_word' id='word_1_106' title='bbox 362 1872 497 1933; x_wconf 85' lang='lat' dir='ltr'><strong>maxime</strong></span> <span class='ocrx_word' id='word_1_107' title='bbox 518 1883 680 1947; x_wconf 85' lang='lat' dir='ltr'><strong>etoutnes</strong></span> <span class='ocrx_word' id='word_1_108' title='bbox 710 1869 863 1932; x_wconf 71' lang='lat' dir='ltr'><strong>Socratici</strong></span> <span class='ocrx_word' id='word_1_109' title='bbox 885 1882 1113 1945; x_wconf 62' lang='lat' dir='ltr'><strong>tractationum</strong></span> <span class='ocrx_word' id='word_1_110' title='bbox 1148 1872 1187 1935; x_wconf 89' lang='lat' dir='ltr'><strong>ita</strong></span> <span class='ocrx_word' id='word_1_111' title='bbox 1211 1874 1273 1936; x_wconf 90' lang='lat' dir='ltr'><strong>boc</strong></span> <span class='ocrx_word' id='word_1_112' title='bbox 1296 1894 1395 1956; x_wconf 84' lang='lat' dir='ltr'><strong>gentis</strong></span> <span class='ocrx_word' id='word_1_113' title='bbox 1416 1874 1661 1954; x_wconf 86' lang='lat' dir='ltr'><strong>argtuncutatio·</strong></span> 
     </span>
     <span class='ocr_line' id='line_1_15' title="bbox 362 1961 1662 2047; baseline 0.002 -20"><span class='ocrx_word' id='word_1_114' title='bbox 362 1965 428 2037; x_wconf 88' lang='lat' dir='ltr'><strong>nis,</strong></span> <span class='ocrx_word' id='word_1_115' title='bbox 453 1964 573 2034; x_wconf 89' lang='lat' dir='ltr'><strong>idest,</strong></span> <span class='ocrx_word' id='word_1_116' title='bbox 606 1961 803 2025; x_wconf 84' lang='lat' dir='ltr'><strong>ratiocinatio</strong></span> <span class='ocrx_word' id='word_1_117' title='bbox 824 1963 1098 2047; x_wconf 87' lang='lat' dir='ltr'><strong>quinquepertita,</strong></span> <span class='ocrx_word' id='word_1_118' title='bbox 1129 1966 1168 2027; x_wconf 90' lang='lat' dir='ltr'><strong>ab</strong></span> <span class='ocrx_word' id='word_1_119' title='bbox 1191 1964 1364 2028; x_wconf 78' lang='lat' dir='ltr'><strong>Aristotele</strong></span> <span class='ocrx_word' id='word_1_120' title='bbox 1386 1976 1416 2025; x_wconf 86' lang='lat' dir='ltr'><strong>et</strong></span> <span class='ocrx_word' id='word_1_121' title='bbox 1439 1966 1662 2047; x_wconf 77' lang='lat' dir='ltr'><strong>&#39;l&#39;beuphrasto</strong></span> 
     </span>
     <span class='ocr_line' id='line_1_16' title="bbox 362 2057 1705 2139; baseline 0.001 -19"><span class='ocrx_word' id='word_1_122' title='bbox 362 2062 413 2123; x_wconf 80' lang='lat' dir='ltr'><strong>rei</strong></span> <span class='ocrx_word' id='word_1_123' title='bbox 438 2057 659 2139; x_wconf 85' lang='lat' dir='ltr'><strong>Peripateticis</strong></span> <span class='ocrx_word' id='word_1_124' title='bbox 678 2058 908 2139; x_wconf 76' lang='lat' dir='ltr'><strong>frequentatum</strong></span> <span class='ocrx_word' id='word_1_125' title='bbox 941 2070 1034 2139; x_wconf 89' lang='lat' dir='ltr'><strong>atque</strong></span> <span class='ocrx_word' id='word_1_126' title='bbox 1063 2067 1227 2119; x_wconf 82' lang='lat' dir='ltr'><strong>tractatum</strong></span> <span class='ocrx_word' id='word_1_127' title='bbox 1256 2070 1315 2121; x_wconf 85' lang='lat' dir='ltr'><strong>est.</strong></span> <span class='ocrx_word' id='word_1_128' title='bbox 1366 2058 1428 2119; x_wconf 87' lang='lat' dir='ltr'><strong>Sed</strong></span> <span class='ocrx_word' id='word_1_129' title='bbox 1457 2059 1528 2139; x_wconf 87' lang='lat' dir='ltr'><strong>qnia</strong></span> <span class='ocrx_word' id='word_1_130' title='bbox 1553 2073 1705 2133; x_wconf 69' lang='lat' dir='ltr'><strong>oratoris</strong></span> 
     </span>
     <span class='ocr_line' id='line_1_17' title="bbox 361 2150 1663 2232; baseline 0 -17"><span class='ocrx_word' id='word_1_131' title='bbox 361 2152 552 2216; x_wconf 83' lang='lat' dir='ltr'><strong>rhetoricam</strong></span> <span class='ocrx_word' id='word_1_132' title='bbox 574 2150 715 2213; x_wconf 89' lang='lat' dir='ltr'><strong>scribens</strong></span> <span class='ocrx_word' id='word_1_133' title='bbox 736 2151 916 2232; x_wconf 85' lang='lat' dir='ltr'><strong>importune</strong></span> <span class='ocrx_word' id='word_1_134' title='bbox 937 2171 1035 2230; x_wconf 87' lang='lat' dir='ltr'><strong>paene</strong></span> <span class='ocrx_word' id='word_1_135' title='bbox 1056 2150 1264 2231; x_wconf 90' lang='lat' dir='ltr'><strong>philosophos</strong></span> <span class='ocrx_word' id='word_1_136' title='bbox 1280 2154 1317 2213; x_wconf 88' lang='lat' dir='ltr'><strong>ad</strong></span> <span class='ocrx_word' id='word_1_137' title='bbox 1338 2150 1547 2217; x_wconf 87' lang='lat' dir='ltr'><strong>testimoninm</strong></span> <span class='ocrx_word' id='word_1_138' title='bbox 1571 2167 1663 2219; x_wconf 83' lang='lat' dir='ltr'><strong>vocat</strong></span> 
     </span>
     <span class='ocr_line' id='line_1_18' title="bbox 361 2243 1663 2330; baseline 0 -23"><span class='ocrx_word' id='word_1_139' title='bbox 361 2248 449 2330; x_wconf 85' lang='lat' dir='ltr'><strong>[qnia</strong></span> <span class='ocrx_word' id='word_1_140' title='bbox 471 2249 511 2308; x_wconf 89' lang='lat' dir='ltr'><strong>de</strong></span> <span class='ocrx_word' id='word_1_141' title='bbox 532 2245 689 2307; x_wconf 84' lang='lat' dir='ltr'><strong>dialectica</strong></span> <span class='ocrx_word' id='word_1_142' title='bbox 711 2244 768 2307; x_wconf 89' lang='lat' dir='ltr'><strong>iste</strong></span> <span class='ocrx_word' id='word_1_143' title='bbox 791 2254 939 2307; x_wconf 87' lang='lat' dir='ltr'><strong>tractatus</strong></span> <span class='ocrx_word' id='word_1_144' title='bbox 961 2254 1019 2319; x_wconf 84' lang='lat' dir='ltr'><strong>est,</strong></span> <span class='ocrx_word' id='word_1_145' title='bbox 1037 2256 1121 2305; x_wconf 89' lang='lat' dir='ltr'><strong>rcete</strong></span> <span class='ocrx_word' id='word_1_146' title='bbox 1144 2243 1353 2323; x_wconf 85' lang='lat' dir='ltr'><strong>philosophos</strong></span> <span class='ocrx_word' id='word_1_147' title='bbox 1367 2243 1427 2307; x_wconf 89' lang='lat' dir='ltr'><strong>sibi</strong></span> <span class='ocrx_word' id='word_1_148' title='bbox 1442 2248 1584 2319; x_wconf 81' lang='lat' dir='ltr'><strong>adiubet,</strong></span> <span class='ocrx_word' id='word_1_149' title='bbox 1609 2246 1663 2329; x_wconf 90' lang='lat' dir='ltr'><strong>qni</strong></span> 
     </span>
     <span class='ocr_line' id='line_1_19' title="bbox 360 2336 1663 2421; baseline 0 -18"><span class='ocrx_word' id='word_1_150' title='bbox 360 2340 551 2404; x_wconf 78' lang='lat' dir='ltr'><strong>rhetoricam</strong></span> <span class='ocrx_word' id='word_1_151' title='bbox 573 2337 714 2417; x_wconf 89' lang='lat' dir='ltr'><strong>scribit;]</strong></span> <span class='ocrx_word' id='word_1_152' title='bbox 735 2338 875 2419; x_wconf 80' lang='lat' dir='ltr'><strong>adirmgit</strong></span> <span class='ocrx_word' id='word_1_153' title='bbox 896 2336 987 2399; x_wconf 82' lang='lat' dir='ltr'><strong>etiam</strong></span> <span class='ocrx_word' id='word_1_154' title='bbox 1010 2336 1125 2398; x_wconf 90' lang='lat' dir='ltr'><strong>multos</strong></span> <span class='ocrx_word' id='word_1_155' title='bbox 1144 2347 1289 2399; x_wconf 81' lang='lat' dir='ltr'><strong>oratores</strong></span> <span class='ocrx_word' id='word_1_156' title='bbox 1305 2337 1552 2419; x_wconf 84' lang='lat' dir='ltr'><strong>elegantissimos</strong></span> <span class='ocrx_word' id='word_1_157' title='bbox 1571 2354 1663 2421; x_wconf 89' lang='lat' dir='ltr'><strong>atque</strong></span> 
     </span>
     <span class='ocr_line' id='line_1_20' title="bbox 362 2428 1663 2517; baseline -0.001 -20"><span class='ocrx_word' id='word_1_158' title='bbox 362 2432 635 2497; x_wconf 81' lang='lat' dir='ltr'><strong>artificiosissimos</strong></span> <span class='ocrx_word' id='word_1_159' title='bbox 655 2430 821 2504; x_wconf 62' lang='lat' dir='ltr'><strong>indicatos,</strong></span> <span class='ocrx_word' id='word_1_160' title='bbox 850 2429 903 2513; x_wconf 93' lang='lat' dir='ltr'><strong>qui</strong></span> <span class='ocrx_word' id='word_1_161' title='bbox 924 2428 971 2490; x_wconf 89' lang='lat' dir='ltr'><strong>nsi</strong></span> <span class='ocrx_word' id='word_1_162' title='bbox 990 2437 1063 2489; x_wconf 83' lang='lat' dir='ltr'><strong>strat</strong></span> <span class='ocrx_word' id='word_1_163' title='bbox 1084 2430 1143 2489; x_wconf 88' lang='lat' dir='ltr'><strong>ban</strong></span> <span class='ocrx_word' id='word_1_164' title='bbox 1161 2430 1430 2509; x_wconf 78' lang='lat' dir='ltr'><strong>argumentatione</strong></span> <span class='ocrx_word' id='word_1_165' title='bbox 1452 2434 1663 2517; x_wconf 86' lang='lat' dir='ltr'><strong>quinqueper-</strong></span> 
     </span>
     <span class='ocr_line' id='line_1_21' title="bbox 361 2520 1705 2609; baseline 0.001 -20"><span class='ocrx_word' id='word_1_166' title='bbox 361 2527 437 2599; x_wconf 88' lang='lat' dir='ltr'><strong>tita;</strong></span> <span class='ocrx_word' id='word_1_167' title='bbox 458 2525 596 2597; x_wconf 83' lang='lat' dir='ltr'><strong>deinde,</strong></span> <span class='ocrx_word' id='word_1_168' title='bbox 630 2523 746 2606; x_wconf 91' lang='lat' dir='ltr'><strong>iuquit,</strong></span> <span class='ocrx_word' id='word_1_169' title='bbox 767 2544 792 2585; x_wconf 88' lang='lat' dir='ltr'><strong>a</strong></span> <span class='ocrx_word' id='word_1_170' title='bbox 812 2521 1002 2585; x_wconf 79' lang='lat' dir='ltr'><strong>rhetoribus</strong></span> <span class='ocrx_word' id='word_1_171' title='bbox 1022 2520 1086 2592; x_wconf 85' lang='lat' dir='ltr'><strong>iis,</strong></span> <span class='ocrx_word' id='word_1_172' title='bbox 1118 2520 1176 2601; x_wconf 83' lang='lat' dir='ltr'><strong>qui</strong></span> <span class='ocrx_word' id='word_1_173' title='bbox 1196 2522 1439 2601; x_wconf 81' lang='lat' dir='ltr'><strong>elegantissimi</strong></span> <span class='ocrx_word' id='word_1_174' title='bbox 1461 2538 1561 2609; x_wconf 81' lang='lat' dir='ltr'><strong>atqite</strong></span> <span class='ocrx_word' id='word_1_175' title='bbox 1579 2527 1705 2599; x_wconf 75' lang='lat' dir='ltr'><strong>arti-no</strong></span> 
     </span>
     <span class='ocr_line' id='line_1_22' title="bbox 362 2613 1660 2698; baseline 0.001 -17"><span class='ocrx_word' id='word_1_176' title='bbox 362 2617 575 2695; x_wconf 73' lang='lat' dir='ltr'><strong>liciosissimi</strong></span> <span class='ocrx_word' id='word_1_177' title='bbox 599 2618 713 2698; x_wconf 71' lang='lat' dir='ltr'><strong>panau·</strong></span> <span class='ocrx_word' id='word_1_178' title='bbox 735 2628 827 2680; x_wconf 85' lang='lat' dir='ltr'><strong>sont.</strong></span> <span class='ocrx_word' id='word_1_179' title='bbox 883 2616 996 2697; x_wconf 88' lang='lat' dir='ltr'><strong>ltaque</strong></span> <span class='ocrx_word' id='word_1_180' title='bbox 1024 2613 1155 2677; x_wconf 87' lang='lat' dir='ltr'><strong>testibus</strong></span> <span class='ocrx_word' id='word_1_181' title='bbox 1183 2614 1332 2694; x_wconf 89' lang='lat' dir='ltr'><strong>probavit</strong></span> <span class='ocrx_word' id='word_1_182' title='bbox 1353 2636 1414 2677; x_wconf 92' lang='lat' dir='ltr'><strong>non</strong></span> <span class='ocrx_word' id='word_1_183' title='bbox 1437 2621 1660 2693; x_wconf 78' lang='lat' dir='ltr'><strong>reconcilias,</strong></span> 
     </span>
     <span class='ocr_line' id='line_1_23' title="bbox 362 2708 1662 2793; baseline 0.001 -20"><span class='ocrx_word' id='word_1_184' title='bbox 362 2714 416 2792; x_wconf 87' lang='lat' dir='ltr'><strong>qni</strong></span> <span class='ocrx_word' id='word_1_185' title='bbox 449 2721 589 2772; x_wconf 74' lang='lat' dir='ltr'><strong>asserant</strong></span> <span class='ocrx_word' id='word_1_186' title='bbox 617 2709 898 2793; x_wconf 78' lang='lat' dir='ltr'><strong>quinquepertitam</strong></span> <span class='ocrx_word' id='word_1_187' title='bbox 920 2708 1243 2791; x_wconf 75' lang='lat' dir='ltr'><strong>argumentationem:</strong></span> <span class='ocrx_word' id='word_1_188' title='bbox 1281 2711 1337 2771; x_wconf 89' lang='lat' dir='ltr'><strong>sed</strong></span> <span class='ocrx_word' id='word_1_189' title='bbox 1358 2712 1429 2791; x_wconf 89' lang='lat' dir='ltr'><strong>qnia</strong></span> <span class='ocrx_word' id='word_1_190' title='bbox 1455 2725 1580 2793; x_wconf 83' lang='lat' dir='ltr'><strong>poterat</strong></span> <span class='ocrx_word' id='word_1_191' title='bbox 1602 2714 1662 2776; x_wconf 87' lang='lat' dir='ltr'><strong>dici</strong></span> 
     </span>
     <span class='ocr_line' id='line_1_24' title="bbox 361 2803 1662 2885; baseline 0.002 -18"><span class='ocrx_word' id='word_1_192' title='bbox 361 2803 535 2870; x_wconf 73' lang='lat' dir='ltr'><strong>Ciceroniz</strong></span> <span class='ocrx_word' id='word_1_193' title='bbox 568 2804 684 2866; x_wconf 80' lang='lat' dir='ltr'><strong>Etiam</strong></span> <span class='ocrx_word' id='word_1_194' title='bbox 709 2804 776 2877; x_wconf 88' lang='lat' dir='ltr'><strong>illi,</strong></span> <span class='ocrx_word' id='word_1_195' title='bbox 814 2823 899 2885; x_wconf 80' lang='lat' dir='ltr'><strong>quos</strong></span> <span class='ocrx_word' id='word_1_196' title='bbox 923 2822 1186 2875; x_wconf 82' lang='lat' dir='ltr'><strong>commemorns,</strong></span> <span class='ocrx_word' id='word_1_197' title='bbox 1220 2817 1439 2875; x_wconf 74' lang='lat' dir='ltr'><strong>erraoernnt5</strong></span> <span class='ocrx_word' id='word_1_198' title='bbox 1474 2806 1609 2867; x_wconf 86' lang='lat' dir='ltr'><strong>ostendit</strong></span> <span class='ocrx_word' id='word_1_199' title='bbox 1628 2828 1662 2869; x_wconf 88' lang='lat' dir='ltr'><strong>se</strong></span> 
     </span>
     <span class='ocr_line' id='line_1_25' title="bbox 361 2896 1662 2979; baseline -0.001 -18"><span class='ocrx_word' id='word_1_200' title='bbox 361 2898 540 2977; x_wconf 74' lang='lat' dir='ltr'><strong>exensplnm</strong></span> <span class='ocrx_word' id='word_1_201' title='bbox 563 2896 689 2959; x_wconf 88' lang='lat' dir='ltr'><strong>illorum</strong></span> <span class='ocrx_word' id='word_1_202' title='bbox 712 2916 774 2959; x_wconf 89' lang='lat' dir='ltr'><strong>non</strong></span> <span class='ocrx_word' id='word_1_203' title='bbox 798 2908 912 2958; x_wconf 83' lang='lat' dir='ltr'><strong>temere</strong></span> <span class='ocrx_word' id='word_1_204' title='bbox 935 2905 1075 2956; x_wconf 88' lang='lat' dir='ltr'><strong>sectttnm</strong></span> <span class='ocrx_word' id='word_1_205' title='bbox 1095 2896 1274 2977; x_wconf 87' lang='lat' dir='ltr'><strong>probatque</strong></span> <span class='ocrx_word' id='word_1_206' title='bbox 1296 2896 1488 2979; x_wconf 84' lang='lat' dir='ltr'><strong>argumentis</strong></span> <span class='ocrx_word' id='word_1_207' title='bbox 1510 2897 1573 2959; x_wconf 83' lang='lat' dir='ltr'><strong>stris</strong></span> <span class='ocrx_word' id='word_1_208' title='bbox 1600 2919 1662 2961; x_wconf 93' lang='lat' dir='ltr'><strong>ooo</strong></span> 
     </span>
     <span class='ocr_line' id='line_1_26' title="bbox 362 2988 1705 3073; baseline -0.001 -17"><span class='ocrx_word' id='word_1_209' title='bbox 362 3013 472 3056; x_wconf 84' lang='lat' dir='ltr'><strong>errare</strong></span> <span class='ocrx_word' id='word_1_210' title='bbox 494 3006 586 3063; x_wconf 70' lang='lat' dir='ltr'><strong>eos,</strong></span> <span class='ocrx_word' id='word_1_211' title='bbox 603 2989 658 3073; x_wconf 90' lang='lat' dir='ltr'><strong>qni</strong></span> <span class='ocrx_word' id='word_1_212' title='bbox 680 2988 962 3072; x_wconf 83' lang='lat' dir='ltr'><strong>quinquepertitam</strong></span> <span class='ocrx_word' id='word_1_213' title='bbox 983 2989 1304 3073; x_wconf 81' lang='lat' dir='ltr'><strong>argttmeotatinneott</strong></span> <span class='ocrx_word' id='word_1_214' title='bbox 1328 3010 1435 3053; x_wconf 86' lang='lat' dir='ltr'><strong>errare</strong></span> <span class='ocrx_word' id='word_1_215' title='bbox 1457 3002 1559 3052; x_wconf 90' lang='lat' dir='ltr'><strong>antem</strong></span> <span class='ocrx_word' id='word_1_216' title='bbox 1582 3011 1638 3053; x_wconf 91' lang='lat' dir='ltr'><strong>eos</strong></span> <span class='ocrx_word' id='word_1_217' title='bbox 1651 3033 1661 3064; x_wconf 92' lang='lat'><strong>,</strong></span> <span class='ocrx_word' id='word_1_218' title='bbox 1674 3014 1705 3062; x_wconf 76' lang='lat'><strong>25</strong></span> 
     </span>
     <span class='ocr_line' id='line_1_27' title="bbox 363 3078 1751 3167; baseline -0.001 -21"><span class='ocrx_word' id='word_1_219' title='bbox 363 3084 418 3167; x_wconf 90' lang='lat' dir='ltr'><strong>qni</strong></span> <span class='ocrx_word' id='word_1_220' title='bbox 440 3082 628 3163; x_wconf 85' lang='lat' dir='ltr'><strong>tripertitam</strong></span> <span class='ocrx_word' id='word_1_221' title='bbox 648 3078 717 3145; x_wconf 75' lang='lat' dir='ltr'><strong>ess&#39;e</strong></span> <span class='ocrx_word' id='word_1_222' title='bbox 737 3085 938 3145; x_wconf 84' lang='lat' dir='ltr'><strong>contendant.</strong></span> <span class='ocrx_word' id='word_1_223' title='bbox 981 3084 1092 3166; x_wconf 85' lang='lat' dir='ltr'><strong>ltaque</strong></span> <span class='ocrx_word' id='word_1_224' title='bbox 1115 3084 1190 3145; x_wconf 86' lang='lat' dir='ltr'><strong>haee</strong></span> <span class='ocrx_word' id='word_1_225' title='bbox 1212 3095 1258 3145; x_wconf 90' lang='lat' dir='ltr'><strong>est</strong></span> <span class='ocrx_word' id='word_1_226' title='bbox 1273 3082 1436 3165; x_wconf 82' lang='lat' dir='ltr'><strong>quaestio:</strong></span> <span class='ocrx_word' id='word_1_227' title='bbox 1460 3085 1583 3145; x_wconf 87' lang='lat' dir='ltr'><strong>Utrum</strong></span> <span class='ocrx_word' id='word_1_228' title='bbox 1597 3084 1663 3145; x_wconf 91' lang='lat' dir='ltr'><strong>tri·</strong></span> <span class='ocrx_word' id='word_1_229' title='bbox 1748 3126 1751 3135; x_wconf 82' lang='lat'>·</span> 
     </span>
     <span class='ocr_line' id='line_1_28' title="bbox 359 3175 1663 3261; baseline 0.001 -22"><span class='ocrx_word' id='word_1_230' title='bbox 359 3178 513 3261; x_wconf 64' lang='lat' dir='ltr'><strong>pertita,</strong></span> <span class='ocrx_word' id='word_1_231' title='bbox 550 3196 596 3237; x_wconf 93' lang='lat' dir='ltr'><strong>an</strong></span> <span class='ocrx_word' id='word_1_232' title='bbox 626 3176 895 3259; x_wconf 80' lang='lat' dir='ltr'><strong>quadripertita,</strong></span> <span class='ocrx_word' id='word_1_233' title='bbox 932 3196 977 3237; x_wconf 91' lang='lat' dir='ltr'><strong>an</strong></span> <span class='ocrx_word' id='word_1_234' title='bbox 1014 3176 1287 3259; x_wconf 82' lang='lat' dir='ltr'><strong>quinquepertita</strong></span> <span class='ocrx_word' id='word_1_235' title='bbox 1319 3175 1364 3237; x_wconf 86' lang='lat' dir='ltr'><strong>st&#39;t</strong></span> <span class='ocrx_word' id='word_1_236' title='bbox 1396 3175 1663 3257; x_wconf 79' lang='lat' dir='ltr'><strong>argtsmentatio·</strong></span> 
     </span>
     <span class='ocr_line' id='line_1_29' title="bbox 361 3266 1662 3349; baseline -0.003 -16"><span class='ocrx_word' id='word_1_237' title='bbox 361 3270 481 3334; x_wconf 81' lang='lat' dir='ltr'><strong>Cicero</strong></span> <span class='ocrx_word' id='word_1_238' title='bbox 510 3269 612 3332; x_wconf 90' lang='lat' dir='ltr'><strong>rnnltis</strong></span> <span class='ocrx_word' id='word_1_239' title='bbox 643 3268 833 3347; x_wconf 72' lang='lat' dir='ltr'><strong>syllogismis</strong></span> <span class='ocrx_word' id='word_1_240' title='bbox 860 3267 924 3335; x_wconf 82' lang='lat' dir='ltr'><strong>stris</strong></span> <span class='ocrx_word' id='word_1_241' title='bbox 945 3290 1027 3329; x_wconf 90' lang='lat' dir='ltr'><strong>nunc</strong></span> <span class='ocrx_word' id='word_1_242' title='bbox 1050 3266 1329 3349; x_wconf 87' lang='lat' dir='ltr'><strong>quinquepertitis,</strong></span> <span class='ocrx_word' id='word_1_243' title='bbox 1366 3290 1448 3330; x_wconf 90' lang='lat' dir='ltr'><strong>nune</strong></span> <span class='ocrx_word' id='word_1_244' title='bbox 1478 3268 1662 3347; x_wconf 86' lang='lat' dir='ltr'><strong>tripertitis,</strong></span> 
     </span>
     <span class='ocr_line' id='line_1_30' title="bbox 361 3354 1665 3445; baseline -0.003 -19"><span class='ocrx_word' id='word_1_245' title='bbox 361 3354 481 3445; x_wconf 81' lang='lat' dir='ltr'><strong>probat</strong></span> <span class='ocrx_word' id='word_1_246' title='bbox 502 3361 786 3444; x_wconf 87' lang='lat' dir='ltr'><strong>quinquepertitam</strong></span> <span class='ocrx_word' id='word_1_247' title='bbox 808 3381 875 3423; x_wconf 83' lang='lat' dir='ltr'><strong>esse</strong></span> <span class='ocrx_word' id='word_1_248' title='bbox 897 3359 1209 3444; x_wconf 84' lang='lat' dir='ltr'><strong>argtttneotatiooem.</strong></span> <span class='ocrx_word' id='word_1_249' title='bbox 1267 3362 1310 3423; x_wconf 88' lang='lat' dir='ltr'><strong>Et</strong></span> <span class='ocrx_word' id='word_1_250' title='bbox 1331 3359 1434 3441; x_wconf 88' lang='lat' dir='ltr'><strong>pritno</strong></span> <span class='ocrx_word' id='word_1_251' title='bbox 1456 3360 1566 3422; x_wconf 88' lang='lat' dir='ltr'><strong>asserit</strong></span> <span class='ocrx_word' id='word_1_252' title='bbox 1588 3380 1665 3440; x_wconf 90' lang='lat' dir='ltr'><strong>pro·</strong></span> 
     </span>
     <span class='ocr_line' id='line_1_31' title="bbox 362 3453 1707 3538; baseline -0.004 -18"><span class='ocrx_word' id='word_1_253' title='bbox 362 3456 551 3538; x_wconf 84' lang='lat' dir='ltr'><strong>positionem</strong></span> <span class='ocrx_word' id='word_1_254' title='bbox 572 3464 604 3516; x_wconf 90' lang='lat' dir='ltr'><strong>et</strong></span> <span class='ocrx_word' id='word_1_255' title='bbox 624 3454 884 3534; x_wconf 86' lang='lat' dir='ltr'><strong>approbationem</strong></span> <span class='ocrx_word' id='word_1_256' title='bbox 906 3454 988 3517; x_wconf 90' lang='lat' dir='ltr'><strong>inter</strong></span> <span class='ocrx_word' id='word_1_257' title='bbox 1013 3476 1049 3518; x_wconf 89' lang='lat' dir='ltr'><strong>se</strong></span> <span class='ocrx_word' id='word_1_258' title='bbox 1071 3476 1140 3518; x_wconf 88' lang='lat' dir='ltr'><strong>csse</strong></span> <span class='ocrx_word' id='word_1_259' title='bbox 1166 3453 1322 3526; x_wconf 69' lang='lat' dir='ltr'><strong>diversam</strong></span> <span class='ocrx_word' id='word_1_260' title='bbox 1355 3453 1387 3515; x_wconf 92' lang='lat' dir='ltr'><strong>in</strong></span> <span class='ocrx_word' id='word_1_261' title='bbox 1409 3474 1471 3537; x_wconf 85' lang='lat' dir='ltr'><strong>qua</strong></span> <span class='ocrx_word' id='word_1_262' title='bbox 1493 3456 1707 3529; x_wconf 67' lang='lat' dir='ltr'><strong>assertionem</strong></span> 
     </span>
     <span class='ocr_line' id='line_1_32' title="bbox 358 3545 1665 3631; baseline -0.002 -20"><span class='ocrx_word' id='word_1_263' title='bbox 358 3549 466 3631; x_wconf 84' lang='lat' dir='ltr'><strong>primo</strong></span> <span class='ocrx_word' id='word_1_264' title='bbox 489 3546 681 3631; x_wconf 80' lang='lat' dir='ltr'><strong>argumenti,</strong></span> <span class='ocrx_word' id='word_1_265' title='bbox 705 3546 814 3609; x_wconf 88' lang='lat' dir='ltr'><strong>deinde</strong></span> <span class='ocrx_word' id='word_1_266' title='bbox 828 3548 962 3628; x_wconf 79' lang='lat' dir='ltr'><strong>exempli</strong></span> <span class='ocrx_word' id='word_1_267' title='bbox 978 3561 1025 3610; x_wconf 87' lang='lat' dir='ltr'><strong>est</strong></span> <span class='ocrx_word' id='word_1_268' title='bbox 1040 3547 1255 3631; x_wconf 84' lang='lat' dir='ltr'><strong>syllogismus.</strong></span> <span class='ocrx_word' id='word_1_269' title='bbox 1298 3547 1422 3611; x_wconf 88' lang='lat' dir='ltr'><strong>Dehine</strong></span> <span class='ocrx_word' id='word_1_270' title='bbox 1436 3547 1528 3609; x_wconf 85' lang='lat' dir='ltr'><strong>simili</strong></span> <span class='ocrx_word' id='word_1_271' title='bbox 1543 3545 1665 3609; x_wconf 86' lang='lat' dir='ltr'><strong>ratione</strong></span> 
     </span>
    </p>
   </div>
   <div class='ocr_carea' id='block_1_3' title="bbox 257 3639 1665 3721">
    <p class='ocr_par' dir='ltr' id='par_1_3' title="bbox 257 3639 1665 3721">
     <span class='ocr_line' id='line_1_33' title="bbox 257 3639 1665 3721; baseline -0.001 -19"><span class='ocrx_word' id='word_1_272' title='bbox 257 3663 258 3680; x_wconf 59' lang='lat'>¹</span> <span class='ocrx_word' id='word_1_273' title='bbox 364 3640 476 3705; x_wconf 89' lang='lat' dir='ltr'><strong>asserit</strong></span> <span class='ocrx_word' id='word_1_274' title='bbox 496 3640 736 3720; x_wconf 86' lang='lat' dir='ltr'><strong>assumptionem</strong></span> <span class='ocrx_word' id='word_1_275' title='bbox 760 3650 792 3701; x_wconf 90' lang='lat' dir='ltr'><strong>et</strong></span> <span class='ocrx_word' id='word_1_276' title='bbox 821 3640 1079 3721; x_wconf 87' lang='lat' dir='ltr'><strong>approbationem</strong></span> <span class='ocrx_word' id='word_1_277' title='bbox 1100 3642 1167 3703; x_wconf 91' lang='lat' dir='ltr'><strong>eius</strong></span> <span class='ocrx_word' id='word_1_278' title='bbox 1195 3640 1278 3703; x_wconf 87' lang='lat' dir='ltr'><strong>inter</strong></span> <span class='ocrx_word' id='word_1_279' title='bbox 1298 3662 1332 3703; x_wconf 87' lang='lat' dir='ltr'><strong>se</strong></span> <span class='ocrx_word' id='word_1_280' title='bbox 1361 3661 1429 3703; x_wconf 92' lang='lat' dir='ltr'><strong>csse</strong></span> <span class='ocrx_word' id='word_1_281' title='bbox 1452 3640 1611 3713; x_wconf 66' lang='lat' dir='ltr'><strong>diversam</strong></span> <span class='ocrx_word' id='word_1_282' title='bbox 1636 3639 1665 3701; x_wconf 92' lang='lat' dir='ltr'><strong>in</strong></span> 
     </span>
    </p>
   </div>
   <div class='ocr_carea' id='block_1_4' title="bbox 360 3732 1708 4562">
    <p class='ocr_par' dir='ltr' id='par_1_4' title="bbox 360 3732 1707 4097">
     <span class='ocr_line' id='line_1_34' title="bbox 361 3732 1664 3816; baseline -0.003 -21"><span class='ocrx_word' id='word_1_283' title='bbox 361 3755 425 3815; x_wconf 85' lang='lat' dir='ltr'><strong>qna</strong></span> <span class='ocrx_word' id='word_1_284' title='bbox 446 3753 558 3796; x_wconf 89' lang='lat' dir='ltr'><strong>rursus</strong></span> <span class='ocrx_word' id='word_1_285' title='bbox 578 3732 751 3795; x_wconf 85' lang='lat' dir='ltr'><strong>assertione</strong></span> <span class='ocrx_word' id='word_1_286' title='bbox 772 3732 876 3812; x_wconf 89' lang='lat' dir='ltr'><strong>primo</strong></span> <span class='ocrx_word' id='word_1_287' title='bbox 896 3734 1088 3816; x_wconf 87' lang='lat' dir='ltr'><strong>argumenti,</strong></span> <span class='ocrx_word' id='word_1_288' title='bbox 1111 3736 1221 3797; x_wconf 83' lang='lat' dir='ltr'><strong>deinde</strong></span> <span class='ocrx_word' id='word_1_289' title='bbox 1236 3734 1372 3815; x_wconf 86' lang='lat' dir='ltr'><strong>exempli</strong></span> <span class='ocrx_word' id='word_1_290' title='bbox 1388 3746 1436 3799; x_wconf 86' lang='lat' dir='ltr'><strong>est</strong></span> <span class='ocrx_word' id='word_1_291' title='bbox 1449 3732 1664 3815; x_wconf 85' lang='lat' dir='ltr'><strong>syllogismus.</strong></span> 
     </span>
     <span class='ocr_line' id='line_1_35' title="bbox 363 3826 1665 3910; baseline -0.002 -22"><span class='ocrx_word' id='word_1_292' title='bbox 363 3827 477 3910; x_wconf 84' lang='lat' dir='ltr'><strong>ltaque</strong></span> <span class='ocrx_word' id='word_1_293' title='bbox 497 3837 663 3908; x_wconf 87' lang='lat' dir='ltr'><strong>postquam</strong></span> <span class='ocrx_word' id='word_1_294' title='bbox 686 3826 835 3905; x_wconf 85' lang='lat' dir='ltr'><strong>probarit</strong></span> <span class='ocrx_word' id='word_1_295' title='bbox 854 3827 1106 3907; x_wconf 87' lang='lat' dir='ltr'><strong>propositionem</strong></span> <span class='ocrx_word' id='word_1_296' title='bbox 1129 3838 1159 3889; x_wconf 86' lang='lat' dir='ltr'><strong>et</strong></span> <span class='ocrx_word' id='word_1_297' title='bbox 1181 3828 1422 3908; x_wconf 87' lang='lat' dir='ltr'><strong>assumptionem</strong></span> <span class='ocrx_word' id='word_1_298' title='bbox 1445 3826 1484 3887; x_wconf 87' lang='lat' dir='ltr'><strong>ab</strong></span> <span class='ocrx_word' id='word_1_299' title='bbox 1507 3827 1665 3906; x_wconf 73' lang='lat' dir='ltr'><strong>approba·</strong></span> 
     </span>
     <span class='ocr_line' id='line_1_36' title="bbox 360 3918 1707 4001; baseline -0.001 -20"><span class='ocrx_word' id='word_1_300' title='bbox 360 3918 505 3983; x_wconf 89' lang='lat' dir='ltr'><strong>tionibus</strong></span> <span class='ocrx_word' id='word_1_301' title='bbox 524 3918 588 3981; x_wconf 86' lang='lat' dir='ltr'><strong>suis</strong></span> <span class='ocrx_word' id='word_1_302' title='bbox 603 3918 698 4001; x_wconf 88' lang='lat' dir='ltr'><strong>longe</strong></span> <span class='ocrx_word' id='word_1_303' title='bbox 718 3940 786 3983; x_wconf 87' lang='lat' dir='ltr'><strong>esse</strong></span> <span class='ocrx_word' id='word_1_304' title='bbox 806 3930 984 3998; x_wconf 87' lang='lat' dir='ltr'><strong>separatas,</strong></span> <span class='ocrx_word' id='word_1_305' title='bbox 1007 3919 1165 3984; x_wconf 88' lang='lat' dir='ltr'><strong>concludit</strong></span> <span class='ocrx_word' id='word_1_306' title='bbox 1180 3922 1344 3983; x_wconf 88' lang='lat' dir='ltr'><strong>oomnmdc</strong></span> <span class='ocrx_word' id='word_1_307' title='bbox 1365 3918 1498 4000; x_wconf 86' lang='lat' dir='ltr'><strong>partitos</strong></span> <span class='ocrx_word' id='word_1_308' title='bbox 1513 3939 1581 3981; x_wconf 85' lang='lat' dir='ltr'><strong>esse</strong></span> <span class='ocrx_word' id='word_1_309' title='bbox 1596 3939 1663 3991; x_wconf 89' lang='lat' dir='ltr'><strong>eos,</strong></span> <span class='ocrx_word' id='word_1_310' title='bbox 1677 3938 1707 3989; x_wconf 78' lang='lat'><strong>³5</strong></span> 
     </span>
     <span class='ocr_line' id='line_1_37' title="bbox 360 4010 1489 4097; baseline 0.002 -23"><span class='ocrx_word' id='word_1_311' title='bbox 360 4012 419 4094; x_wconf 83' lang='lat' dir='ltr'><strong>qni</strong></span> <span class='ocrx_word' id='word_1_312' title='bbox 441 4012 724 4093; x_wconf 86' lang='lat' dir='ltr'><strong>quinquepertitam</strong></span> <span class='ocrx_word' id='word_1_313' title='bbox 747 4010 880 4073; x_wconf 80' lang='lat' dir='ltr'><strong>dixerint</strong></span> <span class='ocrx_word' id='word_1_314' title='bbox 901 4012 1216 4097; x_wconf 85' lang='lat' dir='ltr'><strong>argumentationem.</strong></span> <span class='ocrx_word' id='word_1_315' title='bbox 1483 4016 1489 4029; x_wconf 88' lang='lat'>&#39;</span> 
     </span>
    </p>

    <p class='ocr_par' dir='ltr' id='par_1_5' title="bbox 361 4103 1708 4562">
     <span class='ocr_line' id='line_1_38' title="bbox 446 4103 1667 4188; baseline -0.003 -20"><span class='ocrx_word' id='word_1_316' title='bbox 446 4105 603 4188; x_wconf 81' lang='lat' dir='ltr'><strong>Quinque</strong></span> <span class='ocrx_word' id='word_1_317' title='bbox 631 4104 740 4187; x_wconf 84' lang='lat' dir='ltr'><strong>igitur</strong></span> <span class='ocrx_word' id='word_1_318' title='bbox 771 4115 888 4186; x_wconf 83' lang='lat' dir='ltr'><strong>partes</strong></span> <span class='ocrx_word' id='word_1_319' title='bbox 915 4118 995 4169; x_wconf 79' lang='lat' dir='ltr'><strong>stent</strong></span> <span class='ocrx_word' id='word_1_320' title='bbox 1026 4105 1100 4168; x_wconf 89' lang='lat' dir='ltr'><strong>eius</strong></span> <span class='ocrx_word' id='word_1_321' title='bbox 1133 4103 1459 4185; x_wconf 78' lang='lat' dir='ltr'><strong>argumentationis,</strong></span> <span class='ocrx_word' id='word_1_322' title='bbox 1495 4122 1581 4185; x_wconf 81' lang='lat' dir='ltr'><strong>qnae</strong></span> <span class='ocrx_word' id='word_1_323' title='bbox 1604 4124 1667 4183; x_wconf 85' lang='lat' dir='ltr'><strong>per</strong></span> 
     </span>
     <span class='ocr_line' id='line_1_39' title="bbox 364 4196 1666 4279; baseline -0.003 -18"><span class='ocrx_word' id='word_1_324' title='bbox 364 4198 660 4261; x_wconf 84' lang='lat' dir='ltr'><strong>ratiocinationem</strong></span> <span class='ocrx_word' id='word_1_325' title='bbox 687 4198 872 4277; x_wconf 83' lang='lat' dir='ltr'><strong>tractatur]</strong></span> <span class='ocrx_word' id='word_1_326' title='bbox 921 4198 1010 4261; x_wconf 87' lang='lat' dir='ltr'><strong>lilius</strong></span> <span class='ocrx_word' id='word_1_327' title='bbox 1038 4212 1138 4261; x_wconf 84' lang='lat' dir='ltr'><strong>utitem</strong></span> <span class='ocrx_word' id='word_1_328' title='bbox 1169 4196 1470 4279; x_wconf 81' lang='lat' dir='ltr'><strong>argumentationis,</strong></span> <span class='ocrx_word' id='word_1_329' title='bbox 1500 4217 1580 4279; x_wconf 80' lang='lat' dir='ltr'><strong>qnae</strong></span> <span class='ocrx_word' id='word_1_330' title='bbox 1610 4216 1666 4275; x_wconf 88' lang='lat' dir='ltr'><strong>pet·</strong></span> 
     </span>
     <span class='ocr_line' id='line_1_40' title="bbox 361 4286 1667 4373; baseline -0.003 -20"><span class='ocrx_word' id='word_1_331' title='bbox 361 4290 573 4354; x_wconf 87' lang='lat' dir='ltr'><strong>inductionem</strong></span> <span class='ocrx_word' id='word_1_332' title='bbox 594 4301 765 4365; x_wconf 87' lang='lat' dir='ltr'><strong>tractatur,</strong></span> <span class='ocrx_word' id='word_1_333' title='bbox 792 4290 948 4372; x_wconf 89' lang='lat' dir='ltr'><strong>tripertita</strong></span> <span class='ocrx_word' id='word_1_334' title='bbox 966 4302 1014 4354; x_wconf 90' lang='lat' dir='ltr'><strong>est</strong></span> <span class='ocrx_word' id='word_1_335' title='bbox 1035 4289 1276 4373; x_wconf 72' lang='lat' dir='ltr'><strong>argumentatio.</strong></span> <span class='ocrx_word' id='word_1_336' title='bbox 1322 4290 1443 4351; x_wconf 87' lang='lat' dir='ltr'><strong>Verum</strong></span> <span class='ocrx_word' id='word_1_337' title='bbox 1467 4291 1527 4351; x_wconf 88' lang='lat' dir='ltr'><strong>bne</strong></span> <span class='ocrx_word' id='word_1_338' title='bbox 1549 4288 1581 4349; x_wconf 92' lang='lat' dir='ltr'><strong>in</strong></span> <span class='ocrx_word' id='word_1_339' title='bbox 1600 4286 1667 4367; x_wconf 92' lang='lat' dir='ltr'><strong>pri-</strong></span> 
     </span>
     <span class='ocr_line' id='line_1_41' title="bbox 366 4382 1708 4467; baseline -0.003 -22"><span class='ocrx_word' id='word_1_340' title='bbox 366 4382 423 4447; x_wconf 88' lang='lat' dir='ltr'><strong>mis</strong></span> <span class='ocrx_word' id='word_1_341' title='bbox 446 4396 554 4448; x_wconf 89' lang='lat' dir='ltr'><strong>tenere</strong></span> <span class='ocrx_word' id='word_1_342' title='bbox 574 4386 741 4458; x_wconf 89' lang='lat' dir='ltr'><strong>debemus,</strong></span> <span class='ocrx_word' id='word_1_343' title='bbox 772 4395 988 4467; x_wconf 83' lang='lat' dir='ltr'><strong>argumentum</strong></span> <span class='ocrx_word' id='word_1_344' title='bbox 1013 4404 1094 4445; x_wconf 82' lang='lat' dir='ltr'><strong>utine</strong></span> <span class='ocrx_word' id='word_1_345' title='bbox 1117 4382 1248 4445; x_wconf 86' lang='lat' dir='ltr'><strong>ticinum</strong></span> <span class='ocrx_word' id='word_1_346' title='bbox 1275 4403 1343 4444; x_wconf 82' lang='lat' dir='ltr'><strong>csse</strong></span> <span class='ocrx_word' id='word_1_347' title='bbox 1366 4382 1560 4464; x_wconf 87' lang='lat' dir='ltr'><strong>quaestioni,</strong></span> <span class='ocrx_word' id='word_1_348' title='bbox 1585 4402 1708 4457; x_wconf 66' lang='lat' dir='ltr'><strong>nitucrp</strong></span> 
     </span>
     <span class='ocr_line' id='line_1_42' title="bbox 365 4473 1666 4562; baseline 0 -25"><span class='ocrx_word' id='word_1_349' title='bbox 365 4496 383 4537; x_wconf 92' lang='lat' dir='ltr'><strong>a</strong></span> <span class='ocrx_word' id='word_1_350' title='bbox 404 4476 588 4561; x_wconf 87' lang='lat' dir='ltr'><strong>quaestione</strong></span> <span class='ocrx_word' id='word_1_351' title='bbox 609 4477 827 4562; x_wconf 85' lang='lat' dir='ltr'><strong>longinquum.</strong></span> <span class='ocrx_word' id='word_1_352' title='bbox 870 4479 1100 4561; x_wconf 81' lang='lat' dir='ltr'><strong>Argumentum</strong></span> <span class='ocrx_word' id='word_1_353' title='bbox 1124 4476 1204 4539; x_wconf 84' lang='lat' dir='ltr'><strong>enirn</strong></span> <span class='ocrx_word' id='word_1_354' title='bbox 1223 4477 1379 4557; x_wconf 87' lang='lat' dir='ltr'><strong>prolatum</strong></span> <span class='ocrx_word' id='word_1_355' title='bbox 1400 4497 1481 4537; x_wconf 88' lang='lat' dir='ltr'><strong>nttoc</strong></span> <span class='ocrx_word' id='word_1_356' title='bbox 1496 4473 1554 4556; x_wconf 61' lang='lat' dir='ltr'><strong>ip!</strong></span> <span class='ocrx_word' id='word_1_357' title='bbox 1570 4495 1666 4558; x_wconf 89' lang='lat' dir='ltr'><strong>quae-</strong></span> 
     </span>
    </p>
   </div>
   <div class='ocr_carea' id='block_1_5' title="bbox 366 4695 1669 5218">
    <p class='ocr_par' dir='ltr' id='par_1_6' title="bbox 439 4695 1565 4771">
     <span class='ocr_line' id='line_1_43' title="bbox 439 4695 1565 4771; baseline -0.003 -20"><span class='ocrx_word' id='word_1_358' title='bbox 439 4704 467 4757; x_wconf 78' lang='lat'><strong>3.</strong></span> <span class='ocrx_word' id='word_1_359' title='bbox 479 4697 593 4771; x_wconf 79' lang='lat' dir='ltr'><strong>suerit]</strong></span> <span class='ocrx_word' id='word_1_360' title='bbox 614 4703 676 4753; x_wconf 70' lang='lat' dir='ltr'><strong>Aac.</strong></span> <span class='ocrx_word' id='word_1_361' title='bbox 696 4726 733 4743; x_wconf 86' lang='lat'><strong>-·</strong></span> <span class='ocrx_word' id='word_1_362' title='bbox 743 4697 860 4769; x_wconf 80' lang='lat' dir='ltr'><strong>fuerint</strong></span> <span class='ocrx_word' id='word_1_363' title='bbox 880 4698 952 4752; x_wconf 81' lang='lat' dir='ltr'><strong>Ceti.</strong></span> <span class='ocrx_word' id='word_1_364' title='bbox 963 4695 1080 4766; x_wconf 71' lang='lat' dir='ltr'><strong>fecerint</strong></span> <span class='ocrx_word' id='word_1_365' title='bbox 1098 4698 1270 4769; x_wconf 76' lang='lat' dir='ltr'><strong>approbatae</strong></span> <span class='ocrx_word' id='word_1_366' title='bbox 1290 4696 1396 4749; x_wconf 85' lang='lat' dir='ltr'><strong>volcbat</strong></span> <span class='ocrx_word' id='word_1_367' title='bbox 1417 4696 1501 4767; x_wconf 77' lang='lat' dir='ltr'><strong>capp.</strong></span> <span class='ocrx_word' id='word_1_368' title='bbox 1523 4696 1565 4749; x_wconf 83' lang='lat' dir='ltr'><strong>On</strong></span> 
     </span>
    </p>

    <p class='ocr_par' dir='ltr' id='par_1_7' title="bbox 366 4769 1669 5067">
     <span class='ocr_line' id='line_1_44' title="bbox 441 4769 1667 4844; baseline -0.006 -16"><span class='ocrx_word' id='word_1_369' title='bbox 441 4779 484 4829; x_wconf 80' lang='lat' dir='ltr'><strong>tt.</strong></span> <span class='ocrx_word' id='word_1_370' title='bbox 503 4779 567 4843; x_wconf 78' lang='lat' dir='ltr'><strong>quis</strong></span> <span class='ocrx_word' id='word_1_371' title='bbox 585 4774 620 4826; x_wconf 83' lang='lat' dir='ltr'><strong>de</strong></span> <span class='ocrx_word' id='word_1_372' title='bbox 637 4774 796 4841; x_wconf 76' lang='lat' dir='ltr'><strong>dialectica]</strong></span> <span class='ocrx_word' id='word_1_373' title='bbox 831 4775 902 4826; x_wconf 85' lang='lat' dir='ltr'><strong>ilaec</strong></span> <span class='ocrx_word' id='word_1_374' title='bbox 927 4772 1018 4837; x_wconf 80' lang='lat' dir='ltr'><strong>uerba,</strong></span> <span class='ocrx_word' id='word_1_375' title='bbox 1037 4789 1104 4842; x_wconf 89' lang='lat' dir='ltr'><strong>qnae</strong></span> <span class='ocrx_word' id='word_1_376' title='bbox 1132 4774 1286 4844; x_wconf 84' lang='lat' dir='ltr'><strong>parembesi</strong></span> <span class='ocrx_word' id='word_1_377' title='bbox 1313 4773 1507 4835; x_wconf 76' lang='lat' dir='ltr'><strong>conclusimus,</strong></span> <span class='ocrx_word' id='word_1_378' title='bbox 1528 4769 1667 4823; x_wconf 83' lang='lat' dir='ltr'><strong>adscititis</strong></span> 
     </span>
     <span class='ocr_line' id='line_1_45' title="bbox 370 4847 1668 4921; baseline -0.002 -22"><span class='ocrx_word' id='word_1_379' title='bbox 370 4866 480 4921; x_wconf 85' lang='lat' dir='ltr'><strong>prorsus</strong></span> <span class='ocrx_word' id='word_1_380' title='bbox 500 4865 580 4919; x_wconf 85' lang='lat' dir='ltr'><strong>atque</strong></span> <span class='ocrx_word' id='word_1_381' title='bbox 599 4863 616 4900; x_wconf 83' lang='lat' dir='ltr'><strong>n</strong></span> <span class='ocrx_word' id='word_1_382' title='bbox 634 4852 769 4901; x_wconf 78' lang='lat' dir='ltr'><strong>Victorini</strong></span> <span class='ocrx_word' id='word_1_383' title='bbox 789 4865 920 4902; x_wconf 80' lang='lat' dir='ltr'><strong>contestu</strong></span> <span class='ocrx_word' id='word_1_384' title='bbox 939 4847 1064 4901; x_wconf 77' lang='lat' dir='ltr'><strong>ridentur</strong></span> <span class='ocrx_word' id='word_1_385' title='bbox 1083 4852 1182 4900; x_wconf 60' lang='lat' dir='ltr'><strong>atiena.</strong></span> <span class='ocrx_word' id='word_1_386' title='bbox 1229 4849 1297 4901; x_wconf 82' lang='lat' dir='ltr'><strong>Naro</strong></span> <span class='ocrx_word' id='word_1_387' title='bbox 1318 4852 1479 4901; x_wconf 82' lang='lat' dir='ltr'><strong>sententiam</strong></span> <span class='ocrx_word' id='word_1_388' title='bbox 1506 4852 1668 4909; x_wconf 82' lang='lat' dir='ltr'><strong>continent,</strong></span> 
     </span>
     <span class='ocr_line' id='line_1_46' title="bbox 366 4922 1669 4995; baseline -0.002 -24"><span class='ocrx_word' id='word_1_389' title='bbox 366 4938 434 4994; x_wconf 72' lang='lat' dir='ltr'><strong>quse</strong></span> <span class='ocrx_word' id='word_1_390' title='bbox 463 4924 606 4977; x_wconf 81' lang='lat' dir='ltr'><strong>victorino</strong></span> <span class='ocrx_word' id='word_1_391' title='bbox 638 4923 717 4995; x_wconf 85' lang='lat' dir='ltr'><strong>plane</strong></span> <span class='ocrx_word' id='word_1_392' title='bbox 737 4923 917 4976; x_wconf 68' lang='lat' dir='ltr'><strong>contradicat.</strong></span> <span class='ocrx_word' id='word_1_393' title='bbox 948 4923 1029 4977; x_wconf 82' lang='lat' dir='ltr'><strong>Carr.</strong></span> <span class='ocrx_word' id='word_1_394' title='bbox 1060 4950 1098 4965; x_wconf 91' lang='lat'><em>-</em></span> <span class='ocrx_word' id='word_1_395' title='bbox 1124 4940 1219 4975; x_wconf 83' lang='lat' dir='ltr'><strong>verum</strong></span> <span class='ocrx_word' id='word_1_396' title='bbox 1244 4926 1308 4993; x_wconf 75' lang='lat' dir='ltr'><strong>puin</strong></span> <span class='ocrx_word' id='word_1_397' title='bbox 1327 4954 1345 4965; x_wconf 95' lang='lat'>-</span> <span class='ocrx_word' id='word_1_398' title='bbox 1366 4954 1384 4966; x_wconf 92' lang='lat'><em>-</em></span> <span class='ocrx_word' id='word_1_399' title='bbox 1402 4922 1533 4982; x_wconf 64' lang='lat' dir='ltr'><strong>adierint,-</strong></span> <span class='ocrx_word' id='word_1_400' title='bbox 1558 4926 1669 4991; x_wconf 77' lang='lat' dir='ltr'><strong>etquis</strong></span> 
     </span>
     <span class='ocr_line' id='line_1_47' title="bbox 367 4996 976 5067; baseline 0.007 -20"><span class='ocrx_word' id='word_1_401' title='bbox 367 4996 409 5051; x_wconf 79' lang='lat' dir='ltr'><strong>rh.</strong></span> <span class='ocrx_word' id='word_1_402' title='bbox 427 4999 537 5055; x_wconf 79' lang='lat' dir='ltr'><strong>serito.</strong></span> <span class='ocrx_word' id='word_1_403' title='bbox 558 4999 690 5067; x_wconf 76' lang='lat' dir='ltr'><strong>adi-ingit</strong></span> <span class='ocrx_word' id='word_1_404' title='bbox 708 5007 736 5049; x_wconf 85' lang='lat' dir='ltr'><strong>et</strong></span> <span class='ocrx_word' id='word_1_405' title='bbox 755 5016 791 5050; x_wconf 91' lang='lat' dir='ltr'><strong>ns.</strong></span> <span class='ocrx_word' id='word_1_406' title='bbox 811 5016 837 5052; x_wconf 88' lang='lat' dir='ltr'><strong>a.</strong></span> <span class='ocrx_word' id='word_1_407' title='bbox 856 4999 891 5052; x_wconf 89' lang='lat' dir='ltr'><strong>el.</strong></span> <span class='ocrx_word' id='word_1_408' title='bbox 914 5001 976 5051; x_wconf 80' lang='lat' dir='ltr'><strong>hae.</strong></span> 
     </span>
    </p>

    <p class='ocr_par' dir='ltr' id='par_1_8' title="bbox 442 5066 1667 5141">
     <span class='ocr_line' id='line_1_48' title="bbox 442 5066 1667 5141; baseline -0.001 -16"><span class='ocrx_word' id='word_1_409' title='bbox 442 5078 485 5135; x_wconf 76' lang='lat'><strong>18.</strong></span> <span class='ocrx_word' id='word_1_410' title='bbox 502 5078 587 5125; x_wconf 81' lang='lat' dir='ltr'><strong>etlam</strong></span> <span class='ocrx_word' id='word_1_411' title='bbox 605 5075 707 5125; x_wconf 81' lang='lat' dir='ltr'><strong>multos</strong></span> <span class='ocrx_word' id='word_1_412' title='bbox 724 5082 852 5127; x_wconf 83' lang='lat' dir='ltr'><strong>oratores</strong></span> <span class='ocrx_word' id='word_1_413' title='bbox 869 5075 916 5141; x_wconf 80' lang='lat' dir='ltr'><strong>eh]</strong></span> <span class='ocrx_word' id='word_1_414' title='bbox 937 5071 1005 5131; x_wconf 87' lang='lat' dir='ltr'><strong>Cod.</strong></span> <span class='ocrx_word' id='word_1_415' title='bbox 1025 5076 1086 5127; x_wconf 84' lang='lat' dir='ltr'><strong>Bas.</strong></span> <span class='ocrx_word' id='word_1_416' title='bbox 1097 5100 1132 5114; x_wconf 94' lang='lat'><em>-</em></span> <span class='ocrx_word' id='word_1_417' title='bbox 1151 5080 1179 5122; x_wconf 84' lang='lat' dir='ltr'><strong>et</strong></span> <span class='ocrx_word' id='word_1_418' title='bbox 1198 5072 1300 5125; x_wconf 78' lang='lat' dir='ltr'><strong>inultos</strong></span> <span class='ocrx_word' id='word_1_419' title='bbox 1317 5086 1359 5125; x_wconf 88' lang='lat' dir='ltr'><strong>or.</strong></span> <span class='ocrx_word' id='word_1_420' title='bbox 1373 5076 1458 5123; x_wconf 81' lang='lat' dir='ltr'><strong>etiarn</strong></span> <span class='ocrx_word' id='word_1_421' title='bbox 1470 5071 1504 5127; x_wconf 80' lang='lat' dir='ltr'><strong>st.</strong></span> <span class='ocrx_word' id='word_1_422' title='bbox 1523 5066 1593 5123; x_wconf 79' lang='lat' dir='ltr'><strong>nio.</strong></span> <span class='ocrx_word' id='word_1_423' title='bbox 1612 5070 1667 5125; x_wconf 81' lang='lat' dir='ltr'><strong>Oa.</strong></span> 
     </span>
    </p>

    <p class='ocr_par' dir='ltr' id='par_1_9' title="bbox 441 5144 1180 5218">
     <span class='ocr_line' id='line_1_49' title="bbox 441 5144 1180 5218; baseline -0.001 -17"><span class='ocrx_word' id='word_1_424' title='bbox 441 5152 486 5211; x_wconf 75' lang='lat'><strong>56.</strong></span> <span class='ocrx_word' id='word_1_425' title='bbox 504 5148 642 5218; x_wconf 57' lang='lat' dir='ltr'><strong>diarrint]</strong></span> <span class='ocrx_word' id='word_1_426' title='bbox 662 5147 729 5204; x_wconf 82' lang='lat' dir='ltr'><strong>eod.</strong></span> <span class='ocrx_word' id='word_1_427' title='bbox 748 5152 812 5206; x_wconf 60' lang='lat' dir='ltr'><strong>iia&amp;</strong></span> <span class='ocrx_word' id='word_1_428' title='bbox 833 5176 865 5193; x_wconf 87' lang='lat'><strong>··</strong></span> <span class='ocrx_word' id='word_1_429' title='bbox 888 5146 1019 5201; x_wconf 68' lang='lat' dir='ltr'><strong>dixerunt</strong></span> <span class='ocrx_word' id='word_1_430' title='bbox 1038 5144 1107 5201; x_wconf 77' lang='lat' dir='ltr'><strong>iiii.</strong></span> <span class='ocrx_word' id='word_1_431' title='bbox 1128 5146 1180 5203; x_wconf 79' lang='lat' dir='ltr'><strong>Oa.</strong></span> 
     </span>
    </p>
   </div>
   <div class='ocr_carea' id='block_1_6' title="bbox 0 0 2222 5956">
    <p class='ocr_par' dir='ltr' id='par_1_10' title="bbox 0 0 2222 5956">
     <span class='ocr_line' id='line_1_50' title="bbox 0 0 2222 5956; baseline 0 0"><span class='ocrx_word' id='word_1_432' title='bbox 0 0 2222 5956; x_wconf 95' lang='lat' dir='ltr'><strong> </strong></span> 
     </span>
    </p>
   </div>
  </div>
 </body>
</html>
