4434 5959
773 593 824 658 tu
847 589 1069 660 SOMNIUM
1091 587 1335 656 SCIPIONIS.
1656 591 1717 654 4⁰3

405 738 482 804 tium
503 738 662 824 finemque
684 737 896 811 demonstrat,
925 731 1028 797 medio
1049 730 1137 795 nullo
1160 742 1326 794 censetur:
1350 727 1529 816 diciturque
1552 730 1717 810 semineus,

405 833 479 918 quia
501 832 625 896 iunctus
648 829 740 894 alteri
760 828 831 912 pari
852 849 961 911 parem
984 837 1072 890 creat
1092 845 1134 888 ex
1154 845 1236 888 sese.
1282 823 1379 905 Quod
1400 824 1432 888 in
1455 845 1513 898 eo,
1539 825 1592 909 qui
1613 826 1719 913 sequi-

404 939 476 1002 tur,
507 947 571 989 non
594 934 702 1007 potest
722 921 870 986 inveniri.
922 919 979 985 Bia
1001 919 1083 983 euim
1103 919 1170 982 hini
1191 919 1226 981 ht
1248 921 1430 1002 quadratus.
1475 917 1529 982 Bis
1552 921 1634 984 terni
1657 942 1721 986 nou

404 1021 482 1086 iacit
502 1019 677 1101 imparem,
708 1016 789 1081 aient
810 1015 863 1079 ille
884 1013 1052 1099 superior,
1085 1017 1174 1100 quod
1197 1035 1238 1078 ex
1263 1015 1393 1097 paribus
1418 1036 1495 1100 par,
1529 1034 1571 1078 es
1592 1013 1722 1098 impari·

403 1117 463 1180 hue
484 1115 586 1196 impar
607 1132 677 1176 esse
697 1131 762 1175 nou
783 1107 915 1192 poterit.
1732 1125 1747 1176 ⁵

490 1208 586 1274 Trias
606 1205 728 1288 primus
750 1215 799 1268 est
818 1213 924 1278 totus,
948 1206 1034 1288 quod
1055 1204 1171 1281 hahet,
1194 1213 1226 1268 et
1249 1202 1410 1284 dimidius,
1433 1217 1563 1290 estque,
1588 1215 1623 1270 ut
1644 1204 1722 1269 dici·

405 1317 476 1382 tnr,
497 1300 706 1376 masculinus,
730 1300 816 1382 quod
833 1297 997 1360 adiunctus
1008 1296 1098 1361 alteri
1114 1295 1227 1379 impari
1243 1317 1352 1361 creare
1365 1320 1428 1363 nou
1441 1301 1544 1364 valeat
1558 1299 1608 1374 id,
1634 1301 1722 1381 quod

403 1399 473 1483 ipse
484 1396 538 1461 sit.
561 1395 703 1459 Mundus
714 1395 754 1456 ah
765 1393 829 1457 hoe
840 1411 973 1456 munero
988 1411 1104 1456 nomen
1114 1390 1248 1474 accepit.
1271 1393 1417 1478 Namque
1432 1413 1473 1457 ex
1485 1397 1609 1460 duobus
1618 1395 1721 1458 laetus

405 1493 438 1558 in
459 1489 585 1555 tertium
608 1489 685 1574 quid
711 1507 812 1570 genus
832 1483 964 1550 evaluit.
1018 1487 1094 1550 Non
1117 1485 1197 1548 enirn
1220 1497 1275 1548 aut
1302 1508 1389 1552 meus
1417 1500 1536 1552 tantum
1566 1501 1620 1552 aut
1652 1490 1722 1553 sola

406 1585 559 1661 materia,
589 1585 647 1646 sed
673 1592 841 1664 utrumque
872 1589 922 1644 eet
942 1579 1070 1643 tertium
1092 1578 1168 1662 quid
1188 1579 1315 1644 illorum
1337 1581 1563 1647 commixtione
1588 1595 1765 1664 compo-tt

407 1681 520 1755 situm3
542 1676 667 1761 triaque
689 1685 835 1756 tempora
855 1693 918 1756 pro
940 1672 990 1737 sui
1010 1685 1123 1736 natura
1138 1673 1271 1737 sortitus
1287 1684 1354 1750 est,
1377 1675 1603 1757 praeteritum,
1627 1700 1723 1761 prae·

407 1794 501 1848 sens,
532 1770 693 1845 futurum,
726 1767 828 1832 triade
856 1765 1004 1830 videlicet
1033 1777 1206 1848 operante;
1236 1767 1401 1854 fatalisque
1431 1769 1600 1836 necessitas
1628 1772 1660 1836 in
1682 1794 1722 1838 eo

408 1885 542 1934 numero
564 1874 635 1941 est,
673 1859 814 1936 Clotho,
838 1857 1011 1935 Lachesis,
1042 1861 1206 1942 Atropos3
1228 1860 1289 1924 tria
1310 1881 1418 1926 rernm
1440 1885 1576 1948 genera,
1601 1887 1723 1930 mascu-

408 1961 526 2034 linum,
548 1956 750 2030 femininum,
773 1965 936 2030 neutrum3
958 1952 1017 2016 tria
1038 1973 1155 2017 vocum
1176 1952 1376 2032 discrimina,
1401 1969 1546 2036 acutum,
1572 1982 1673 2046 grave
1692 1972 1726 2024 et

408 2055 579 2128 inflexum3
602 2050 664 2114 tria
687 2069 803 2134 genera
824 2047 1020 2123 litterarum,
1043 2047 1194 2124 vocales,
1223 2046 1447 2128 semivocales,
1471 2063 1600 2130 mutae;
1623 2053 1768 2118 trihusta'

409 2147 501 2215 lineis
522 2146 627 2231 figura
648 2144 748 2227 prima
770 2141 994 2224 componitur,
1024 2161 1105 2227 qnae
1126 2141 1280 2226 trigonoe
1302 2143 1500 2222 nominatur;
1523 2148 1583 2212 tria
1605 2169 1727 2232 eorpo-
1843 2211 1849 2226 ,

409 2265 480 2307 rum
501 2237 667 2305 intervalla
689 2247 884 2313 monstrant,
921 2233 1108 2320 longitudo,
1139 2235 1290 2313 latitudo,
1314 2238 1471 2317 altitudo,
1496 2241 1610 2326 quibus
1633 2261 1726 2308 omne

409 2337 544 2403 solidum
567 2333 759 2400 continetur.

494 2432 673 2512 Quattuor,
703 2428 839 2491 secunda
861 2422 989 2511 generis
1011 2423 1140 2487 alterius
1162 2422 1349 2506 plenitudo,
1384 2429 1448 2492 duo
1471 2428 1572 2496 media
1593 2452 1655 2513 pro
1677 2432 1725 2498 sui

410 2525 561 2612 qualitate
582 2520 823 2605 complectitur:
858 2517 1041 2603 primusque
1062 2519 1233 2601 quadratus
1255 2531 1303 2582 est
1324 2541 1485 2586 numerus.
1530 2527 1724 2607 Quadratum
1736 2543 1769 2594 ru

411 2617 600 2684 arithmetici
621 2626 758 2692 vocant,
793 2614 848 2700 qui
874 2617 988 2678 duetus
1009 2611 1040 2674 in
1061 2633 1095 2676 se
1116 2611 1150 2676 in
1173 2612 1322 2676 maiorem
1344 2616 1502 2679 cumulum
1524 2622 1639 2706 surgit.
1669 2623 1726 2689 Bis
1752 2625 1755 2630 “

413 2713 493 2778 enim
522 2709 589 2774 hini
616 2721 767 2793 quartus,
804 2720 855 2772 ter
885 2704 967 2771 terni
996 2725 1098 2768 noum
1120 2707 1277 2768 sectandus
1299 2709 1468 2790 quadratus
1490 2724 1538 2775 est
1560 2733 1726 2792 numerus3

413 2807 563 2889 deinceps
584 2804 683 2868 ceteri
702 2802 735 2868 in
756 2823 825 2867 sese
846 2800 931 2866 ducti
951 2797 1051 2882 us'que
1073 2801 1114 2861 ad
1136 2799 1248 2865 decimi
1270 2812 1382 2864 metam
1405 2805 1728 2886 quadratoseffieiunt

414 2921 574 2966 numeros.
629 2899 713 2962 Nam
741 2920 800 2960 xx.
827 2915 1059 2978 peraequum
1081 2893 1218 2965 efficiunt
1240 2895 1509 2981 quadringentos,
1540 2902 1579 2962 ad
1599 2905 1729 2968 secundi

416 3013 529 3058 uersus
548 2990 706 3074 pertinent
727 2987 896 3055 rationem.
940 2990 1064 3053 Versus
1086 2987 1274 3052 arithmetici
1295 2989 1413 3054 dicunt·
1429 2992 1557 3056 ordines
1578 3002 1771 3063 numero-²⁵

415 3109 506 3161 rrum,
524 3090 605 3149 utab
614 3106 678 3148 uuo
686 3087 724 3148 ad
733 3087 859 3158 decem,
870 3104 889 3148 a
901 3085 1009 3146 decem
1022 3084 1062 3146 ad
1073 3095 1196 3146 centnm
1206 3127 1215 3158 ,
1227 3103 1243 3144 a
1253 3096 1376 3150 eentum
1389 3087 1428 3148 ad
1440 3085 1542 3162 mille3
1556 3101 1587 3159 et
1595 3091 1641 3154 sie
1649 3094 1728 3160 atio,

416 3202 528 3246 versus
549 3177 779 3262 progressione
801 3175 928 3242 maioris
950 3175 1103 3240 crementi
1125 3175 1348 3254 coaedificant,
1369 3177 1516 3263 idemque
1538 3183 1622 3246 valet
1644 3188 1729 3252 deci·

416 3297 484 3340 mus
506 3275 546 3338 ad
567 3272 771 3348 vicesimum,
801 3273 889 3355 qnod
909 3290 989 3334 untes
1011 3272 1050 3334 ad
1071 3272 1149 3334 drto.
1192 3269 1321 3353 Duplici
1342 3273 1424 3337 enim
1445 3275 1615 3340 substantia
1638 3300 1731 3364 sepa·

414 3383 545 3447 rantur,
568 3389 605 3431 ae
626 3366 654 3430 si
675 3367 801 3430 diuersa
822 3364 864 3428 sit
885 3383 1028 3437 summa3
1050 3361 1136 3427 ratio
1159 3373 1261 3427 tamen
1276 3367 1383 3428 eadem
1399 3382 1603 3448 perseverat,
1627 3394 1663 3436 ac
1686 3377 1732 3441 sie

414 3463 448 3529 in
469 3463 597 3528 denaria
618 3481 738 3527 summa
759 3459 922 3525 crescendi
943 3457 1014 3521 linis
1037 3468 1068 3520 et
1088 3455 1208 3520 initium
1230 3459 1360 3522 secundi
1382 3481 1494 3528 versus
1516 3473 1576 3528 est.
1619 3469 1682 3532 Sed
1704 3469 1775 3534 isto

415 3557 446 3622 in
468 3556 674 3642 quaternario
700 3575 834 3619 numero
863 3551 973 3618 subtili
998 3550 1210 3634 disputatione
1239 3553 1413 3637 colligitur.
1472 3557 1553 3620 Nam
1576 3561 1640 3624 duo
1663 3564 1730 3628 111.

415 3661 528 3734 quater
548 3650 691 3715 adiuncta
713 3649 847 3714 monade
868 3647 900 3712 in
915 3649 1062 3711 decadem
1078 3647 1276 3727 procedunt.-
1298 3649 1351 3711 Ab
1373 3650 1436 3712 hoe
1450 3671 1581 3718 numero
1597 3657 1733 3722 elemen-

417 3757 466 3820 ta,
503 3747 542 3807 ah
563 3746 627 3807 hoe
648 3753 792 3825 tempora
814 3753 926 3806 natura
948 3739 1123 3822 disposuit,
1148 3760 1229 3821 quae
1251 3761 1310 3823 per
1331 3753 1421 3806 terna
1443 3742 1522 3806 caeli
1543 3747 1632 3833 sigua
1655 3750 1732 3816 solis

417 3835 583 3903 curriculis
604 3835 741 3900 dimensa
763 3834 938 3900 variantur.
981 3835 1063 3898 Nam
1086 3853 1144 3896 ver
1164 3833 1196 3896 in
1217 3834 1320 3899 tribus
1342 3835 1441 3920 signis
1463 3837 1586 3920 agitur,
1611 3844 1734 3920 Ariete,

418 3937 553 4008 Tauro,
577 3929 738 4004 Geminis3
762 3942 863 3994 aestas
877 3929 909 3994 io
924 3927 1076 4002 Cancro,
1099 3928 1233 4004 Leone,
1258 3927 1415 4013 Virgiue3
1439 3943 1603 3998 autumnus
1619 3937 1731 4012 Libra,
1745 3943 1777 3995 tt

419 4025 576 4109 Scorpio,
612 4023 806 4112 Sagittari03
836 4023 935 4087 hiems
956 4021 989 4085 in
1012 4018 1233 4101 Capricorno,
1265 4019 1411 4106 Aquario
1434 4023 1643 4114 Piseihusque
1665 4029 1735 4094 fini·

418 4133 532 4188 untur:
555 4119 706 4202 ridesque
728 4118 853 4182 duobus
875 4113 986 4198 primis
1007 4134 1045 4178 ae
1065 4113 1166 4196 plenis
1189 4114 1325 4178 numeris
1350 4117 1495 4182 mundani
1518 4141 1630 4188 cursus
1654 4136 1735 4188 tem·

417 4235 499 4301 pora
521 4215 600 4280 solis
622 4211 840 4278 moderatione
861 4207 1028 4275 convolvi.

501 4307 651 4393 Quinque
683 4319 787 4370 autern
810 4304 890 4369 caeli
912 4302 1052 4385 planetas
1073 4301 1133 4364 sub
1155 4298 1290 4367 zodiaco
1313 4317 1505 4385 posuerunt,
1540 4308 1618 4373 locis
1641 4311 1736 4376 moti·

417 4407 541 4488 busque
562 4401 742 4466 dissimiles.
785 4399 824 4464 lu
847 4396 987 4482 quinque
1009 4406 1116 4477 partes
1138 4394 1288 4458 circulum
1311 4417 1460 4474 secuere,
1485 4411 1519 4462 ut
1540 4401 1580 4465 sit
1600 4403 1735 4485 primum
1747 4412 1780 4462 tu

418 4497 553 4560 medium
575 4505 744 4578 punctum,
776 4501 930 4578 quattuor
951 4490 1094 4564 absides,
1120 4511 1250 4572 quarum
1271 4490 1427 4568 altitudo,
1455 4505 1487 4558 et
1508 4495 1641 4562 altitudo
1665 4497 1737 4562 alti·

416 4590 552 4666 tudinis,
574 4588 734 4653 hrrmilitas
754 4583 958 4661 humilitatis,
981 4583 1012 4648 in
1030 4583 1134 4648 lunari
1151 4584 1253 4667 globo
1275 4587 1350 4650 ratis
1372 4587 1537 4652 erroribus
1560 4593 1736 4655 observan-

415 4696 488 4750 tur:
512 4684 601 4770 qnod
612 4703 649 4748 ea
670 4681 817 4748 videlicet
836 4683 906 4758 †ut
927 4701 986 4744 una
1008 4700 1026 4741 a
1047 4678 1138 4742 caelo
1162 4697 1255 4742 omne
1276 4679 1338 4744 hoe
1359 4679 1577 4760 intervallum,
1611 4688 1698 4770 quod
1720 4708 1738 4752 a

415 4789 504 4842 terra
527 4779 568 4841 ad
589 4777 710 4841 caelum
733 4795 833 4859 usque
854 4772 1076 4858 protenditur,
1100 4771 1193 4836 obire
1215 4773 1350 4838 dirersis
1373 4774 1499 4840 videtur
1520 4777 1736 4856 anfractibus,

418 4891 457 4934 ne
478 4871 511 4936 in
531 4873 674 4935 umbram
703 4881 829 4946 terrae,
866 4889 946 4955 quae
968 4865 1083 4931 dicitur
1105 4865 1251 4949 eclipsis,
1285 4889 1411 4952 semper
1433 4869 1592 4934 incurrat:
1631 4893 1781 4957 quam,ts

494 5025 522 5080 6.
543 5019 827 5092 depraedicabant
854 5019 994 5073 medium?
1022 5019 1111 5092 Supra
1140 5017 1251 5089 qntdern
1278 5019 1394 5094 dyadem
1420 5027 1529 5092 negavit
1559 5039 1617 5077 erae
1648 5037 1740 5078 rernm

417 5113 582 5164 merneram,
600 5095 673 5170 qaod
693 5097 783 5151 medlo
801 5111 917 5153 camut.
935 5095 1019 5152 Bam·
1057 5099 1104 5154 at.
1123 5095 1187 5170 teg.
1208 5105 1412 5152 monstrantur.
1431 5099 1515 5154 Bam.
1534 5103 1581 5158 22.
1602 5101 1643 5155 An
1656 5115 1743 5173 quar·

418 5179 467 5228 rus
480 5177 608 5246 primata,
624 5171 691 5226 ter?
709 5173 794 5230 Bam.
