4434 5959
769 608 818 687 IN
840 620 1062 687 SOlthlUM
1084 619 1327 688 SCIPIONIS.
1643 623 1704 694 405

392 761 476 825 neris
491 761 604 843 plenos
620 773 685 838 est,
700 782 741 826 ex
755 761 856 826 tribus
868 761 1040 844 imparibus
1050 761 1171 826 scilicet
1182 774 1214 826 et
1225 773 1377 846 quattuor
1391 762 1521 846 paribus
1533 763 1655 828 iunctus
1664 764 1705 828 sit

390 855 460 936 ipse
468 855 687 937 plenissimus:
704 855 886 919 cniustotae
897 867 970 918 sont
981 868 1105 938 partes,
1123 857 1315 940 multumque
1323 857 1354 921 in
1367 880 1471 921 rerum
1483 869 1594 922 natura
1604 859 1704 922 domi·

389 962 496 1012 natur.
518 951 602 1012 Nam
613 949 734 1026 sidera,
750 971 830 1035 qnae
839 950 1044 1014 obluctantur
1055 950 1146 1016 caelo
1155 1001 1164 1032 ,
1180 963 1251 1014 sunt
1263 963 1401 1034 septem,
1415 951 1440 1014 si
1457 954 1495 1014 ad
1503 954 1548 1014 V.
1564 952 1704 1034 planetas

390 1046 490 1109 solem
499 1044 666 1126 lunamque
676 1043 861 1128 iungamus,
874 1043 1004 1108 totidem
1016 1043 1141 1108 circulis
1153 1044 1322 1109 evolantia.
1347 1047 1473 1127 Septem
1488 1045 1595 1108 stellas
1607 1047 1704 1110 cardo

393 1137 548 1223 maximus
566 1138 758 1221 Aquilonius
779 1137 811 1201 in
827 1137 962 1203 occiduo
980 1138 1108 1222 fulgore
1130 1139 1303 1202 convertit.
1347 1140 1473 1220 Septem
1496 1138 1618 1220 species
1633 1139 1730 1204 lunas

391 1230 563 1295 crescentis
589 1252 627 1294 ac
658 1230 868 1294 decrescentis
893 1231 1019 1295 luminis
1047 1231 1199 1296 varietate
1225 1231 1405 1314 componit:
1442 1253 1574 1318 quarum
1605 1231 1705 1314 prima

392 1338 459 1403 est,
484 1346 566 1409 qnae
588 1347 605 1386 a
623 1325 757 1390 Graecis
777 1321 922 1408 ἀνατολὴ
943 1325 1080 1399 dicitur,
1103 1327 1238 1388 secunda
1257 1321 1482 1418 ἀμφίκυρτος,
1503 1326 1596 1390 tertia
1617 1321 1706 1414 διχό-

392 1440 509 1505 τομος,
538 1431 651 1502 quarta
672 1422 891 1500 mentiamur,
921 1420 1030 1504 quinta
1050 1418 1123 1481 item
1147 1413 1338 1504 διχότομος,
1373 1431 1462 1482 sexta
1485 1414 1706 1512 ἀμφίκυρτος,

393 1512 524 1594 septima
553 1509 708 1592 συνοδικὴ
737 1525 892 1588 vocatur,
929 1533 1025 1598 quum
1046 1511 1216 1574 interlunio
1239 1511 1319 1576 redit
1341 1515 1380 1575 ad
1404 1513 1517 1576 solem.
1575 1515 1704 1596 Septem

393 1606 486 1670 animi
500 1617 604 1670 motus
620 1607 806 1689 philosophi
827 1607 928 1671 Stoici
944 1616 1142 1690 posuerunt:
1166 1616 1318 1690 quattuor
1337 1606 1615 1688 perturbationes,
1639 1621 1705 1674 tres
1718 1623 1748 1672 to

392 1699 605 1774 constantias:
639 1699 760 1776 idest,
795 1711 929 1778 auctum,
964 1701 1130 1774 dolorem,
1153 1698 1371 1780 cupiditatem,
1395 1699 1561 1776 laetitiam:
1592 1703 1706 1786 quibus

392 1792 604 1875 insipientium
623 1792 717 1856 animi
738 1793 824 1861 velut
845 1793 1082 1876 tempestatibus
1102 1790 1273 1876 agitantur.
1318 1791 1510 1876 Sapientiam
1534 1817 1613 1862 vero
1636 1820 1706 1862 mo·
1745 1829 1749 1840 »

392 1901 444 1952 tus
469 1908 533 1977 non
555 1881 672 1966 πάθη,
695 1889 753 1950 scd
773 1887 968 1953 constantiae
987 1898 1077 1962 arant,
1112 1898 1147 1949 ut
1168 1907 1229 1968 pro
1254 1897 1337 1950 metu
1355 1887 1460 1952 cautio
1485 1888 1545 1964 sit,
1569 1913 1631 1972 pro
1652 1913 1707 1956 cu·

393 1981 524 2065 piditate
545 1980 693 2044 volontas
713 1992 767 2044 aut
786 1981 943 2058 studium,
978 2000 1041 2064 pro
1061 1979 1178 2044 laetitia
1201 1979 1371 2064 gaudium:
1394 1984 1482 2066 quod
1501 1981 1708 2050 distinctionis

394 2073 498 2160 gratia
532 2095 727 2156 separamus.
785 2074 927 2155 Quartus
951 2097 993 2140 ex
1014 2072 1102 2136 malis
1130 2073 1349 2156 praesentibus
1374 2075 1507 2158 sapienti
1536 2080 1640 2144 nullus
1661 2092 1750 2149 estas

394 2180 519 2232 motus:
555 2167 629 2252 quia
651 2189 711 2232 uec
732 2167 763 2230 in
786 2179 905 2234 motum
926 2167 1065 2231 incidere
1085 2167 1210 2249 sapiens
1233 2177 1352 2250 potest.
1410 2170 1491 2232 Sunt
1514 2191 1594 2256 ergo
1615 2172 1709 2237 animi

394 2274 499 2328 motus
516 2274 655 2344 septem:
680 2274 711 2325 at
730 2283 811 2328 vero
835 2284 1007 2345 corporum
1029 2261 1176 2326 totidem.
1221 2261 1348 2326 Primus
1369 2273 1417 2326 est
1438 2263 1618 2342 circrdaris,
1647 2290 1709 2334 una

394 2357 476 2421 linea
502 2359 764 2439 comprehensus.
819 2359 885 2422 Sex
911 2355 1044 2438 reliqui,
1083 2358 1194 2418 dexter
1214 2353 1358 2430 sinister,
1389 2376 1514 2419 sursum
1536 2362 1707 2440 deorsum,

395 2462 467 2516 ante
488 2462 576 2533 post.
633 2453 697 2516 Sed
716 2449 769 2514 ille
791 2451 897 2515 mundi
930 2471 1038 2515 comes
1064 2449 1181 2524 totius,
1213 2449 1246 2512 hi
1263 2449 1380 2532 pariles
1402 2450 1572 2516 habentur.
1616 2453 1710 2518 Dixi-

395 2566 464 2610 mus
491 2565 607 2627 supra,
637 2545 777 2630 quinque
810 2567 920 2610 sensus
952 2564 1229 2625 essecorporeos.
1282 2542 1329 2607 Ei
1351 2555 1471 2627 septem
1500 2543 1710 2612 foraminibus
1722 2567 1755 2617 2⁰

396 2639 599 2704 emittuntur:
636 2642 701 2702 duo
739 2651 812 2702 sunt
848 2638 997 2715 visionis,
1041 2642 1105 2704 dero
1141 2639 1284 2716 auditus,
1322 2659 1402 2702 nuru
1434 2651 1578 2724 gustatus
1617 2653 1711 2724 atque

395 2755 476 2796 unrrs
497 2742 545 2795 est
567 2733 741 2807 odoratus,
780 2731 930 2814 septimus
952 2744 1072 2820 tactus,
1104 2731 1160 2816 qui
1192 2753 1251 2814 per
1273 2731 1370 2796 totius
1398 2732 1548 2814 corporis
1570 2737 1711 2800 membra
1741 2731 1744 2738 ’

394 2828 525 2890 diffusus
556 2838 616 2890 est.
672 2827 718 2890 Et
740 2825 813 2908 qnia
835 2826 958 2889 cerebri
979 2824 1178 2909 purissimam
1207 2837 1329 2908 partem
1359 2825 1476 2888 animae
1498 2825 1709 2909 principatum

394 2921 573 2986 existimant
607 2920 775 2996 obtinere,
811 2919 972 2985 ministros
1002 2921 1101 2983 eidem
1137 2941 1247 2984 sensus
1278 2919 1531 3000 septem.veluti
1561 2919 1709 2984 fenestris

394 3014 493 3078 emitti
523 3013 722 3078 manifestum
753 3025 819 3090 est,
853 3035 950 3098 quum
977 3013 1050 3078 illos
1072 3013 1240 3076 Minervae
1269 3024 1417 3098 tanquam
1439 3012 1470 3076 in
1492 3034 1565 3078 arce
1587 3015 1709 3097 positae
1719 3041 1750 3092 2⁵

396 3106 612 3172 subiecerunt.
669 3103 739 3170 Cur
768 3127 915 3170 uumerus
947 3106 1145 3191 septenarius
1168 3106 1340 3170 Minervae
1362 3106 1530 3183 tribuitur,
1569 3129 1649 3191 quae
1670 3131 1711 3172 ex

395 3201 485 3266 lovis
510 3201 614 3282 capite
645 3197 712 3263 sine
733 3200 841 3264 matris
863 3211 955 3264 utero
977 3211 1148 3282 procreata
1173 3198 1387 3265 memoratur?
1423 3199 1601 3274 Videlicet,
1626 3205 1714 3284 quod

395 3299 436 3360 ad
456 3294 612 3358 senarium
634 3293 806 3376 sapientem
825 3293 1130 3376 convenientemque
1144 3293 1208 3358 suis
1222 3293 1365 3377 partibus
1379 3316 1562 3372 numerum,
1588 3316 1710 3372 monas,

395 3399 546 3474 quaeest
567 3399 663 3470 caput
685 3409 907 3464 numerorum,
944 3410 1039 3473 quum
1061 3387 1254 3463 accesserit,
1289 3387 1501 3470 septenarium
1522 3401 1626 3464 creat,
1658 3390 1714 3476 qni

396 3485 436 3544 ab
458 3482 661 3546 arithmeticis
683 3481 835 3546 Minerva
859 3481 961 3546 dictus
983 3493 1053 3556 est,
1078 3483 1167 3564 quod
1188 3501 1290 3565 neque
1311 3493 1438 3545 creatus
1456 3495 1505 3546 est
1527 3505 1568 3547 ex
1589 3487 1712 3548 duobus
1728 3513 1760 3564 3⁰

395 3576 456 3640 sibi
477 3576 651 3652 similibus,
686 3597 788 3661 neque
808 3596 983 3658 procreare
1004 3577 1074 3658 ipse
1093 3575 1172 3638 alios
1201 3586 1308 3657 potest
1339 3575 1423 3639 intra
1456 3575 1586 3642 limitem
1619 3578 1715 3660 primi

396 3690 522 3733 versus.
580 3671 662 3733 Nam
685 3671 712 3734 si
740 3671 893 3752 respicias
914 3691 932 3733 a
953 3667 1132 3752 principio,
1164 3670 1241 3748 dyas
1264 3681 1296 3732 et
1321 3669 1444 3750 paritur
1467 3690 1506 3732 ex
1529 3671 1660 3756 singulis
1682 3683 1714 3735 et

396 3785 439 3827 cx
464 3783 498 3825 se
521 3762 756 3846 quaternarium
779 3773 879 3827 creat.
924 3764 1018 3826 'l'rias
1038 3763 1084 3826 ll.
1111 3761 1254 3844 equidem
1279 3762 1423 3845 paritur,
1461 3764 1534 3847 quia
1557 3767 1607 3828 bis
1628 3765 1715 3828 siuri-

396 3857 479 3920 libus
500 3854 641 3919 numeris
662 3854 852 3920 co'e'nutibus
872 3867 1089 3940 aggregatur,
1113 3859 1169 3918 sed
1187 3869 1320 3941 generat
1342 3877 1412 3920 sex.
1458 3859 1627 3938 Quinarins
1645 3857 1715 3942 ipse

395 3949 625 4033 nonparitur,
663 3953 719 4012 sed
737 3948 892 4012 decimum
910 3971 951 4012 cx
973 3952 1096 4014 duobos
1117 3949 1166 4013 stri
1188 3950 1342 4014 similibus
1363 3949 1467 4032 parit:
1505 3951 1642 4036 inquo,
1683 3965 1757 4032 ut35

395 4047 511 4110 dictum
536 4056 601 4120 est,
638 4043 843 4130 crescentium
870 4043 940 4106 linis
959 4055 1006 4106 est
1025 4064 1250 4108 numerorum:
1281 4043 1417 4128 quornm
1440 4043 1525 4109 ratio
1548 4045 1662 4109 ceteris
1683 4045 1714 4110 in

398 4139 546 4203 versibus
572 4139 632 4201 sub
656 4136 775 4203 maiore
799 4157 920 4200 somma
942 4138 1116 4221 reperitur.
1167 4139 1232 4200 Sex
1253 4137 1375 4220 paritur
1398 4137 1542 4222 quidem,
1567 4141 1624 4203 sed
1645 4139 1715 4221 ipse

399 4253 463 4296 uon
483 4231 587 4315 parit:
625 4232 789 4296 duodecim
812 4250 946 4316 namque
967 4231 1096 4296 eecrrndi
1127 4252 1237 4294 versus
1266 4231 1377 4314 incipit
1405 4235 1524 4296 habere
1550 4232 1713 4317 reliquias.

399 4328 544 4392 Octavus
567 4347 645 4390 vero
674 4348 715 4390 cx
736 4327 861 4390 dnobus
883 4326 1091 4410 quaternariis
1121 4325 1290 4400 exoritura
1326 4325 1358 4390 in
1380 4327 1515 4391 sedecim
1539 4327 1715 4408 duplicatus

398 4420 543 4486 excedit:
578 4419 700 4504 paritur
722 4442 824 4506 ergo,
862 4442 926 4486 non
954 4420 1051 4503 parit.
1105 4422 1287 4486 Enneadern
1310 4431 1375 4485 tres
1399 4419 1548 4504 triplicati
1570 4419 1758 4502 panianum

398 4514 669 4580 duodevicesimus
690 4514 819 4578 secundi
840 4535 952 4577 versus
974 4525 1022 4578 est
1045 4535 1209 4590 nermerns,
1233 4513 1286 4598 qui
1311 4515 1415 4599 alege
1431 4515 1556 4578 creandi
1571 4514 1715 4580 diversus

398 4620 458 4672 cst.
502 4609 605 4672 Decas
635 4619 726 4670 natus
758 4607 883 4694 quidem
913 4629 954 4670 ex
975 4607 1023 4669 bis
1045 4607 1149 4690 quinis
1172 4607 1402 4692 cognoscitur,
1438 4609 1494 4670 sed
1516 4632 1597 4685 xx.,
1632 4631 1715 4693 qnos

397 4703 522 4787 colligit
550 4700 726 4784 duplicatus
759 4701 810 4764 hic
841 4722 1008 4774 numerus,
1046 4721 1111 4763 oon
1143 4713 1277 4784 possunt
1309 4703 1408 4764 dictae
1437 4699 1569 4766 rationis
1597 4700 1715 4766 habere

398 4797 607 4861 consortium.
651 4793 829 4878 Septimus,
867 4795 921 4881 qui
950 4795 1037 4858 solus
1066 4813 1125 4856 nec
1154 4805 1277 4856 creatus
1308 4815 1348 4856 ex
1370 4793 1451 4858 binis
1473 4796 1565 4860 nnius
1589 4796 1715 4882 generis

472 4975 501 5026 1.
520 4967 588 5020 Len.
602 4965 656 5038 fit.
678 4965 760 5020 baar.
810 4963 837 5021 b.
859 4971 900 5016 dn
919 4981 948 5015 ee
967 4963 1132 5018 volventia?
1158 4963 1211 5018 Ox.
1264 4965 1309 5020 19.
1338 4965 1413 5022 Fort.
1439 4965 1568 5036 partitos.
1595 4965 1715 5021 Scuorr.

397 5047 443 5104 53.
463 5043 536 5098 Fort.
556 5013 643 5094 q'ra'as
660 5060 675 5093 s
693 5041 731 5094 11.
752 5039 859 5112 quidem
873 5045 999 5111 paritur.
1021 5040 1102 5097 Bam.
1153 5039 1197 5098 Sd.
1224 5037 1367 5094 Excidisee
1399 5041 1525 5096 videntur
1550 5041 1594 5112 vel
1620 5045 1647 5094 io
1670 5059 1718 5094 co-

397 5117 457 5171 dice
482 5115 525 5170 vei
550 5121 579 5170 ln
598 5117 709 5171 Graevii
729 5116 870 5180 editione,
898 5130 966 5186 qnae
986 5113 1019 5167 de
1039 5119 1216 5186 quaternarlo
1239 5133 1353 5168 numero
1374 5113 1491 5176 dicenda
1520 5131 1608 5173 erant.
1634 5117 1716 5172 Bam.

396 5193 442 5253 iti.
461 5194 537 5248 rore.
556 5192 695 5262 Septimus
711 5195 805 5264 itaque
823 5191 899 5244 sotere
916 5207 966 5243 nee
985 5199 1097 5244 creatus
1115 5200 1159 5246 est
1177 5207 1213 5244 ea:
1232 5189 1313 5246 binis.
1334 5195 1415 5248 liam.
