4434 5959
556 549 576 612 6
1065 545 1353 616 VICTORINUS

556 689 636 756 milis
655 689 714 774 pio
731 710 768 754 aa
787 688 873 754 fideli
893 709 1000 754 aurore
1021 687 1237 774 coniungitur.
1281 690 1325 756 Et
1345 687 1417 774 quia
1432 687 1538 755 socius
1559 689 1675 776 aliquid
1695 692 1863 758 nobiseum

556 785 659 872 gerit,
682 783 754 850 ideo
776 782 836 860 ait,
852 781 1083 862 firmissimas
1102 783 1293 848 societates.
1338 783 1418 864 Quia
1434 783 1551 849 amicus
1566 785 1620 867 pio
1642 785 1733 850 uobis
1755 809 1863 852 amore

555 877 773 963 coniungitur,
795 877 869 942 ideo
891 877 952 953 sit,
975 876 1210 940 sanctissimas
1231 875 1414 940 anucitiae.
1457 877 1550 962 Ergo
1570 880 1723 944 interdum
1744 882 1861 945 amicus

555 983 621 1050 est,
653 984 685 1035 et
704 971 812 1038 socius
832 991 896 1035 non
918 983 984 1046 est,
1019 970 1046 1034 si
1074 968 1150 1032 nihil
1173 990 1293 1031 meeum
1314 982 1418 1054 gerat.
1468 971 1512 1034 Et
1533 990 1660 1048 rursus,
1698 994 1793 1058 qturm
1821 975 1863 1038 sit

528 1067 682 1144 saueius,
720 1066 838 1130 amicus
866 1074 1015 1141 nonest,
1053 1063 1079 1126 si
1101 1062 1221 1146 aliquid
1243 1084 1363 1126 mecum
1386 1061 1501 1127 invitus
1523 1077 1625 1148 gerat.
1682 1067 1861 1150 Propterea

555 1159 673 1226 Cicero
695 1159 811 1243 ubique
841 1163 905 1225 duo
933 1160 1013 1222 haec
1040 1157 1163 1241 iungit,
1190 1155 1297 1222 socios
1318 1157 1429 1239 populi
1452 1159 1587 1224 Romani
1609 1171 1701 1242 atque
1723 1161 1860 1226 amicost

553 1252 597 1318 ita
618 1264 650 1317 et
669 1255 739 1331 hle,
755 1251 987 1333 serenissimae
1007 1251 1204 1324 societates,
1227 1250 1462 1314 sanctissimas
1485 1251 1668 1318 amicitias.

636 1345 811 1430 intelligo]
861 1347 987 1420 Reate,
1024 1343 1190 1426 intelligo.
1237 1343 1294 1406 Ait
1329 1343 1408 1408 enirn
1437 1366 1557 1428 supra,
1591 1351 1651 1412 Ex
1681 1348 1861 1413 literarum

554 1439 781 1504 monumentis
819 1449 971 1524 repetere
1007 1435 1162 1501 irretituo.
1219 1435 1313 1522 Ergo
1345 1437 1378 1500 id
1417 1441 1503 1526 quod
1535 1439 1653 1525 legitur
1683 1439 1862 1526 intelligen-

513 1534 627 1599 ttduru
650 1542 710 1596 est.

638 1628 753 1708 Quum
786 1622 895 1690 animi
923 1621 1081 1699 ratione,
1118 1634 1193 1686 tum
1218 1620 1374 1714 facilius
1408 1625 1600 1710 eloquentia
1631 1632 1863 1714 comparatae]

551 1717 678 1803 Ubique
699 1722 762 1782 duo
783 1720 863 1780 haee
883 1715 1059 1802 coniungit.
1111 1717 1174 1779 Sed
1197 1719 1322 1802 quando
1342 1717 1458 1800 aliquid
1480 1719 1557 1782 dirae
1588 1741 1641 1783 res
1665 1735 1778 1808 agunt,
1804 1723 1862 1787 tri-

550 1813 627 1894 plici
652 1815 749 1876 modo
777 1821 887 1896 agunt.
929 1811 997 1874 Aut
1025 1811 1172 1894 aequales
1202 1821 1292 1886 srrnt,
1330 1821 1383 1874 aut
1413 1833 1494 1874 arrae
1521 1812 1579 1878 ista
1607 1815 1679 1897 plus
1699 1829 1858 1898 praestat,

550 1927 632 1969 nuuc
653 1905 719 1970 itta.
762 1906 825 1970 Hic
851 1902 1022 1987 sapientiae
1044 1907 1096 1966 dat
1116 1903 1265 1987 proprias
1288 1905 1401 1986 agendi
1421 1897 1570 1972 rationes.
1616 1910 1680 1972 Sed
1701 1909 1773 1995 quia
1795 1911 1861 1974 vir-

509 2009 601 2068 sstus
623 1998 724 2062 omnis
746 1997 958 2082 magnitudine
989 1997 1039 2062 sui
1060 2006 1149 2062 tarda
1172 2008 1236 2072 est,
1275 1997 1395 2062 ideireo
1417 2000 1576 2064 sirbiuuxit
1598 2012 1628 2065 et
1650 2013 1792 2084 ternpus,
1825 2013 1861 2066 ut

549 2092 628 2158 illud
648 2095 735 2177 quod
755 2091 905 2174 sapientia
928 2089 1100 2168 invenerit,
1123 2089 1245 2155 facilius
1267 2091 1445 2176 eloquentia
1459 2093 1666 2177 compleatur.
1710 2097 1803 2179 Ergo
1821 2098 1861 2158 ad

549 2183 668 2269 aliquid
697 2183 762 2249 cito
790 2185 967 2249 laciendum
997 2184 1130 2248 alterum
1161 2183 1289 2248 alterius
1318 2184 1425 2250 auxilii
1451 2186 1583 2270 indiget.
1638 2188 1736 2252 Recte
1757 2188 1860 2274 igitur

549 2277 763 2360 reipublicae
784 2280 983 2342 commodum
1006 2299 1046 2342 ex
1066 2277 1266 2342 coniectione
1288 2277 1450 2362 utriusque
1471 2279 1647 2364 coniungit.

632 2372 684 2435 Aa
706 2392 758 2435 me
778 2370 927 2455 quidem]
950 2371 1052 2452 Supra
1075 2371 1230 2446 ostendit,
1256 2381 1403 2456 quantum
1426 2374 1552 2437 obesset
1566 2372 1744 2458 eloquentia
1758 2397 1860 2459 quan·

507 2480 541 2530 tt
550 2475 678 2550 tumque
696 2466 881 2547 prodesset,
915 2467 972 2528 sed
993 2463 1090 2527 mixta
1111 2463 1299 2545 sapientise:
1333 2485 1417 2527 urruc
1437 2486 1516 2529 vcro
1539 2469 1606 2530 vrrlt
1628 2470 1793 2535 ostendere
1817 2471 1859 2536 si·

551 2556 700 2643 gitatin,
724 2571 873 2645 quantum
895 2559 1046 2641 sapientia
1067 2559 1137 2622 sola
1159 2555 1280 2639 prosit,
1304 2569 1455 2642 quantum
1477 2559 1657 2643 eloquentia
1677 2563 1746 2626 sola
1760 2564 1858 2627 obsit.

551 2651 648 2732 Quod
676 2673 773 2736 quum
805 2651 995 2726 ostenderit,
1033 2651 1181 2735 quoniam
1210 2663 1241 2714 et
1268 2651 1421 2734 sapientis
1448 2653 1517 2717 sola
1544 2674 1652 2736 parum
1675 2657 1805 2737 prodest
1828 2668 1860 2721 et

550 2745 729 2829 eloquentia
750 2745 819 2810 sola
842 2746 970 2809 multum
994 2748 1104 2821 obest,
1128 2765 1239 2808 rursm
1274 2745 1412 2808 dicturus
1434 2757 1482 2808 est
1504 2744 1712 2830 eloquentiam
1733 2747 1859 2831 sapien-

549 2837 612 2902 tiae
634 2859 702 2903 esse
723 2838 923 2924 iungendam.
979 2837 1091 2903 Omnis
1120 2857 1172 2900 res
1201 2848 1253 2900 aut
1274 2835 1400 2900 nimium
1423 2839 1553 2920 prodest
1574 2851 1627 2910 aut
1647 2860 1759 2921 parum
1781 2863 1859 2924 pro-

509 2949 541 2999 25
551 2935 638 2996 dest:
673 2945 727 2997 sut
757 2933 884 2996 nimium
912 2935 1003 2997 obest
1032 2943 1085 2994 aut
1115 2951 1223 3014 parum
1253 2933 1356 2995 obest.
1407 2931 1584 3012 Sapientiae
1607 2954 1699 2996 eruum
1720 2936 1790 3000 dat:
1826 2948 1859 3001 ut

548 3025 618 3088 sola
645 3046 756 3108 parurn
776 3026 881 3108 prosit
906 3023 1137 3108 reipublicae,
1173 3023 1252 3087 nihil
1270 3035 1373 3086 tarnen
1396 3025 1489 3091 obsit.
1534 3025 1755 3111 Eloquentiam
1775 3051 1858 3094 vero

549 3123 649 3186 solam
669 3141 764 3202 saepe
793 3120 836 3182 ait
862 3119 987 3182 nimium
1011 3121 1125 3182 obesse
1153 3130 1184 3180 et
1210 3118 1364 3181 interdum
1385 3118 1460 3180 satis
1484 3118 1610 3183 obesse.
1662 3119 1752 3183 Illam
1776 3142 1858 3185 vero

550 3215 641 3278 aliern
663 3226 785 3295 partem
807 3213 891 3278 tollit
913 3213 974 3276 soli
994 3211 1218 3296 eloquentiae,
1243 3223 1276 3274 ut
1300 3211 1350 3273 rel
1370 3233 1479 3292 parum
1501 3211 1603 3292 prosit
1624 3211 1856 3295 reipublicae,

550 3308 678 3371 mrrltum
711 3318 813 3370 tamen
840 3307 941 3381 obsit,
976 3306 1036 3370 soli
1058 3305 1228 3386 sapientiae
1250 3306 1324 3378 dat,
1361 3315 1396 3366 ut
1418 3303 1470 3367 vel
1490 3325 1599 3384 parum
1621 3306 1741 3386 prosit,
1780 3307 1858 3371 nihil

508 3411 653 3470 tutamen
673 3398 770 3464 obsit.
814 3400 936 3463 Verum
958 3399 1046 3483 quod
1067 3397 1126 3472 ait,
1158 3399 1209 3460 Ae
1230 3419 1282 3459 me
1299 3395 1435 3481 qru‘dem
1456 3397 1517 3460 diu
1540 3398 1746 3480 cogitantem
1765 3402 1859 3466 ratio

549 3495 648 3576 ipsa,
686 3496 787 3576 Ipsa,
810 3492 928 3574 iuquit,
951 3491 1062 3568 ratio,
1091 3487 1265 3572 sapientiae
1287 3489 1424 3568 seilicet,
1450 3511 1540 3575 quam
1564 3491 1759 3576 eloquentiae
1780 3493 1859 3558 diei·

549 3608 617 3650 mus
638 3607 707 3651 esse
729 3584 928 3670 iungendam.
1004 3591 1018 3610 ‘

632 3683 748 3763 Quare
769 3680 801 3744 si
820 3680 932 3763 quis]-
954 3677 1102 3744 0stendit
1117 3677 1191 3761 quid
1202 3677 1242 3740 sit
1255 3677 1346 3760 plena
1362 3676 1525 3760 sapientia.
1549 3678 1679 3760 Sapiens
1694 3689 1741 3742 est
1755 3678 1857 3758 enirn,

548 3772 604 3858 qui
623 3773 729 3836 diviua
750 3783 844 3856 atque
870 3773 1000 3835 humana
1023 3775 1141 3855 optime
1163 3771 1265 3864 queit.
1321 3773 1414 3855 Ergo
1439 3771 1572 3834 studium
1597 3784 1702 3835 rectae
1724 3773 1856 3838 rationis

507 3869 589 3935 stad
606 3864 728 3943 diviua,
764 3867 902 3929 studium
925 3865 1051 3930 honesti
1072 3865 1165 3930 officii
1186 3865 1225 3928 ad
1248 3866 1381 3927 humana
1402 3863 1589 3927 referamus.
1633 3865 1730 3946 Quod
1752 3879 1856 3930 autem

549 3959 593 4023 ait
613 3961 784 4036 studium,
821 3961 939 4022 rectius
961 3958 1056 4034 dixit,
1088 3980 1180 4043 quam
1205 3957 1232 4020 si
1254 3956 1398 4032 dixisset,
1433 3955 1557 4042 siquis
1575 3958 1705 4022 omissa
1722 3959 1857 4024 ratione

547 4065 649 4138 atque
671 4049 802 4142 efficio.
859 4053 897 4117 ln
917 4052 963 4116 his
984 4053 1064 4117 enim
1082 4051 1260 4116 nominibus
1279 4051 1420 4132 perlecta
1439 4050 1642 4133 philosophia
1663 4063 1729 4128 est;
1763 4075 1858 4136 quam

548 4147 620 4230 quia
640 4147 743 4210 nullus
765 4157 877 4211 orator
895 4148 986 4227 plene
1007 4157 1114 4228 potest
1131 4144 1275 4230 assequi,
1298 4144 1370 4207 ideo
1387 4145 1477 4209 uobis
1496 4145 1609 4208 horum
1637 4143 1687 4208 vel
1704 4145 1857 4210 studium

547 4242 723 4305 habendum
746 4260 814 4304 esse
836 4242 1041 4303 demonstrat.

506 4353 538 4406 eo
631 4333 808 4419 Consumit
829 4354 963 4398 omnem
984 4353 1125 4417 operam
1144 4331 1179 4395 in
1208 4333 1452 4398 exercitatione
1477 4331 1625 4413 dicendi]
1657 4333 1854 4410 Consumit,

547 4425 668 4511 inquit:
692 4427 750 4490 iam
769 4427 799 4490 in
813 4426 876 4491 isto
893 4430 992 4491 verbo
1009 4437 1056 4490 est
1070 4427 1187 4489 inutilis
1201 4427 1306 4491 labor.
1351 4428 1447 4507 erod
1461 4437 1563 4489 autem
1585 4427 1628 4488 ait
1639 4425 1675 4487 in
1685 4427 1855 4490 exercita·

546 4519 639 4584 tione
659 4519 811 4596 dicendi,
835 4519 921 4584 timet
941 4520 1150 4606 eloquentiam
1174 4519 1355 4595 nominare,
1381 4531 1415 4582 ut
1433 4540 1526 4602 supra
1547 4518 1700 4596 diximus,
1723 4539 1762 4583 ae
1783 4541 1855 4584 sen·

620 4729 666 4786 15.
687 4727 882 4797 magnitudine
897 4731 957 4799 sset]
977 4757 1014 4772 -
1031 4727 1226 4798 magnitudine
1242 4733 1274 4780 ul
1293 4725 1344 4784 Cd.
1364 4730 1425 4784 uu.
1446 4728 1500 4785 0¹.

618 4807 663 4862 29.
681 4805 729 4859 stc
749 4804 834 4877 Capp.
853 4805 919 4858 Gar.
942 4833 973 4846 -
993 4804 1047 4856 soli
1066 4805 1257 4876 eloquentiae,
1289 4813 1320 4854 ut
1338 4804 1386 4856 uel
1400 4821 1501 4873 parram
1521 4807 1615 4876 prosit
1635 4807 1719 4874 reip„
1747 4821 1803 4874 qua
1824 4807 1854 4856 iu

544 4893 576 4928 ss
588 4875 936 4949 messesmperostendat.
958 4879 990 4934 V
987 4897 1065 4931 erum
1074 4895 1128 4932 cet.
1143 4878 1184 4932 St.
1198 4877 1261 4934 ΑΜ.
1271 4907 1309 4921 -
1320 4877 1399 4948 ECd.
1411 4880 1473 4932 Bss.
1482 4879 1548 4932 haec
1559 4897 1599 4933 vv.
1613 4877 1780 4934 exciderunt.
1800 4879 1854 4932 Oa.

618 4956 663 5012 δἰ.
682 4959 793 5023 sapiens
810 4962 863 5020 est,
884 4959 929 5025 qui
951 4953 1061 5022 dtutne]
1081 4957 1123 5006 sic
1144 4957 1278 5026 rapientia
1302 4953 1429 5008 definitur
1451 4953 1522 5025 apud
1535 4957 1712 5008 Ciceronem:
1732 4955 1854 5006 Salentiu

543 5044 636 5080 rerum
667 5027 828 5082 diuinarum
865 5036 895 5081 et
932 5027 1115 5082 mutarum
1151 5047 1368 5100 caesareamque,
1410 5029 1506 5101 quibus
1537 5027 1588 5080 leae
1624 5046 1670 5082 ree
1704 5033 1852 5082 continen-

543 5109 601 5157 tur.
633 5107 713 5158 cm.
1238 5105 1241 5116 '
