4434 5959
533 594 595 661 286
1069 596 1308 667 noerellus
1337 599 1341 604 ’

533 746 643 805 coacta
673 746 769 821 atque
788 734 821 801 in
842 758 937 803 unum
958 739 1086 805 redacta
1107 748 1176 816 est,
1211 737 1308 803 slim
1329 736 1469 805 eiusdem
1488 737 1537 805 rei
1557 736 1736 823 explicatae
1755 748 1856 824 rtqne

534 831 705 907 dissertae,
727 830 758 895 in
781 852 841 907 en,
871 834 959 916 quod
979 831 1126 915 expedita
1146 842 1242 917 atque
1264 831 1378 898 diffusa
1399 844 1462 899 est.
1505 834 1589 897 Nam
1610 831 1672 897 etsi
1690 831 1773 898 iden
1795 836 1855 898 de-

533 924 635 989 linitio
657 927 744 1009 quod
765 946 879 993 nomen
900 924 1074 1011 significat,
1103 925 1183 991 illud
1202 937 1304 991 tanen
1325 925 1448 1009 ipsum,
1477 929 1567 1010 quod
1586 947 1703 991 nomen
1716 938 1855 1013 ιιιςιιιιο

534 1018 731 1103 confuseque
753 1017 913 1102 designat,
937 1018 1077 1101 apertius
1096 1017 1237 1085 delinitio
1260 1019 1388 1085 disserit
1402 1041 1440 1085 ae
1457 1020 1623 1104 psteiacit.
1667 1021 1771 1085 Recte
1790 1020 1857 1105 igi·

508 1122 588 1183 stur
609 1112 860 1195 aliud-quiddam
880 1123 928 1177 est
946 1112 1069 1195 ipsum,
1093 1112 1180 1179 alind
1200 1112 1269 1179 eius
1284 1113 1453 1192 delinitio,
1475 1113 1569 1181 erim
1588 1113 1617 1177 si
1637 1134 1732 1178 unum
1753 1114 1857 1179 idem-

533 1226 596 1288 que
624 1216 671 1269 est
697 1205 859 1290 utriusque
885 1205 1075 1271 subiectum.
1130 1208 1175 1273 Ut
1207 1206 1290 1271 enim
1317 1207 1435 1273 dictum
1459 1219 1531 1283 est,
1567 1206 1670 1290 ipsum
1692 1207 1857 1293 singulam

533 1309 599 1372 est,
637 1299 776 1363 delinitio
802 1299 899 1382 ipsius
931 1300 1047 1385 singuli
1078 1321 1137 1381 per
1165 1311 1273 1383 partes
1305 1302 1490 1367 distributio
1518 1312 1615 1385 atque
1640 1302 1856 1367 enumeratio.

533 1392 647 1461 Partes
664 1405 765 1457 autern
791 1414 874 1457 nsrnc
896 1394 1118 1457 substantiales
1137 1392 1230 1470 dico,
1251 1416 1317 1459 non
1334 1416 1417 1479 quae
1443 1396 1687 1481 magnitudinem
1706 1392 1855 1479 iungant,

533 1488 588 1549 sed
608 1508 689 1567 quae
716 1485 943 1569 proprietatem
966 1488 1186 1570 rationemque
1207 1488 1412 1552 substantiae.
1470 1490 1535 1553 Sed
1558 1496 1661 1575 qnod.
1676 1489 1708 1553 in
1741 1486 1856 1551 delini·

491 1590 523 1641 tt
534 1578 620 1642 tione
641 1580 759 1643 dictum
787 1592 837 1643 est
857 1583 1110 1661 secundum,eas
1133 1591 1260 1662 partes,
1297 1602 1379 1667 quac
1404 1584 1612 1649 substantiam
1630 1586 1790 1670 iungunt,
1821 1582 1856 1645 id

532 1669 565 1735 in
585 1670 730 1753 partibus
752 1672 990 1757 intelligendum
1011 1684 1077 1748 est,
1112 1695 1195 1756 quae
1214 1674 1458 1759 magnitudinum
1479 1676 1648 1759 copulant,
1683 1678 1775 1741 velut
1794 1678 1855 1739 dn·

533 1786 622 1839 tntis,
656 1786 738 1849 quae
760 1766 982 1843 fundamento,
1021 1766 1196 1847 parietibus
1216 1777 1367 1849 tectoque
1388 1767 1606 1854 coniungitur.
1649 1773 1734 1836 Nam
1754 1790 1856 1855 quum

533 1878 569 1921 ea
585 1857 662 1921 nilnil
676 1858 717 1921 sit
732 1859 816 1922 aliud
831 1858 888 1922 nisi
899 1860 988 1944 quod
1002 1853 1146 1941 partibus
1157 1862 1338 1942 copulatur,
1362 1860 1430 1943 ipsa
1443 1874 1617 1928 tarnennna
1632 1866 1789 1951 quaedam
1804 1874 1854 1926 est

533 1965 627 2037 atquc
648 1953 833 2029 coniuncta,
865 1953 994 2035 partitio
1023 1974 1102 2017 vero
1131 1952 1199 2017 eins
1225 1976 1286 2035 per
1320 1958 1472 2037 quaedam
1501 1960 1642 2021 membra
1667 1954 1853 2023 distributio

491 2059 598 2120 ttest3
631 2058 726 2131 atque
747 2047 839 2121 ideo,
876 2046 947 2109 licet
970 2068 1063 2111 ιιιιιιιιι
1084 2048 1144 2122 sit,
1178 2050 1267 2131 quod
1285 2046 1387 2128 ipsum
1414 2060 1463 2111 est
1490 2060 1524 2111 et
1546 2054 1634 2134 quod
1651 2062 1725 2115 siunt
1744 2062 1854 2131 partes

533 2140 672 2225 undique
690 2140 917 2217 confluentes,
954 2162 1017 2205 non
1049 2151 1153 2205 tannen
1183 2142 1314 2203 eundem
1344 2162 1472 2206 necesse
1496 2155 1543 2206 est
1572 2147 1691 2209 babere
1728 2144 1855 2208 intelle·

533 2247 636 2310 ctum,
669 2254 765 2318 quum
795 2234 896 2317 ipsum
929 2232 1088 2318 integrum
1110 2233 1329 2298 consideratur
1367 2245 1401 2296 et
1424 2256 1521 2319 quum
1543 2236 1576 2301 in
1606 2250 1714 2319 partes
1745 2238 1853 2321 ipsas,

533 2326 649 2412 quibus
667 2326 804 2391 iunctum
828 2338 894 2401 cst,
920 2326 1133 2391 distribuitur.
1187 2328 1241 2391 Ea
1265 2338 1340 2391 nota
1368 2349 1446 2393 vero
1471 2330 1562 2395 locus
1589 2330 1788 2414 apertissime
1815 2332 1857 2393 ab

534 2441 573 2487 eo
596 2418 734 2485 terminu
757 2419 901 2485 diuersus
927 2432 994 2493 est,
1017 2419 1122 2504 quiin
1146 2419 1334 2504 quaestione
1351 2434 1400 2485 est
1425 2422 1629 2487 constitutus.
1673 2424 1757 2504 Quis
1771 2424 1856 2487 enim

490 2512 616 2583 tudicat
638 2512 670 2576 id
692 2534 760 2577 esse
783 2510 950 2579 cuiuslibet
971 2513 1018 2579 rei
1043 2514 1255 2588 vocabulum,
1286 2515 1374 2596 quod
1393 2536 1445 2577 res
1463 2515 1530 2595 ipra
1556 2528 1622 2592 est,
1653 2539 1748 2601 quarn
1771 2516 1858 2580 desi·

535 2606 636 2691 gnat?
668 2608 716 2673 Ea
741 2628 844 2683 vero,
879 2628 960 2692 quae
981 2605 1093 2681 adid,
1127 2608 1167 2669 de
1189 2627 1254 2691 quo
1277 2607 1400 2690 agitur,
1428 2609 1540 2673 affecta
1562 2622 1655 2687 sunt,
1678 2610 1740 2673 etsi
1762 2622 1857 2673 extra

532 2700 638 2783 posita
672 2700 843 2776 videntur,
878 2699 1047 2765 terminum
1078 2710 1183 2763 tamen
1214 2700 1246 2763 in
1274 2703 1459 2786 quaestione
1489 2703 1691 2785 propositum
1720 2705 1811 2767 velut
1838 2723 1858 2765 e

533 2794 668 2879 regione
697 2792 891 2877 respiciunt,
935 2794 1067 2884 quaein
1094 2794 1209 2857 inultas
1228 2792 1332 2859 secari
1352 2815 1481 2859 necesse
1509 2808 1558 2859 est
1578 2808 1699 2878 partes.
1743 2796 1858 2861 Omnis

534 2887 615 2953 enirn
635 2909 688 2953 res
709 2888 760 2962 id,
784 2890 872 2973 qnod
890 2900 958 2964 est,
982 2910 1077 2953 unsrm
1099 2898 1167 2963 est,
1190 2889 1286 2950 snulta
1308 2909 1386 2952 vcro
1408 2889 1533 2952 sibimet
1555 2890 1670 2953 retinet
1690 2887 1854 2965 adiuncta,

491 2994 615 3067 tsqnae
637 2984 700 3046 boc
720 2984 760 3045 ab
784 2982 840 3057 iis,
865 3003 946 3065 quae
970 2981 1099 3049 omnino
1118 2980 1317 3045 extrinsecus
1341 2994 1433 3055 sunt,
1465 2984 1594 3047 differre
1613 2982 1854 3068 intelliguntur,

535 3078 623 3161 quod
644 3097 698 3149 ea,
721 3096 803 3157 quae
829 3076 941 3139 affecta
964 3086 1053 3149 erint,
1079 3074 1110 3139 in
1130 3075 1285 3139 relatione
1306 3088 1379 3139 srrnt
1401 3077 1525 3157 posita,
1550 3082 1598 3155 (ιιι
1618 3088 1695 3159 post
1715 3088 1748 3139 et
1768 3077 1855 3159 ipsa·

533 3190 603 3233 rum
634 3168 814 3251 propositio
843 3180 874 3233 et
895 3168 1115 3249 exemplorum
1137 3166 1220 3232 ratio
1249 3168 1453 3248 monstrabit)
1476 3191 1513 3233 ea
1538 3192 1639 3244 vcro,
1674 3180 1857 3254 quaesunt

536 3259 751 3333 extrinsecus,
789 3259 822 3323 iu
846 3261 930 3324 nulla
958 3262 1112 3325 relatione
1140 3272 1212 3325 strnt
1238 3260 1424 3325 constituta.
1474 3265 1585 3346 Atque
1603 3264 1678 3327 ideo
1697 3266 1777 3325 baec
1796 3284 1857 3325 ex·

535 3354 690 3419 trinsecus
713 3354 834 3430 solum,
859 3356 913 3419 illa
937 3376 1014 3419 vero
1040 3354 1154 3417 affecta
1176 3366 1249 3417 sssnt
1270 3366 1472 3437 nuncupata;
1494 3359 1590 3421 babet
1611 3356 1694 3420 euim
1717 3356 1856 3440 aliquam

370 3477 372 3483 ’
492 3449 771 3529 auqnodamnouo
792 3447 1014 3532 cognationem
1036 3450 1074 3511 ad
1097 3445 1152 3522 id,
1181 3449 1221 3511 ad
1241 3451 1327 3530 qnod
1351 3448 1532 3525 reducitur,
1557 3450 1612 3525 id,
1636 3452 1724 3534 qnod
1750 3450 1856 3513 rel'er·

534 3551 588 3603 tur
609 3542 648 3601 ad
673 3538 804 3623 aliquid.
857 3542 920 3603 Sed
939 3560 1048 3605 ornnes
1073 3540 1143 3605 lere
1165 3542 1226 3605 lios
1249 3542 1358 3615 locos,
1383 3562 1465 3627 qnos
1480 3565 1564 3607 nunc
1584 3542 1743 3624 simplices
1762 3554 1858 3626 atque
1955 3537 1956 3560 ¹

534 3630 687 3697 indivisos
707 3632 821 3714 ponit,
843 3634 1024 3714 posteriore
1044 3644 1180 3695 tractatu
1201 3633 1328 3709 dividit,
1354 3645 1388 3697 ιιι
1410 3656 1494 3697 nunc
1515 3656 1644 3720 qnoque
1666 3658 1724 3700 eos
1746 3638 1856 3711 locos,
1900 3675 1904 3683 ·
1955 3673 1956 3684 ι

538 3725 596 3809 qni
618 3725 648 3787 in
671 3724 741 3807 ipso
759 3737 849 3801 sunt,
888 3726 1066 3801 distribuit,
1104 3747 1201 3810 quum
1227 3728 1306 3791 alios
1327 3748 1369 3791 er
1391 3739 1463 3792 toto
1482 3728 1551 3795 lieri
1573 3730 1745 3811 proponit,
1775 3733 1858 3797 alius

534 3818 756 3900 expertibus,
779 3819 859 3883 alios
880 3840 921 3883 ex
946 3832 1045 3895 nota,
1070 3820 1150 3883 alios
1173 3841 1215 3883 ex
1236 3820 1377 3895 affectis,
1408 3824 1583 3905 affectaque
1604 3823 1672 3903 ipsa
1693 3823 1762 3887 suis
1781 3847 1858 3908 par·

492 3914 619 3977 tutibus
641 3924 737 3978 secat.
793 3914 1004 3979 Extrinsecus
1029 3932 1110 3977 vero
1131 3913 1236 3976 locum
1261 3915 1293 3979 in
1314 3913 1497 3981 testimonio
1516 3917 1657 3997 positum
1686 3938 1757 3981 esse
1776 3940 1858 3983 con·

535 4008 660 4085 firmat,
686 4007 958 4081 testimoniiuern
979 4006 1041 4071 virn
1062 4005 1092 4068 in
1116 4006 1304 4071 auctoritate
1326 4011 1511 4084 constituit,
1533 4010 1753 4075 auctoritatem
1777 4034 1857 4077 sero

535 4102 661 4167 deducit
684 4102 715 4164 in
734 4102 883 4184 proprias
901 4113 1027 4183 partes;
1051 4100 1106 4163 sed
1127 4100 1205 4163 baec
1224 4100 1254 4163 in
1270 4101 1452 4182 posteriore
1470 4116 1618 4169 tractatu.
1661 4106 1759 4169 Nunc
1778 4126 1856 4169 sero

536 4218 593 4262 eos
623 4195 782 4279 simplices
811 4208 907 4281 atque
937 4192 1089 4259 indivisos
1119 4194 1292 4276 proponit.
1331 4206 1363 4258 et
1392 4197 1487 4259 eelsrti
1520 4197 1716 4279 simplicibus
1748 4200 1857 4261 subdit

536 4290 694 4373 exempla.
740 4290 853 4353 Restat
884 4302 986 4355 auteur
1021 4307 1116 4361 nime,
1147 4290 1234 4370 qnod
1261 4287 1388 4352 videtur
1415 4312 1483 4356 esse
1503 4293 1733 4374 quaerendum,
1773 4291 1857 4356 anii

493 4383 620 4457 tulnci,
644 4380 701 4467 qui
727 4381 758 4447 in
792 4384 883 4447 locos
914 4381 993 4447 alios
1016 4378 1217 4455 dividuntur,
1240 4402 1374 4458 eorum,
1406 4406 1489 4467 quos
1505 4384 1589 4449 intra
1610 4405 1645 4448 se
1667 4385 1856 4465 continent,

537 4477 682 4541 lucorum
706 4475 770 4539 loci
795 4497 865 4541 esse
887 4474 1030 4558 possint,
1054 4484 1088 4535 ιιι
1110 4494 1243 4547 eortius,
1268 4475 1414 4556 quisunt
1443 4500 1484 4541 ex
1505 4490 1594 4555 toto,
1628 4500 1669 4543 ex
1690 4482 1856 4563 partibus,

536 4592 577 4633 ex
603 4580 695 4645 nota,
727 4590 769 4634 ex
791 4568 930 4647 allectis,
954 4567 982 4631 is
1003 4586 1083 4631 unsre
1106 4566 1231 4647 quidam
1253 4568 1343 4653 quasi
1365 4570 1454 4635 locus
1475 4571 1535 4648 sit,
1570 4571 1624 4657 qui
1645 4586 1694 4637 est
1716 4577 1750 4639 in
1771 4578 1856 4659 ipso.

537 4662 627 4727 Nilril
646 4662 771 4746 quidem
793 4682 927 4743 prorsus
947 4660 1088 4725 officeret
1107 4659 1251 4725 locorum
1277 4664 1368 4727 lucos
1389 4677 1521 4747 putare3
1543 4667 1615 4731 lieri
1633 4666 1716 4731 enirn
1734 4680 1856 4751 potest,

537 4768 571 4820 nt
589 4756 676 4820 locus
691 4755 828 4838 amplior
838 4754 918 4819 intra
934 4764 1034 4819 senret
1050 4753 1253 4837 angustiores
1268 4757 1429 4821 contineat
1441 4759 1552 4835 locos,
1576 4761 1858 4843 uelutprosinciae

611 4996 657 5047 22.
674 4992 863 5061 prepositum]
895 4990 972 5043 Elns.
991 4992 1060 5041 ven.
1080 4988 1159 5041 Base.
1182 5018 1212 5031 -
1231 4992 1457 5059 propositionem
1473 4992 1663 5044 ritrsmlsrls.
1713 4995 1761 5053 58.
1779 4992 1857 5045 aad·

536 5071 616 5120 uisos
632 5068 776 5136 proponit]
798 5066 875 5119 Elns.
902 5092 936 5107 -
963 5062 1051 5117 indie.
1079 5064 1155 5115 loces
1180 5081 1262 5134 prop.
1293 5062 1363 5117 Edd.
1413 5063 1460 5119 lili.
1478 5068 1654 5135 provinciae]
1674 5067 1755 5123 ntus.
1776 5098 1808 5113 -
1827 5078 1857 5121 ιι

534 5147 683 5213 pruvincia
701 5140 771 5196 lidd.
810 5140 877 5195 Prae
900 5138 999 5213 plurali
1016 5143 1181 5209 provinciae
1200 5142 1296 5196 malim
1315 5142 1386 5211 sing.
1402 5145 1563 5209 provincie.
