4434 5959
932 649 1037 718 cur.
1059 651 1125 716 ιν.
1622 648 1684 728 ara

374 786 505 872 dignum
520 786 562 850 sit
582 787 788 854 examinatur.
831 793 930 856 More
943 791 1057 855 iustum
1072 803 1122 855 est
1142 795 1224 875 apud
1245 793 1379 872 Scythas
1400 792 1564 876 sexaginta
1584 812 1683 855 annos

372 893 480 945 natum
500 881 682 947 occidere*
703 887 748 948 Et
767 897 851 968 apud
865 889 1120 949 Lacedaemones
1138 887 1242 970 flagro
1259 888 1422 950 verberari
1437 888 1507 971 lege
1524 886 1571 946 vel
1588 894 1684 966 pacto

371 974 488 1038 iustum
511 987 571 1039 est.
614 977 653 1040 ln
675 999 740 1062 quo
763 979 992 1056 consideratur,
1017 1000 1056 1041 an
1084 983 1208 1044 nonsit
1229 981 1440 1062 probibitum3
1463 1001 1532 1041 nam
1554 978 1580 1041 ai
1605 977 1685 1040 scri·

373 1080 463 1152 ptum
482 1071 660 1150 pertendit,
690 1073 769 1135 alius
791 1073 851 1136 erit
871 1084 983 1136 status.
1036 1072 1075 1135 ln
1097 1076 1159 1138 boc
1180 1086 1362 1156 spectantur
1385 1084 1519 1136 aetatum
1542 1070 1685 1133 licentiae

372 1173 407 1225 et
428 1176 554 1227 sectae:
591 1163 776 1248 quibusdam
800 1164 881 1228 enim
901 1169 1052 1250 quaedam
1076 1168 1222 1230 videntur
1240 1189 1311 1231 esse
1331 1185 1499 1239 concessa,
1524 1177 1558 1228 ut
1579 1164 1729 1245 philo-s

371 1255 501 1339 sophis,
525 1259 727 1332 oratoribus,
751 1259 940 1341 pictoribus.
992 1261 1122 1323 'l'ertius
1146 1271 1193 1322 est
1208 1260 1409 1324 consiliorum
1435 1259 1542 1330 locus,
1566 1256 1597 1319 in
1620 1278 1685 1339 quo

373 1349 575 1433 quaerimus,
612 1373 679 1436 quo
701 1353 837 1417 consilio
863 1354 994 1428 fecerim
1019 1354 1105 1416 acsi
1126 1353 1300 1430 incertum,
1326 1357 1507 1417 destructur
1529 1361 1561 1414 et
1581 1349 1686 1413 resol-

372 1452 488 1518 vetur,
520 1463 630 1519 causa,
667 1465 823 1525 persona,
854 1447 968 1519 modo,
999 1457 1161 1528 tempore,
1192 1447 1280 1509 loco.
1333 1446 1389 1508 Ab
1411 1444 1498 1506 initio
1530 1446 1568 1505 ad
1593 1445 1685 1506 finem

372 1534 556 1618 principalia
578 1547 626 1599 est
647 1539 839 1603 accusatoris
862 1539 970 1613 locus;
992 1561 1009 1602 a
1029 1540 1174 1620 partibus
1194 1539 1283 1615 iusti,
1307 1537 1489 1622 principalis
1507 1549 1554 1601 est
1577 1536 1686 1600 delen·

373 1629 472 1692 soris.
516 1631 626 1692 Locus
648 1631 772 1695 consilii
797 1632 923 1716 utrique
945 1633 1119 1696 communis
1146 1643 1205 1696 est.
1249 1635 1343 1696 Nunc
1366 1631 1529 1694 absolutae
1549 1629 1684 1713 qualita-
1698 1649 1728 1696 ro

373 1719 417 1784 tis
437 1720 599 1785 materiam
618 1723 807 1788 dividamus.
858 1730 1029 1792 Matrona
1049 1728 1215 1813 Cynicam
1232 1739 1360 1791 sectam
1377 1737 1532 1795 exercetr
1553 1724 1595 1785 de
1613 1743 1685 1786 mo·

374 1815 472 1877 ribus
494 1837 555 1878 rea
575 1829 639 1880 eat.
682 1819 736 1880 Ab
758 1817 848 1883 initio
882 1824 920 1882 ad
942 1822 1053 1885 linem:
1075 1843 1121 1883 an
1142 1819 1404 1909 quumaffectet
1422 1813 1685 1905 insolitasema'·

373 1907 451 1981 ¹¹5⁸,
473 1910 563 1971 mate
583 1909 689 1983 mont,
725 1930 770 1971 an
789 1932 894 1994 quum
914 1913 1108 1976 litterarum
1129 1925 1242 1988 artes,
1272 1933 1319 1976 aa
1340 1932 1445 1997 quum
1466 1910 1685 1994 philosopho·

374 2021 477 2077 runt,
514 2021 560 2062 aa
585 2022 691 2085 quum
710 2004 875 2089 Cynicam
904 2007 1014 2090 legem
1045 2019 1222 2090 separatur.
1272 2009 1305 2070 A
1338 2005 1479 2087 partibus
1510 2003 1602 2066 iusti:
1640 2021 1686 2063 an

373 2093 476 2155 liceat
496 2096 598 2169 uelle,
634 2117 721 2179 quae
739 2097 914 2178 prohibita
935 2101 1068 2182 tegibus
1096 2121 1164 2164 non
1189 2110 1288 2174 sunt,
1309 2121 1356 2162 arr
1380 2100 1539 2172 studere,
1566 2117 1614 2158 aa
1636 2095 1728 2158 sicat

372 2188 525 2253 studere.
575 2190 628 2254 An
650 2189 802 2254 consilio:
832 2214 896 2254 cur·
915 2191 1129 2283 bocsaciat,·
1151 2205 1331 2268 utrumne,
1354 2191 1446 2276 meod
1466 2211 1531 2252 suo
1556 2187 1686 2252 nomini

373 2280 580 2363 rapientium
596 2295 750 2365 praestet
756 2307 770 2356 ,·
788 2305 836 2346 aar
854 2307 952 2360 vero,
976 2287 1068 2368 quod
1084 2287 1188 2350 libere
1207 2285 1285 2348 velit
1308 2297 1342 2348 et
1355 2285 1428 2347 aine
1449 2283 1685 2346 obseruatione

371 2373 576 2458 enumquam
595 2375 701 2438 vitam
719 2377 854 2441 ducere.
912 2379 1027 2442 Potest
1051 2378 1104 2441 hic
1123 2389 1156 2442 ct
1177 2378 1349 2442 communis
1370 2377 1425 2440 illa
1449 2375 1582 2460 qualitas
1607 2373 1686 2436 inci·

371 2468 469 2541 dere,
492 2489 574 2550 quac
591 2471 699 2532 eadem
725 2492 785 2552 per
805 2470 1073 2552 comparationem
1099 2483 1166 2548 est,
1189 2470 1243 2534 ubi
1273 2470 1453 2558 quaeritur,
1477 2481 1594 2533 utrum
1613 2489 1631 2530 e
1647 2489 1686 2530 re

368 2559 510 2642 publiea
524 2561 572 2624 sit
594 2563 754 2627 damnari
773 2566 883 2641 hanc,
905 2585 952 2626 an
971 2565 1112 2629 absolui.
1156 2607 1166 2628 .
1695 2568 1727 2620 ²⁰

615 2734 647 2806 §.
669 2730 703 2794 ⁶.
733 2729 795 2794 DE
817 2732 1128 2798 ADSUMPTIVA
1150 2731 1437 2812 QUALITATE.

433 2867 647 2948 Adsumptiva
674 2888 734 2949 per
765 2869 972 2948 relationem,
1010 2883 1041 2934 et
1072 2871 1266 2954 adsumptiva
1297 2892 1356 2954 per
1382 2867 1612 2944 remotionem,
1652 2879 1683 2932 et

372 2961 571 3044 adsumptiva
593 2983 652 3044 per
671 2963 977 3044 compensationem,
1009 2976 1040 3028 et
1061 2964 1256 3046 adsumptiva
1286 2965 1413 3028 venialis
1440 2963 1546 3026 iisdem
1574 2985 1683 3027 omncs

370 3055 451 3118 locis
472 3055 672 3129 dividuntur,
696 3057 737 3117 ab
752 3057 839 3120 initio
863 3061 902 3120 ad
922 3059 1033 3133 tinem,
1063 3061 1103 3121 ab
1128 3056 1365 3139 adsumptione,
1390 3059 1430 3118 ab
1457 3057 1682 3137 adsumptionis
1720 3061 1724 3074 '

371 3149 599 3211 destructione.
643 3146 843 3213 Destruimus
869 3162 971 3212 autem
994 3149 1074 3213 locis
1096 3153 1161 3214 Vl.
1174 3195 1184 3227 ,
1208 3151 1411 3226 coniectura,
1434 3149 1602 3231 qualitate,
1628 3151 1726 3210 de-25

370 3241 534 3318 linitione,
559 3242 783 3318 translatione,
807 3245 999 3329 quantitate,
1023 3247 1280 3326 comparatione:
1302 3265 1384 3306 nrruc
1417 3243 1483 3305 istis
1516 3242 1681 3318 onmibus,

369 3358 455 3401 nunc
488 3335 647 3417 plerisque
678 3357 800 3400 eorum.
858 3339 984 3401 Horum
1008 3339 1138 3400 effectus
1160 3337 1191 3399 in
1215 3335 1444 3400 controversiis
1469 3337 1681 3418 inspiciamus.

368 3429 543 3495 Relativa:
577 3430 652 3492 dux
678 3433 926 3493 exclamantem
947 3431 984 3492 in
1007 3430 1079 3496 acie
1100 3431 1259 3504 militem,
1285 3429 1455 3503 vincimur,
1490 3427 1683 3518 interfecit:

368 3544 450 3588 reus
469 3533 521 3584 est
542 3522 665 3590 caedis.
708 3523 762 3586 Ab
782 3524 873 3587 initio
896 3527 935 3586 ad
956 3523 1066 3586 linem:
1100 3545 1145 3585 arr
1171 3545 1275 3608 quum
1298 3523 1440 3586 militena
1463 3521 1681 3612 interfecerit

367 3618 411 3680 ob
433 3619 565 3678 nullum
587 3617 825 3692 commissum,
866 3617 958 3702 quod
980 3621 1040 3679 leae
1061 3630 1170 3680 morte
1190 3617 1309 3700 punit,
1341 3637 1490 3699 poenam
1509 3619 1604 3678 luere
1625 3616 1726 3678 (le-to

366 3711 458 3773 beat.
503 3709 556 3775 Ab
579 3710 796 3792 adsumptione
825 3711 979 3774 relativa:
1017 3732 1063 3772 an
1087 3733 1192 3794 quum
1220 3713 1469 3782 extenuantem,
1508 3709 1680 3785 vincimur,

367 3798 602 3893 interfecerit,
631 3803 853 3866 absolmndua
875 3805 932 3866 ait.
988 3806 1018 3867 A
1038 3804 1254 3886 destructione
1277 3801 1504 3882 adsumptionis
1530 3802 1682 3865 relativae

366 3916 428 3978 per
449 3893 660 3957 coniecturam
673 3917 690 3972 a,
713 3908 856 3979 propter
875 3898 956 4004 lroc⁴
977 3918 1022 3959 an
1046 3909 1190 3979 propter
1214 3897 1348 3980 aliquae
1368 3897 1556 3958 simultates
1578 3895 1682 3958 iater-

351 3987 507 4081 secerit.
552 3989 584 4052 A
605 3986 775 4070 qualitate:
797 4010 844 4050 an
864 3990 993 4052 iustrcm
1003 3988 1128 4078 fucrit
1153 3991 1202 4053 sic
1222 3991 1449 4056 animaduerti
1466 3988 1501 4050 in
1524 3988 1678 4051 militem.

368 4084 404 4146 A
423 4081 505 4144 linea
532 4079 786 4145 animaduersio
798 4077 923 4170 flaerit
939 4083 1016 4158 itta,
1053 4105 1098 4145 an
1125 4082 1187 4147 uis.
1230 4086 1262 4147 A
1289 4084 1513 4150 translatione:
1549 4101 1594 4144 nn
1622 4101 1723 4152 acca,

368 4173 462 4256 ipae,
484 4193 544 4236 nec
564 4172 623 4236 illo
649 4176 742 4248 loco,
765 4195 826 4236 nec
847 4175 906 4236 illo
928 4187 1100 4258 tempore,
1124 4175 1186 4238 secl
1202 4175 1330 4239 iudices
1352 4178 1442 4239 dictu
1459 4197 1566 4240 carcaa
1589 4173 1680 4237 iurli·

368 4287 449 4330 aare
466 4265 654 4329 debuerint.
698 4268 765 4331 Per
777 4265 1003 4350 quantitatem:
1033 4289 1121 4330 anne
1137 4280 1233 4332 tanto
1252 4269 1418 4350 supplicio
1435 4271 1577 4354 dignum
1587 4267 1679 4358 srae-

368 4359 418 4424 rit
431 4359 650 4424 commissum
665 4357 863 4440 [uindicare]
883 4359 1013 4423 militia.
1037 4361 1101 4422 Pcr
1117 4363 1405 4442 comparationem:
1429 4376 1547 4426 utrum
1562 4361 1680 4445 potius

354 4450 482 4544 suerit
503 4463 584 4516 tunc
603 4473 682 4515 eum
702 4451 873 4530 interfeci,
903 4473 948 4514 an
964 4464 1086 4537 postea
1107 4475 1204 4516 reum
1217 4453 1320 4532 fieri.
1373 4455 1564 4524 Remoriva:
1587 4457 1680 4536 lega·
1711 4517 1714 4526 .

365 4557 426 4608 tua
446 4545 542 4608 intra
561 4545 651 4608 diem
670 4544 882 4610 tricesimum
899 4544 1165 4628 proffiiscaturu·
1200 4551 1334 4629 legatus
1357 4568 1424 4610 non
1443 4561 1581 4630 accepto
1608 4547 1679 4610 via·
1691 4579 1722 4628 ω

365 4638 437 4702 tica
462 4637 644 4712 remansit,
680 4650 714 4702 et
739 4661 821 4703 reus
845 4651 906 4702 est.
950 4641 1003 4702 Ab
1031 4638 1121 4702 initio
1149 4641 1187 4703 ad
1208 4641 1319 4702 smum:
1343 4661 1388 4704 aa
1416 4664 1520 4727 quum
1546 4645 1678 4725 legumes

365 4751 437 4823 non
450 4729 497 4793 sit
509 4729 709 4816 profectus,
733 4731 851 4798 debeat
867 4752 1014 4815 poenam
1035 4733 1217 4796 sustinere.
1262 4733 1315 4796 Ab
1335 4735 1554 4816 adsumptione
1574 4759 1678 4800 remu·

367 4822 455 4887 tiva:
478 4843 523 4886 an
548 4845 652 4907 quum
671 4845 739 4887 non
764 4823 938 4908 exceperit
958 4825 1141 4900 uiaticum,
1176 4825 1312 4888 crimini
1338 4849 1405 4890 non
1427 4829 1473 4892 ait
1495 4831 1677 4892 nbrroxr'rrr.

366 4917 401 4980 A
425 4916 640 4980 destructione
667 4917 841 4980 remotivae
867 4919 1113 5002 adsumptionis,
1136 4919 1243 4984 iisdem
1268 4921 1438 5006 gradibus,
1474 4919 1592 5000 idest,
1620 4943 1679 5006 pcr

453 5133 478 5182 l.
493 5133 630 5196 pertendat]
659 5137 693 5180 tta
720 5151 819 5193 prorsas
835 5140 928 5183 videtur
944 5141 1004 5183 (tot.
1030 5139 1127 5184 babere.
1166 5137 1207 5186 dd.
1230 5137 1364 5187 l'r'nrlr‘cara
1380 5143 1559 5198 supperadditar
1578 5143 1603 5186 'aa‘
1616 5141 1676 5188 cau.

509 5205 593 5264 turp·
613 5208 688 5252 omitti
707 5213 809 5264 poterat.
846 5203 887 5253 ll.
907 5208 943 5252 Aa
960 5208 1102 5267 occeperit!
1121 5209 1167 5256 Oa.

369 5274 384 5330 r*
