4434 5959
976 514 1068 577 LlB.
1092 512 1142 577 11.
1348 527 1356 539 ’
1649 516 1710 581 2⁹5

390 672 463 715 esse
485 673 553 716 rem
575 654 827 728 antecedentem,
852 676 952 741 quae,
975 654 1041 718 sivo
1062 652 1247 717 naturaliter
1266 654 1356 736 prior
1370 654 1428 729 sit,
1452 656 1521 719 slve
1535 655 1710 737 posterior,

390 748 521 809 alteram
544 757 644 810 tamen
675 768 740 809 rem
766 769 871 812 secum
892 749 1072 811 necessario
1097 752 1213 812 trahat.
1269 749 1493 832 llepugnantia
1521 771 1599 812 vcro
1622 752 1712 812 intel-

389 838 553 923 liguntur,
577 842 725 923 quotiens
746 841 794 918 id,
819 846 905 927 quod
923 842 1015 905 alicui
1033 842 1268 906 contrariorum
1292 844 1476 906 naturaliter
1495 846 1633 906 iurrctum
1650 853 1710 914 est,

389 934 519 1018 reliquo
541 936 705 1000 centrario
725 950 948 1020 comparatur:
980 948 1035 1010 nt,
1065 936 1214 1021 quoniam
1238 936 1391 1000 amicitiae
1417 948 1511 1019 atque
1534 936 1713 999 inimicitiae

392 1026 555 1089 contraria
583 1040 674 1103 scint,
698 1028 876 1093 inimicitias
902 1052 980 1095 vero
1003 1030 1210 1113 consequitur
1234 1032 1367 1095 nocendi
1390 1032 1554 1103 soleratas,
1578 1029 1739 1097 amicitias

390 1131 424 1183 et
453 1122 588 1185 nocendi
617 1124 762 1187 volumtas
784 1125 993 1209 repugnantia
1015 1137 1100 1187 scint.
1160 1127 1250 1188 Haec
1269 1146 1398 1209 quoque
1419 1127 1457 1185 ad
1480 1145 1514 1185 se
1537 1123 1714 1185 contrarie·

389 1212 465 1276 tatis
492 1214 693 1277 similitudine
723 1216 921 1282 reseruntur.
974 1218 1079 1284 Causa
1100 1228 1166 1292 est,
1204 1240 1266 1301 qua
1290 1220 1498 1301 praecedente
1515 1217 1599 1279 aliud
1617 1218 1714 1279 ellici·

389 1320 464 1371 tur:
490 1322 522 1371 ut
546 1332 638 1373 carisa
655 1311 718 1374 diei
740 1323 788 1375 est
802 1312 879 1376 solis
894 1325 998 1377 ortus.
1042 1312 1200 1375 Effectum
1217 1323 1283 1385 est,
1307 1313 1396 1396 quod
1413 1313 1605 1393 praecedens
1619 1332 1715 1372 carisa

388 1404 540 1485 perlicit:
566 1415 599 1466 ut
622 1403 706 1481 dies,
730 1428 823 1490 qucm
845 1408 922 1471 solis
943 1418 1032 1469 ortus
1055 1406 1182 1469 eruittit.
1226 1406 1389 1469 Malorum
1414 1425 1491 1467 vero
1514 1404 1713 1486 comparatio

390 1510 463 1571 est,
488 1498 637 1581 quotiens
662 1500 715 1575 ei,
749 1504 837 1585 quod
859 1501 958 1563 miuus
977 1511 1046 1572 est,
1079 1498 1134 1572 id,
1169 1502 1257 1582 quod
1280 1500 1377 1561 maius
1397 1510 1466 1572 est,
1488 1511 1756 1579 comparaturus

392 1604 447 1653 ut:
470 1592 509 1656 Si
531 1611 631 1657 nemo
654 1593 815 1659 innocens
834 1595 917 1677 pelli
935 1593 971 1657 in
995 1592 1142 1655 exilium
1161 1590 1276 1666 debet,
1301 1594 1409 1655 mrelto
1431 1593 1604 1675 magisne
1628 1593 1713 1656 Tul-

389 1687 460 1749 lius
481 1686 637 1771 quidem,
674 1688 734 1771 qui
762 1709 831 1752 non
862 1687 1023 1751 innocens
1048 1688 1178 1760 solum,
1214 1707 1330 1747 nerum
1356 1686 1460 1748 etiam
1481 1686 1617 1768 patriae
1626 1683 1714 1775 ficit

390 1780 570 1843 liberator.
618 1780 695 1844 Plus
717 1781 797 1843 enim
820 1792 869 1844 est
888 1780 1025 1863 patriae
1039 1801 1114 1843 esse
1134 1778 1354 1842 liberatorem
1368 1801 1462 1864 quam
1485 1780 1711 1842 innocentem.

392 1872 525 1937 Parium
553 1895 653 1949 vero,
684 1874 830 1957 quotiens
852 1872 935 1937 inter
959 1894 993 1935 se
1018 1871 1107 1954 paria
1132 1886 1377 1955 comparantur;
1402 1886 1456 1936 ut:
1495 1874 1534 1937 Si
1555 1874 1609 1936 iric
1628 1873 1713 1935 ciuis

390 1967 554 2030 innocens
572 1968 655 2051 pelli
686 1968 722 2031 in
741 1968 905 2031 exsilium
927 1988 995 2031 uon
1019 1966 1136 2041 debet,
1173 1968 1256 2053 quia
1281 1968 1442 2031 innarenn
1467 1978 1537 2041 est,
1575 1987 1635 2029 nec
1656 1966 1712 2028 ille
1726 1988 1756 2037 ις

390 2060 547 2143 quidem,
583 2061 643 2144 qui
669 2072 721 2123 est
743 2061 925 2133 innocens,
962 2080 1080 2123 cerere
1106 2062 1228 2142 patria
1251 2061 1340 2123 iuste
1368 2072 1494 2143 potest.
1530 2059 1712 2122 ‘Minoruru

393 2174 497 2227 vero,
522 2153 670 2236 quotiens
694 2153 815 2217 minora
838 2152 1010 2216 maioribus
1031 2152 1335 2229 conferuntur;.ut:
1358 2154 1398 2219 St
1418 2154 1614 2218 Ciceronem
1632 2153 1713 2215 lilce·

390 2259 545 2311 retorem
568 2247 708 2328 patriae
734 2248 892 2331 praemio
913 2268 1012 2311 nemo
1033 2246 1178 2329 dignum
1202 2248 1357 2329 pertavit,
1389 2268 1590 2310 nemaeum
1617 2257 1713 2328 putet

387 2340 548 2425 praemio
569 2340 730 2423 dignum,
755 2341 832 2425 qui,
856 2358 961 2425 quum
978 2351 1115 2403 tantum
1133 2340 1298 2405 innocens
1312 2340 1448 2427 fuerit,
1472 2344 1567 2401 ncilla
1588 2339 1714 2401 iurem

387 2434 562 2517 publicam
576 2434 720 2497 cuntulit
742 2434 878 2497 merita.
924 2434 1012 2495 Haec
1039 2433 1145 2517 itaque
1168 2434 1273 2497 omnia
1295 2447 1430 2517 cognata
1452 2433 1513 2495 sibi
1531 2453 1600 2494 esse
1621 2445 1651 2495 et
1673 2436 1756 2494 adzo

391 2548 426 2589 se
447 2526 564 2589 referri
588 2526 721 2589 invicem
742 2537 828 2591 etse
850 2527 937 2589 velut
963 2548 981 2590 e
1004 2528 1135 2611 regione
1153 2528 1313 2610 respicere
1333 2530 1436 2591 uullus
1458 2526 1600 2611 ignorat.
1634 2528 1712 2588 Nam

392 2630 427 2683 ut
457 2623 498 2681 de
525 2620 706 2702 coniugatis
737 2620 873 2701 primunr
898 2621 1086 2705 loquamur,
1125 2634 1157 2684 et
1176 2621 1293 2685 iustitia
1317 2625 1356 2683 ad
1374 2622 1426 2694 id,
1465 2624 1551 2704 quod
1573 2620 1709 2693 iustum,

393 2713 444 2775 vel
463 2712 517 2788 id,
541 2717 628 2794 qrrod
644 2715 724 2777 iuste
741 2713 810 2777 lieri
825 2725 947 2796 potest,
971 2725 1111 2795 spectat,
1134 2726 1268 2792 etcum,
1290 2715 1344 2797 qui
1363 2715 1464 2777 iustus
1482 2724 1547 2787 est,
1571 2713 1710 2793 perlicit.

393 2806 511 2871 Cetera
532 2828 662 2891 quoque
691 2810 807 2871 habent
829 2811 869 2871 ad
894 2829 929 2871 se
951 2829 1013 2870 nnn
1036 2808 1132 2870 modo
1160 2802 1307 2870 vocabuli
1329 2805 1577 2891 cognationem,
1603 2826 1710 2868 verum

393 2902 486 2965 ctiam
506 2902 665 2965 cuiusdam
689 2912 821 2965 naturae
843 2900 1103 2985 congruentiam,
1127 2901 1169 2961 ita
1192 2911 1315 2975 tamen,
1344 2913 1377 2964 ut
1402 2921 1420 2961 a
1441 2919 1476 2961 se
1491 2898 1614 2959 diversa
1635 2899 1709 2960 sint.
1723 2907 1753 2957 25

394 2998 507 3078 Neque
529 2994 609 3058 eninr
636 2995 716 3058 idem
739 3008 786 3059 est
812 2995 948 3069 iustitia,
971 2996 1059 3080 quod
1081 2994 1194 3057 iustus.
1240 2995 1342 3058 Omne
1368 2992 1471 3063 enirn,
1496 2989 1648 3073 quidquid
1671 2994 1711 3051 ab

392 3090 501 3174 aliquo
523 3088 709 3163 inflectitur,
747 3090 789 3151 ab
815 3111 875 3164 eo,
908 3111 925 3151 a
956 3110 1021 3172 quo
1048 3087 1241 3165 inflectitur,
1264 3099 1313 3150 est
1341 3087 1524 3156 diversum,
1547 3083 1711 3166 eidemque

392 3194 589 3267 cognatum,
622 3202 728 3267 aquo
752 3182 844 3245 etiam
868 3186 1027 3265 probatur
1055 3181 1218 3244 inflexum.
1276 3182 1387 3245 Genus
1417 3179 1510 3242 etiam
1539 3191 1710 3261 cognatum

392 3299 463 3341 esse
480 3275 528 3351 ei,
553 3275 643 3339 cuius
666 3298 765 3361 genus
787 3287 854 3352 est,
878 3276 999 3351 idest,
1032 3273 1168 3357 speciei,
1193 3296 1285 3357 quam
1313 3275 1432 3339 Cicero
1455 3276 1590 3341 [ormam
1614 3268 1711 3336 voca.

394 3373 457 3449 rit,
481 3371 609 3434 dubium
633 3392 696 3433 non
723 3382 783 3434 est.
841 3372 949 3434 Genus
969 3368 1050 3431 enim
1073 3368 1192 3450 speciei
1215 3390 1314 3453 genus
1332 3381 1381 3432 est
1406 3383 1439 3434 et
1466 3371 1588 3452 species
1614 3382 1754 3452 gene-tt

392 3467 435 3529 ris
457 3465 598 3547 species:
622 3463 729 3549 itaque
751 3466 790 3527 ad
816 3486 851 3527 se
873 3462 1007 3526 invicem
1029 3463 1233 3539 referuntur,
1256 3463 1329 3526 licet
1350 3464 1431 3528 idern
1458 3486 1558 3549 genus
1576 3484 1614 3525 ac
1637 3483 1712 3543 spe·

391 3560 456 3623 cies
476 3559 625 3623 nonsint.
669 3558 752 3621 lllud
771 3579 845 3621 eane
861 3559 1029 3620 videndum
1048 3569 1113 3631 cst,
1137 3556 1298 3641 quioniam,
1323 3579 1401 3640 quas
1414 3580 1473 3623 nos
1493 3559 1615 3641 species
1631 3578 1710 3618 nrrn-
1784 3586 1791 3604 ν

392 3672 562 3734 cupamue,
586 3672 638 3715 eas
662 3650 781 3715 Cicero
803 3650 924 3713 lormas
948 3664 1055 3715 vocat.
1100 3650 1162 3715 Cui
1184 3649 1334 3735 quidem,
1358 3655 1430 3714 darm
1452 3655 1540 3737 quod
1561 3651 1636 3714 dicit
1663 3652 1711 3711 in·

392 3745 555 3828 telligam,
586 3747 757 3807 concedam
781 3744 915 3807 libenter
937 3746 1053 3828 quilurs
1074 3744 1213 3807 voluerit
1237 3745 1281 3807 uti
1304 3746 1500 3821 nominibus3
1531 3745 1604 3806 mihi
1630 3764 1710 3805 vero

394 3858 457 3902 non
480 3839 560 3901 idem
583 3838 713 3901 concedi
736 3848 857 3919 potest.
903 3839 982 3901 Nam
1007 3837 1061 3922 qui
1083 3838 1313 3918 explanationis
1342 3841 1440 3899 lucem
1460 3839 1625 3921 professus
1643 3848 1708 3905 est,
1723 3863 1753 3910 ³5

393 3936 426 3997 in
447 3933 484 3995 iis
505 3929 611 3993 verbis
637 3932 751 4005 debet,
776 3942 941 4015 quaesunt
963 3932 992 3993 in
1016 3953 1073 3993 usu
1089 3931 1212 4013 posita,
1238 3931 1372 3996 versari.
1418 3934 1454 3994 tt
1473 3945 1599 4003 aretem,
1623 3932 1711 4013 quod

393 4024 585 4108 supponitur
612 4024 740 4107 generi,
779 4036 813 4085 ut
837 4024 959 4103 species
989 4044 1081 4109 quam
1113 4024 1213 4088 sorum
1245 4025 1351 4107 potius
1380 4038 1595 4107 nuncupetur,
1635 4042 1710 4083 usim

394 4118 546 4185 obtinuit.
603 4120 667 4182 lam
695 4118 896 4182 verosimile
919 4118 976 4182 nisi
1002 4117 1093 4181 simili
1108 4118 1218 4207 ,simile
1239 4140 1307 4181 esse
1335 4140 1398 4181 uon
1421 4129 1545 4199 potest,
1570 4128 1602 4177 et
1624 4117 1710 4197 quod

393 4215 499 4277 dill'ert
523 4210 578 4274 nisi
599 4234 614 4273 a
632 4212 772 4276 dissimili
792 4212 920 4275 differre
936 4234 997 4275 non
1014 4225 1133 4293 potest.
1178 4211 1350 4277 Contraria
1369 4211 1460 4273 etiam
1479 4208 1647 4272 contrariis
1664 4210 1711 4268 in·

392 4308 579 4389 telliguutur
599 4328 668 4369 esse
689 4306 867 4381 contraria,
892 4308 1058 4369 coniuncta
1082 4306 1175 4367 etianr
1195 4304 1370 4367 coniunctis
1392 4306 1631 4367 adhaerescunt.
1668 4302 1709 4363 Et
1722 4312 1753 4361 tt

392 4410 563 4485 quaesunt
585 4400 812 4473 antecedentia,
832 4399 966 4483 aliquid,
993 4402 1077 4483 quod
1103 4409 1210 4479 potest
1229 4398 1399 4481 consequi,
1424 4402 1624 4461 antecedunt.
1674 4399 1710 4457 ld

391 4494 508 4568 etiarn,
533 4496 619 4576 quod
634 4506 681 4555 est
700 4514 917 4577 consequeus,
940 4494 1032 4567 illud,
1058 4494 1143 4577 quod
1159 4491 1347 4564 antecessit,
1371 4490 1561 4576 insequitur.
1607 4492 1709 4555 Omne

364 4662 368 4671 ‚
391 4589 483 4651 etiam
506 4610 531 4649 rt
543 4608 686 4669 pregnans
708 4588 897 4669 repugnanti
920 4586 1046 4649 sibimet
1071 4586 1259 4666 intelligitur
1282 4584 1452 4648 inimicum.
1497 4585 1602 4649 Causa
1619 4587 1709 4646 ctiam

391 4682 524 4744 effectus
547 4681 595 4741 sui
618 4702 709 4741 carisa
734 4693 800 4743 est:
825 4683 911 4764 quod
934 4681 1014 4742 enirn
1033 4679 1164 4763 qrtaevis
1186 4701 1278 4740 carisa
1300 4680 1415 4753 efficit,
1440 4680 1506 4741 eius
1529 4680 1592 4755 rei,
1618 4702 1709 4763 quam

391 4776 503 4847 ellicit,
528 4796 621 4835 cauea
645 4788 704 4837 est.
753 4776 895 4837 Effectus
917 4795 1046 4857 quoque
1069 4794 1182 4835 canisae
1205 4772 1336 4834 alicuius
1358 4775 1489 4835 effectus
1505 4787 1565 4837 est.
1611 4774 1709 4836 cmu-
1726 4798 1753 4843 ις

391 4867 517 4949 paratio
545 4889 624 4931 vcro
649 4868 801 4930 irraiorum
826 4868 945 4930 minore
968 4864 1117 4949 respicit,
1143 4867 1297 4929 minorum
1323 4889 1402 4930 vcro
1425 4866 1563 4940 ruaiora,
1589 4872 1709 4949 parietur

392 4960 493 5043 paria.
539 4964 645 5046 Atque
669 4963 699 5023 iu
723 4962 869 5025 omuibus
888 4984 924 5025 ea
947 4973 1055 5025 uatura
1076 4984 1146 5024 csse
1170 4963 1439 5042 deprehenditur,
1464 4975 1516 5030 ut,
1541 4984 1637 5044 quum
1654 4982 1712 5040 per

370 5048 426 5119 ”se
449 5077 501 5119 res
519 5058 671 5139 quaedam
693 5054 756 5122 sint
776 5056 920 5121 diversae
942 5058 981 5120 ab
1004 5055 1061 5132 iis,
1086 5059 1125 5121 ad
1147 5078 1227 5140 quae
1251 5056 1453 5131 relcruntur,
1478 5056 1589 5119 allecta
1609 5066 1713 5119 taurcn
