4434 5959
553 634 593 698 98
1064 622 1350 749 YICTORINUS

553 773 697 857 gestione
720 769 852 851 negotii.
896 766 1120 850 comparabile
1142 788 1211 829 esse
1233 764 1367 832 dininas
1388 764 1419 826 ia
1435 761 1586 827 sdhmotis
1603 761 1752 846 negotist
1774 760 1858 825 iudi·

553 876 653 925 raturn
678 886 754 925 vero
778 862 886 936 iniis,
910 882 989 942 qrrac
1012 856 1133 943 gestatin
1158 856 1318 941 negotium
1336 868 1584 940 consequuntur.
1629 858 1739 937 ltaque
1761 876 1856 919 omne

552 970 766 1038 aar-gruncntnnr
780 954 895 1017 lncttrni
910 976 950 1016 ex
965 952 1122 1016 attributis
1134 948 1446 1033 personaceredibile
1461 951 1594 1012 dicetur.
1629 950 1749 1012 Deinde
1761 970 1856 1011 mnne

551 1059 769 1126 argtuuenturu
790 1048 905 1108 sactum
928 1066 968 1108 ex
993 1046 1226 1109 continentibus
1247 1064 1316 1109 catto
1338 1043 1410 1124 ipso
1432 1042 1563 1127 negotio
1585 1054 1615 1105 et
1637 1064 1678 1104 ex
1698 1041 1747 1118 iis,
1773 1062 1855 1125 quiae

528 1143 582 1207 ain
606 1142 749 1225 gestione
771 1138 891 1223 negotii
925 1150 1013 1212 strat,
1048 1138 1170 1220 signum
1200 1137 1334 1199 dicetur.
1377 1137 1498 1199 Deinde
1522 1156 1614 1199 omae
1636 1148 1856 1217 argumentum

550 1236 665 1295 lartum
679 1256 718 1293 ea
730 1233 782 1303 iis,
800 1251 880 1312 qrrae
892 1230 1021 1313 negotio
1034 1228 1177 1293 adiuncta
1191 1242 1279 1303 sunt,
1302 1229 1514 1309 comparabile
1525 1229 1657 1290 dicetur.
1681 1230 1853 1293 Postremo

551 1346 644 1388 omne
666 1337 882 1409 argumentum
904 1324 1021 1385 facttum
1044 1343 1082 1384 ea
1104 1322 1160 1397 iis,
1184 1343 1264 1404 quae
1287 1320 1418 1405 negotio
1440 1320 1583 1383 adiuncta
1606 1330 1728 1382 sumet
1751 1342 1854 1403 nego·

551 1420 625 1480 ιίιιιιι
655 1429 908 1501 consequuntur,
944 1416 1111 1477 iudicatum
1150 1416 1286 1489 dicelrrr3
1325 1417 1380 1477 aed
1415 1435 1509 1498 qttttm
1544 1412 1710 1495 probabile
1742 1412 1853 1477 leserit.

550 1511 681 1592 Alioqui
704 1509 847 1572 onrrribus
869 1507 1027 1570 attributis
1049 1517 1111 1567 tam
1134 1528 1288 1589 personae
1318 1527 1411 1590 quam
1434 1506 1564 1589 negotio
1588 1518 1618 1567 et
1641 1506 1855 1569 nerressarium

509 1622 617 1671 messe
639 1602 756 1683 poterit
779 1611 1012 1682 argrunentunr‚
1047 1595 1135 1661 carius
1163 1613 1227 1663 tres
1250 1611 1356 1681 partes
1377 1620 1446 1661 esse
1475 1598 1624 1671 dirimam
1654 1600 1853 1680 complexio-

550 1718 637 1770 nem,
661 1696 947 1767 renumerationem,
971 1692 1139 1773 simplicem
1162 1692 1406 1757 conclusionem.

632 1780 752 1851 Omnis
773 1786 883 1869 igitur
910 1786 1164 1866 argumentatio
1191 1797 1251 1847 ant
1268 1806 1332 1866 per
1353 1784 1580 1847 inductionem
1602 1786 1782 1847 tractanda
1801 1799 1854 1851 eet

548 1892 609 1942 aret
622 1902 687 1962 per
711 1876 1019 1957 ratiocinationem]
1076 1878 1126 1941 De
1147 1876 1275 1941 materia
1303 1890 1333 1939 et
1365 1888 1550 1961 argomento
1570 1878 1629 1938 iem
1651 1868 1765 1941 dicium
1788 1891 1849 1942 est.

549 1975 641 2035 Nunc
663 1972 785 2033 tertium
808 1970 884 2033 illud
905 1981 970 2047 est,
1008 1981 1042 2031 ut
1063 1973 1101 2032 de
1129 1969 1399 2053 argumentatione
1421 1972 1580 2043 dieamus,
1612 1990 1692 2052 qrrae
1714 1972 1853 2052 pertinet

507 2069 587 2132 asad
623 2065 832 2129 elocutionem
861 2076 891 2127 et
919 2084 1011 2146 queam
1041 2062 1158 2129 Cicero
1188 2083 1228 2125 ea
1251 2062 1411 2127 dialectica
1433 2074 1585 2146 srrmptanr
1608 2063 1642 2126 in
1661 2066 1853 2129 rhetoricam

549 2158 657 2237 possuit
686 2155 844 2220 letiorem.
898 2156 1144 2237 Argumentatio
1176 2168 1223 2219 est
1245 2153 1349 2238 itaque
1376 2154 1540 2218 artificium
1565 2176 1627 2216 non
1649 2156 1848 2231 inveniendi,

547 2251 602 2311 sed
617 2248 750 2310 dicendi.
795 2250 885 2310 Hace
904 2251 1026 2310 duobus
1042 2250 1142 2311 modis
1163 2250 1214 2312 tn:
1239 2260 1291 2311 ιιιιι
1309 2268 1367 2329 per
1388 2246 1596 2311 inductionem
1615 2261 1665 2309 eut
1680 2270 1737 2330 per
1752 2246 1854 2311 ratio·

547 2341 746 2404 cinationem.
798 2342 847 2403 lta
871 2352 902 2403 et
923 2341 1115 2405 Aristoteles
1135 2342 1166 2404 in
1191 2340 1462 2424 argumentatione
1480 2341 1543 2403 dato
1561 2360 1628 2403 esse
1650 2340 1747 2413 dixit,
1769 2340 1850 2403 ἐπα-

546 2431 653 2518 γωγὴν
680 2440 735 2499 καί
762 2429 993 2519 συλλογισμόν.
1043 2436 1150 2517 Atque
1175 2434 1362 2499 Aristotelea
1384 2431 1523 2493 breviter
1546 2453 1583 2495 nc
1600 2432 1731 2495 strictim
1755 2452 1851 2495 omne

504 2529 721 2608 anexemphun
744 2526 952 2589 inductionem
976 2548 1043 2591 esse
1064 2526 1160 2589 dixit:
1193 2528 1279 2609 qrtod
1299 2525 1417 2587 animus
1441 2524 1593 2588 auditoris
1619 2526 1659 2585 ab
1681 2544 1736 2600 eo,
1760 2526 1850 2607 qood

546 2640 609 2683 non
631 2619 757 2682 dubium
780 2632 845 2694 est,
869 2622 909 2681 ad
925 2622 1115 2681 credendum
1138 2618 1185 2695 id,
1207 2621 1293 2702 quand
1316 2617 1442 2681 dubium
1462 2628 1529 2691 est,
1552 2616 1727 2679 inducetur.
1771 2620 1851 2680 Duo

544 2712 650 2795 itaque
679 2724 751 2773 saint
783 2733 898 2792 genera
930 2712 1189 2795 argumentandi,
1227 2711 1365 2775 inductio
1397 2722 1428 2774 et
1454 2709 1666 2775 ratiocinatio.
1724 2711 1848 2773 Verum

496 2877 501 2884 ,
544 2802 723 2867 inductione
744 2804 924 2886 philosophi
948 2817 1094 2867 intuatur:
1130 2817 1159 2866 et
1183 2806 1233 2865 hic
1255 2824 1336 2867 nunc
1364 2805 1401 2865 ad
1424 2802 1599 2884 enernplum
1616 2802 1754 2865 inductio
1775 2804 1849 2884 pbi-

544 2895 706 2980 losophice
732 2898 890 2959 inducitur
907 2900 946 2959 ad
965 2900 1042 2971 boc,
1067 2906 1101 2963 ιιι
1119 2896 1338 2978 intelligamus,
1356 2892 1431 2978 quid
1452 2896 1490 2957 sit
1508 2894 1649 2958 inductio
1668 2897 1716 2959 sel
1738 2918 1847 2981 quiem-

502 3006 534 3057 2s
544 2992 708 3053 admodum
725 2990 792 3053 liat.
816 2991 897 3055 Post
911 3003 1013 3053 atatem
1029 2990 1214 3072 praecipiet,
1231 2988 1330 3071 attalia
1345 2986 1484 3051 inductio
1499 2986 1598 3069 possit
1611 3008 1678 3050 esse
1693 2990 1848 3052 oratoris.

625 3083 783 3148 induratio
803 3094 854 3147 est
875 3084 989 3147 oratio
1000 3124 1010 3157 ‚
1033 3104 1120 3167 patae
1141 3084 1241 3145 rebus
1262 3101 1329 3143 non
1350 3080 1462 3144 drabiia
1482 3092 1597 3163 capuae
1616 3082 1852 3146 assensionem

543 3174 638 3249 eiua,
669 3176 806 3261 quicum
833 3175 989 3239 instituta
1018 3176 1082 3257 est]
1139 3174 1338 3239 Generaliter
1368 3174 1419 3235 hic
1448 3173 1657 3237 inductionem
1684 3174 1846 3237 delinirita

544 3289 604 3348 quaa
627 3266 807 3331 delinitione
829 3268 966 3334 ostendit
993 3268 1109 3351 ubique
1131 3290 1190 3331 nos
1219 3266 1398 3331 inductione
1421 3266 1467 3330 uti
1488 3287 1601 3347 posse,
1634 3278 1665 3329 et
1685 3264 1850 3347 in‘philo-

544 3360 673 3440 sophica
696 3372 727 3424 et
744 3360 775 3422 in
798 3360 938 3424 oratoria
960 3373 990 3423 et
1007 3361 1038 3422 ίιι
1061 3376 1246 3445 quaecunque
1270 3358 1472 3423 contentione
1496 3361 1683 3423 verborum:
1708 3360 1799 3428 etiarn
1815 3359 1849 3422 in

503 3452 670 3526 aniahnlis.
715 3454 794 3514 Nam
811 3451 927 3534 ubique
942 3472 1069 3515 necem
1087 3464 1135 3516 est
1153 3455 1363 3534 persuaderes
1392 3464 1422 3515 et
1445 3450 1517 3517 ideo
1539 3472 1705 3534 porsonam
1728 3464 1849 3515 certam

544 3546 595 3606 bic
616 3566 678 3609 nou
701 3543 826 3625 posuit,
863 3547 918 3605 sed
938 3546 1003 3609 hoc
1024 3546 1086 3609 ait:
1111 3546 1277 3615 ¹Inductio
1304 3556 1355 3607 eat
1376 3544 1506 3620 oemio,
1537 3566 1623 3627 puae
1648 3546 1748 3615 rebus
1778 3566 1850 3607 non

543 3637 655 3700 dubiis
669 3648 784 3720 captat
801 3637 1032 3701 assensionem
1052 3638 1147 3713 eius,
1169 3640 1304 3723 panicum
1318 3638 1475 3701 instituta
1494 3650 1558 3700 eet.
1600 3639 1708 3709 Eius,
1731 3638 1848 3719 inquit,

544 3728 574 3790 id
606 3743 671 3803 est,
705 3730 772 3794 aire
799 3729 850 3792 ille
883 3731 1090 3811 philosophos
1125 3732 1165 3795 sit
1194 3734 1260 3795 sive
1282 3731 1377 3794 iudea
1403 3732 1470 3793 sire
1499 3742 1611 3794 orator
1636 3733 1703 3795 sive
1729 3733 1850 3795 etnicos

545 3822 611 3888 sire
631 3822 784 3888 inimicus.
839 3822 984 3887 inductio
1004 3823 1109 3907 itaque
1131 3824 1176 3888 sie
1198 3824 1338 3889 faciende
1361 3834 1426 3898 eat,
1451 3834 1485 3887 ut
1506 3823 1609 3905 primo
1631 3846 1851 3907 proponamus

503 3915 615 3991 stilla,
638 3936 719 3999 qnae
741 3927 830 3979 entra
854 3916 1014 3998 negotium
1034 3930 1123 3991 srmt;
1147 3920 1202 3981 sed
1223 3929 1323 3981 tamen
1346 3936 1425 3999 qttae
1447 3920 1486 3979 ad
1508 3918 1667 4000 negotium
1690 3938 1747 3999 per
1761 3918 1851 3981 simi·

545 4008 703 4069 titudinem
718 4020 876 4089 spectant:
899 4021 930 4070 et
945 4009 1036 4083 talia,
1061 4009 1178 4093 inquit,
1203 4010 1253 4073 ills
1276 4030 1344 4073 esse
1367 4012 1497 4083 debent,
1522 4030 1602 4091 quae
1625 4011 1847 4092 proponimus,

545 4111 578 4163 ut
609 4102 788 4165 necessario
821 4101 862 4176 is,
901 4123 969 4163 eum
998 4124 1063 4184 qno
1092 4107 1176 4186 agis,
1213 4104 1255 4166 ita
1285 4126 1353 4166 esse
1375 4103 1512 4165 ihteatur
1539 4118 1632 4185 santae
1658 4104 1848 4167 consentiat.

532 4194 640 4273 Quod
654 4216 748 4277 qtrrrm
765 4196 975 4271 consenserit,
999 4207 1074 4260 tuno
1090 4197 1248 4278 pattlletim
1264 4200 1302 4258 sd
1313 4197 1360 4270 id,
1385 4198 1466 4257 trude
1478 4196 1691 4271 dubitabatur,
1717 4199 1851 4259 descen·

544 4286 590 4349 dis
617 4300 648 4349 et
666 4288 721 4363 iis,
745 4310 825 4371 quae
843 4311 939 4369 sopra
958 4310 1107 4353 concessa
1124 4301 1214 4363 σιιιιι,
1236 4290 1335 4352 simile
1358 4309 1427 4351 esse
1451 4288 1632 4351 conlirmss.
1676 4289 1739 4353 Dat
1764 4310 1850 4373 ergo

502 4400 625 4452 arnume
642 4382 816 4461 exemplum
831 4381 1098 4462 philosophicum.
1141 4382 1318 4445 Aeschines
1332 4380 1512 4472 Socraticam
1526 4382 1596 4454 luit,
1621 4380 1654 4443 id
1673 4394 1732 4454 est,
1754 4383 1851 4443 disci-

543 4474 636 4552 pulus
658 4473 812 4535 Socratis.
863 4474 896 4536 Ia
918 4476 1010 4535 ιιιιιΙισ
1038 4474 1183 4555 scripsit:
1215 4477 1349 4558 qarodaar
1379 4472 1469 4536 etiam
1494 4475 1566 4537 loco
1589 4473 1704 4535 inducit
1728 4476 1850 4536 Socra·

544 4574 605 4625 tcnr
633 4566 817 4642 relerentem
840 4596 881 4608 —
910 4586 978 4628 narn
1007 4564 1034 4627 is
1061 4579 1128 4629 erat
1163 4590 1230 4631 mos
1261 4567 1446 4648 discipulis,
1482 4580 1515 4628 ιιι
1547 4568 1674 4651 ingenio
1710 4569 1849 4649 proprio

543 4671 668 4737 reperta
704 4660 744 4720 ed
778 4659 944 4741 nragistros
975 4660 1130 4723 referrent
1155 4672 1186 4721 et
1207 4662 1294 4743 quasi
1320 4664 1359 4721 ab
1393 4660 1438 4722 cis
1469 4660 1593 4723 inventa
1629 4673 1783 4741 ponerent
1806 4696 1850 4709 ·-

544 4748 677 4824 inducit,
700 4747 825 4830 inquiam
837 4795 847 4824 ,
872 4753 1045 4813 Aeschines
1058 4753 1219 4815 Socratem
1232 4754 1419 4821 reserantem
1432 4752 1506 4836 «prid
1522 4765 1621 4827 esset,
1646 4756 1850 4837 quaemadmo-

502 4843 615 4913 asdmn
638 4854 719 4905 esset
741 4844 844 4905 locuta
868 4844 999 4924 Aspasia
1021 4866 1089 4907 carru
1118 4866 1219 4907 rixare
1240 4846 1463 4927 Xenophontis
1490 4848 1538 4909 vel
1560 4866 1628 4908 cum
1644 4848 1715 4929 ipso
1735 4848 1848 4911 Xeno-

551 4957 885 4975 ...η--η--ᾞ-
913 4962 927 4967 ..
942 4961 971 4968 ...
986 4960 1352 4969 -.-·-.-—--·...----—-.
1368 4962 1469 4969 .....-....

635 5004 661 5057 il.
683 5002 795 5071 Alioqui
813 5002 948 5068 omnibns]
969 4999 1020 5053 Cd.
1041 5003 1101 5054 Bne.
1123 5030 1158 5043 -
1180 5002 1291 5070 Alioqui
1310 5010 1339 5051 tn
1359 5019 1383 5054 o.
1405 4996 1474 5055 Edd.
1495 5002 1548 5056 Oa.

619 5078 664 5133 so
682 5078 824 5145 latiorem]
844 5074 893 5129 (id.
905 5080 965 5129 bea.
976 5074 1026 5127 cir.
1037 5076 1104 5148 Cap.
1119 5084 1176 5131 100.
1187 5075 1275 5126 letter
1287 5083 1315 5123 et
1328 5080 1487 5145 erpotttlor.
1502 5100 1536 5118 -
1550 5076 1687 5129 laxiorem
1705 5072 1774 5131 neta.
1794 5076 1848 5141 On.

616 5151 662 5206 itt.
680 5159 773 5217 esset,
792 5150 1030 5221 quemadmodum]
1048 5154 1098 5205 Cat.
1119 5150 1179 5203 Bas.
1201 5176 1233 5193 -
1254 5157 1336 5214 esset,
1355 5150 1404 5201 re!
1419 5169 1443 5219 p.
1464 5148 1533 5202 Edd.
1553 5150 1606 5207 Οιι.
