<?xml version="1.0" encoding="UTF-8"?>
<!DOCTYPE html PUBLIC "-//W3C//DTD XHTML 1.0 Transitional//EN"
    "http://www.w3.org/TR/xhtml1/DTD/xhtml1-transitional.dtd">
<html xmlns="http://www.w3.org/1999/xhtml" xml:lang="en" lang="en">
 <head>
  <title>
</title>
<meta http-equiv="Content-Type" content="text/html;charset=utf-8" />
  <meta name='ocr-system' content='tesseract 3.04.00' />
  <meta name='ocr-capabilities' content='ocr_page ocr_carea ocr_par ocr_line ocrx_word'/>
</head>
<body>
  <div class='ocr_page' id='page_1' title='image "./operaquaesupers09halmgoog_0418.png"; bbox 0 0 4434 5959; ppageno 0'>
   <div class='ocr_carea' id='block_1_1' title="bbox 515 588 1417 658">
    <p class='ocr_par' dir='ltr' id='par_1_1' title="bbox 515 588 1417 658">
     <span class='ocr_line' id='line_1_1' title="bbox 515 588 1417 658; baseline -0.003 -1"><span class='ocrx_word' id='word_1_1' title='bbox 515 595 576 658; x_wconf 76' lang='lat'>402</span> <span class='ocrx_word' id='word_1_2' title='bbox 922 590 1162 658; x_wconf 86' lang='lat' dir='ltr'>FAVONIUS</span> <span class='ocrx_word' id='word_1_3' title='bbox 1184 588 1417 657; x_wconf 85' lang='lat' dir='ltr'>EULOGIUS</span> 
     </span>
    </p>
   </div>
   <div class='ocr_carea' id='block_1_2' title="bbox 445 720 1931 2690">
    <p class='ocr_par' dir='ltr' id='par_1_2' title="bbox 445 720 1931 2690">
     <span class='ocr_line' id='line_1_2' title="bbox 445 720 1838 821; baseline -0.005 -22"><span class='ocrx_word' id='word_1_4' title='bbox 445 720 450 731; x_wconf 40' lang='lat'>⁸</span> <span class='ocrx_word' id='word_1_5' title='bbox 514 757 597 817; x_wconf 90' lang='lat' dir='ltr'>pora</span> <span class='ocrx_word' id='word_1_6' title='bbox 617 735 752 821; x_wconf 80' lang='lat' dir='ltr'>figumm</span> <span class='ocrx_word' id='word_1_7' title='bbox 774 755 815 797; x_wconf 89' lang='lat' dir='ltr'>ex</span> <span class='ocrx_word' id='word_1_8' title='bbox 836 731 973 797; x_wconf 85' lang='lat' dir='ltr'>numeris</span> <span class='ocrx_word' id='word_1_9' title='bbox 994 732 1134 809; x_wconf 89' lang='lat' dir='ltr'>trabunt,</span> <span class='ocrx_word' id='word_1_10' title='bbox 1159 742 1191 796; x_wconf 90' lang='lat' dir='ltr'>et</span> <span class='ocrx_word' id='word_1_11' title='bbox 1212 730 1334 817; x_wconf 85' lang='lat' dir='ltr'>figurae</span> <span class='ocrx_word' id='word_1_12' title='bbox 1355 727 1446 794; x_wconf 88' lang='lat' dir='ltr'>lineis</span> <span class='ocrx_word' id='word_1_13' title='bbox 1468 727 1540 813; x_wconf 89' lang='lat' dir='ltr'>pari</span> <span class='ocrx_word' id='word_1_14' title='bbox 1551 727 1675 794; x_wconf 87' lang='lat' dir='ltr'>ratione</span> <span class='ocrx_word' id='word_1_15' title='bbox 1689 727 1838 795; x_wconf 83' lang='lat' dir='ltr'>lormau·</span> 
     </span>
     <span class='ocr_line' id='line_1_3' title="bbox 515 821 1836 915; baseline -0.005 -22"><span class='ocrx_word' id='word_1_16' title='bbox 515 843 592 894; x_wconf 78' lang='lat' dir='ltr'>tura</span> <span class='ocrx_word' id='word_1_17' title='bbox 614 830 765 915; x_wconf 76' lang='lat' dir='ltr'>ipsaeque</span> <span class='ocrx_word' id='word_1_18' title='bbox 787 837 872 892; x_wconf 90' lang='lat' dir='ltr'>artes</span> <span class='ocrx_word' id='word_1_19' title='bbox 894 838 1063 909; x_wconf 86' lang='lat' dir='ltr'>praecepta</span> <span class='ocrx_word' id='word_1_20' title='bbox 1083 848 1139 892; x_wconf 88' lang='lat' dir='ltr'>aua</span> <span class='ocrx_word' id='word_1_21' title='bbox 1162 846 1225 890; x_wconf 93' lang='lat' dir='ltr'>uon</span> <span class='ocrx_word' id='word_1_22' title='bbox 1247 825 1314 889; x_wconf 86' lang='lat' dir='ltr'>sine</span> <span class='ocrx_word' id='word_1_23' title='bbox 1336 821 1459 888; x_wconf 90' lang='lat' dir='ltr'>numeri</span> <span class='ocrx_word' id='word_1_24' title='bbox 1479 821 1672 887; x_wconf 77' lang='lat' dir='ltr'>admixtione</span> <span class='ocrx_word' id='word_1_25' title='bbox 1686 843 1836 905; x_wconf 88' lang='lat' dir='ltr'>pronun·</span> 
     </span>
     <span class='ocr_line' id='line_1_4' title="bbox 516 918 1837 1008; baseline -0.004 -21"><span class='ocrx_word' id='word_1_26' title='bbox 516 925 614 989; x_wconf 81' lang='lat' dir='ltr'>tiant:</span> <span class='ocrx_word' id='word_1_27' title='bbox 638 935 669 987; x_wconf 83' lang='lat' dir='ltr'>nt</span> <span class='ocrx_word' id='word_1_28' title='bbox 691 945 786 1008; x_wconf 89' lang='lat' dir='ltr'>quum</span> <span class='ocrx_word' id='word_1_29' title='bbox 808 919 968 986; x_wconf 86' lang='lat' dir='ltr'>rhetorica</span> <span class='ocrx_word' id='word_1_30' title='bbox 989 930 1089 984; x_wconf 85' lang='lat' dir='ltr'>status</span> <span class='ocrx_word' id='word_1_31' title='bbox 1112 941 1277 984; x_wconf 84' lang='lat' dir='ltr'>causarum</span> <span class='ocrx_word' id='word_1_32' title='bbox 1293 929 1465 1003; x_wconf 89' lang='lat' dir='ltr'>quattuor,</span> <span class='ocrx_word' id='word_1_33' title='bbox 1488 918 1690 1001; x_wconf 88' lang='lat' dir='ltr'>philosophia</span> <span class='ocrx_word' id='word_1_34' title='bbox 1701 919 1837 984; x_wconf 90' lang='lat' dir='ltr'>totidem</span> 
     </span>
     <span class='ocr_line' id='line_1_5' title="bbox 518 1009 1839 1099; baseline -0.007 -16"><span class='ocrx_word' id='word_1_35' title='bbox 518 1017 629 1083; x_wconf 86' lang='lat' dir='ltr'>asserit</span> <span class='ocrx_word' id='word_1_36' title='bbox 650 1039 719 1081; x_wconf 92' lang='lat' dir='ltr'>esse</span> <span class='ocrx_word' id='word_1_37' title='bbox 743 1014 896 1090; x_wconf 78' lang='lat' dir='ltr'>virtutes3</span> <span class='ocrx_word' id='word_1_38' title='bbox 931 1025 963 1077; x_wconf 91' lang='lat' dir='ltr'>et</span> <span class='ocrx_word' id='word_1_39' title='bbox 984 1035 1080 1099; x_wconf 89' lang='lat' dir='ltr'>quum</span> <span class='ocrx_word' id='word_1_40' title='bbox 1102 1013 1233 1078; x_wconf 79' lang='lat' dir='ltr'>dicimus</span> <span class='ocrx_word' id='word_1_41' title='bbox 1256 1010 1383 1098; x_wconf 86' lang='lat' dir='ltr'>trigona</span> <span class='ocrx_word' id='word_1_42' title='bbox 1411 1009 1500 1075; x_wconf 86' lang='lat' dir='ltr'>lineis</span> <span class='ocrx_word' id='word_1_43' title='bbox 1529 1011 1649 1090; x_wconf 90' lang='lat' dir='ltr'>tribus,</span> <span class='ocrx_word' id='word_1_44' title='bbox 1684 1023 1839 1098; x_wconf 89' lang='lat' dir='ltr'>quattuor</span> 
     </span>
     <span class='ocr_line' id='line_1_6' title="bbox 490 1106 1837 1196; baseline -0.004 -22"><span class='ocrx_word' id='word_1_45' title='bbox 490 1115 672 1196; x_wconf 67' lang='lat' dir='ltr'>squadrata</span> <span class='ocrx_word' id='word_1_46' title='bbox 695 1108 851 1185; x_wconf 74' lang='lat' dir='ltr'>describi,</span> <span class='ocrx_word' id='word_1_47' title='bbox 886 1107 996 1192; x_wconf 91' lang='lat' dir='ltr'>ntique</span> <span class='ocrx_word' id='word_1_48' title='bbox 1026 1108 1115 1173; x_wconf 80' lang='lat' dir='ltr'>vides</span> <span class='ocrx_word' id='word_1_49' title='bbox 1147 1109 1211 1172; x_wconf 88' lang='lat' dir='ltr'>boe</span> <span class='ocrx_word' id='word_1_50' title='bbox 1243 1108 1282 1171; x_wconf 92' lang='lat' dir='ltr'>ad</span> <span class='ocrx_word' id='word_1_51' title='bbox 1311 1125 1460 1168; x_wconf 87' lang='lat' dir='ltr'>numeros</span> <span class='ocrx_word' id='word_1_52' title='bbox 1490 1115 1643 1187; x_wconf 79' lang='lat' dir='ltr'><strong>oportere</strong></span> <span class='ocrx_word' id='word_1_53' title='bbox 1674 1106 1837 1170; x_wconf 88' lang='lat' dir='ltr'>converti.</span> 
     </span>
     <span class='ocr_line' id='line_1_7' title="bbox 517 1197 1841 1288; baseline -0.005 -19"><span class='ocrx_word' id='word_1_54' title='bbox 517 1207 580 1269; x_wconf 90' lang='lat' dir='ltr'>Sed</span> <span class='ocrx_word' id='word_1_55' title='bbox 603 1225 752 1268; x_wconf 88' lang='lat' dir='ltr'>numerus</span> <span class='ocrx_word' id='word_1_56' title='bbox 775 1213 823 1266; x_wconf 92' lang='lat' dir='ltr'>est</span> <span class='ocrx_word' id='word_1_57' title='bbox 845 1203 1003 1286; x_wconf 91' lang='lat' dir='ltr'>quantitas</span> <span class='ocrx_word' id='word_1_58' title='bbox 1029 1199 1289 1288; x_wconf 85' lang='lat' dir='ltr'>congregabilia,</span> <span class='ocrx_word' id='word_1_59' title='bbox 1323 1219 1340 1262; x_wconf 89' lang='lat' dir='ltr'>a</span> <span class='ocrx_word' id='word_1_60' title='bbox 1366 1200 1492 1262; x_wconf 91' lang='lat' dir='ltr'>duobus</span> <span class='ocrx_word' id='word_1_61' title='bbox 1512 1197 1631 1261; x_wconf 89' lang='lat' dir='ltr'>initium</span> <span class='ocrx_word' id='word_1_62' title='bbox 1657 1221 1783 1264; x_wconf 84' lang='lat' dir='ltr'>sumens</span> <span class='ocrx_word' id='word_1_63' title='bbox 1806 1211 1841 1262; x_wconf 90' lang='lat' dir='ltr'>et</span> 
     </span>
     <span class='ocr_line' id='line_1_8' title="bbox 516 1290 1838 1376; baseline -0.006 -14"><span class='ocrx_word' id='word_1_64' title='bbox 516 1299 547 1362; x_wconf 94' lang='lat' dir='ltr'>in</span> <span class='ocrx_word' id='word_1_65' title='bbox 578 1297 737 1362; x_wconf 81' lang='lat' dir='ltr'>denariam</span> <span class='ocrx_word' id='word_1_66' title='bbox 767 1306 879 1360; x_wconf 91' lang='lat' dir='ltr'>metam</span> <span class='ocrx_word' id='word_1_67' title='bbox 906 1295 1069 1359; x_wconf 88' lang='lat' dir='ltr'>crescendi</span> <span class='ocrx_word' id='word_1_68' title='bbox 1092 1295 1272 1360; x_wconf 75' lang='lat' dir='ltr'>accessione</span> <span class='ocrx_word' id='word_1_69' title='bbox 1300 1290 1501 1376; x_wconf 84' lang='lat' dir='ltr'>perveniens.</span> <span class='ocrx_word' id='word_1_70' title='bbox 1559 1293 1642 1356; x_wconf 84' lang='lat' dir='ltr'>Nam</span> <span class='ocrx_word' id='word_1_71' title='bbox 1671 1295 1838 1357; x_wconf 86' lang='lat' dir='ltr'>monadem</span> 
     </span>
     <span class='ocr_line' id='line_1_9' title="bbox 516 1387 1839 1466; baseline -0.008 -8"><span class='ocrx_word' id='word_1_72' title='bbox 516 1416 581 1458; x_wconf 93' lang='lat' dir='ltr'>uon</span> <span class='ocrx_word' id='word_1_73' title='bbox 603 1413 786 1466; x_wconf 86' lang='lat' dir='ltr'>nnmerum,</span> <span class='ocrx_word' id='word_1_74' title='bbox 810 1392 986 1452; x_wconf 85' lang='lat' dir='ltr'>sedsemen</span> <span class='ocrx_word' id='word_1_75' title='bbox 1007 1399 1039 1452; x_wconf 89' lang='lat' dir='ltr'>et</span> <span class='ocrx_word' id='word_1_76' title='bbox 1060 1389 1265 1454; x_wconf 69' lang='lat' dir='ltr'>substantiam</span> <span class='ocrx_word' id='word_1_77' title='bbox 1291 1406 1495 1450; x_wconf 85' lang='lat' dir='ltr'>numerorum</span> <span class='ocrx_word' id='word_1_78' title='bbox 1518 1407 1605 1463; x_wconf 90' lang='lat' dir='ltr'>esse,</span> <span class='ocrx_word' id='word_1_79' title='bbox 1637 1387 1839 1452; x_wconf 77' lang='lat' dir='ltr'>manifestum</span> 
     </span>
     <span class='ocr_line' id='line_1_10' title="bbox 518 1479 1840 1566; baseline -0.007 -14"><span class='ocrx_word' id='word_1_80' title='bbox 518 1498 549 1552; x_wconf 93' lang='lat' dir='ltr'>et</span> <span class='ocrx_word' id='word_1_81' title='bbox 571 1508 612 1550; x_wconf 85' lang='lat' dir='ltr'>ex</span> <span class='ocrx_word' id='word_1_82' title='bbox 632 1485 686 1550; x_wconf 89' lang='lat' dir='ltr'>illa</span> <span class='ocrx_word' id='word_1_83' title='bbox 708 1505 807 1566; x_wconf 88' lang='lat' dir='ltr'>supra</span> <span class='ocrx_word' id='word_1_84' title='bbox 828 1481 934 1566; x_wconf 85' lang='lat' dir='ltr'>posita</span> <span class='ocrx_word' id='word_1_85' title='bbox 955 1481 1136 1550; x_wconf 88' lang='lat' dir='ltr'>defiuitione</span> <span class='ocrx_word' id='word_1_86' title='bbox 1158 1480 1334 1566; x_wconf 83' lang='lat' dir='ltr'>perficitur.</span> <span class='ocrx_word' id='word_1_87' title='bbox 1391 1481 1462 1542; x_wconf 89' lang='lat' dir='ltr'>Nee</span> <span class='ocrx_word' id='word_1_88' title='bbox 1487 1479 1568 1545; x_wconf 90' lang='lat' dir='ltr'>enim</span> <span class='ocrx_word' id='word_1_89' title='bbox 1591 1502 1686 1544; x_wconf 91' lang='lat' dir='ltr'>unum</span> <span class='ocrx_word' id='word_1_90' title='bbox 1712 1503 1751 1544; x_wconf 88' lang='lat' dir='ltr'>ac</span> <span class='ocrx_word' id='word_1_91' title='bbox 1772 1479 1840 1544; x_wconf 88' lang='lat' dir='ltr'>sin·</span> 
     </span>
     <span class='ocr_line' id='line_1_11' title="bbox 476 1571 1839 1667; baseline -0.004 -23"><span class='ocrx_word' id='word_1_92' title='bbox 476 1581 631 1667; x_wconf 61' lang='lat' dir='ltr'>,ogulare</span> <span class='ocrx_word' id='word_1_93' title='bbox 654 1581 813 1664; x_wconf 86' lang='lat' dir='ltr'>quoddam</span> <span class='ocrx_word' id='word_1_94' title='bbox 836 1575 1073 1661; x_wconf 82' lang='lat' dir='ltr'>congregabilia</span> <span class='ocrx_word' id='word_1_95' title='bbox 1095 1577 1253 1664; x_wconf 80' lang='lat' dir='ltr'>quantitas</span> <span class='ocrx_word' id='word_1_96' title='bbox 1276 1571 1481 1660; x_wconf 82' lang='lat' dir='ltr'>intelligitur:</span> <span class='ocrx_word' id='word_1_97' title='bbox 1505 1595 1563 1638; x_wconf 90' lang='lat' dir='ltr'>nec</span> <span class='ocrx_word' id='word_1_98' title='bbox 1583 1595 1642 1655; x_wconf 88' lang='lat' dir='ltr'>par</span> <span class='ocrx_word' id='word_1_99' title='bbox 1664 1584 1718 1638; x_wconf 88' lang='lat' dir='ltr'>aut</span> <span class='ocrx_word' id='word_1_100' title='bbox 1734 1573 1839 1657; x_wconf 88' lang='lat' dir='ltr'>impar</span> 
     </span>
     <span class='ocr_line' id='line_1_12' title="bbox 517 1667 1836 1756; baseline -0.007 -17"><span class='ocrx_word' id='word_1_101' title='bbox 517 1674 628 1739; x_wconf 83' lang='lat' dir='ltr'>baberi</span> <span class='ocrx_word' id='word_1_102' title='bbox 648 1683 780 1756; x_wconf 87' lang='lat' dir='ltr'>potest,</span> <span class='ocrx_word' id='word_1_103' title='bbox 810 1690 892 1755; x_wconf 85' lang='lat' dir='ltr'>quae</span> <span class='ocrx_word' id='word_1_104' title='bbox 919 1681 994 1734; x_wconf 89' lang='lat' dir='ltr'>sunt</span> <span class='ocrx_word' id='word_1_105' title='bbox 1020 1691 1137 1754; x_wconf 86' lang='lat' dir='ltr'>genera</span> <span class='ocrx_word' id='word_1_106' title='bbox 1166 1689 1384 1736; x_wconf 89' lang='lat' dir='ltr'>numerorum.</span> <span class='ocrx_word' id='word_1_107' title='bbox 1437 1669 1537 1754; x_wconf 82' lang='lat' dir='ltr'>Ergo</span> <span class='ocrx_word' id='word_1_108' title='bbox 1559 1667 1677 1732; x_wconf 90' lang='lat' dir='ltr'>initium</span> <span class='ocrx_word' id='word_1_109' title='bbox 1701 1687 1836 1742; x_wconf 85' lang='lat' dir='ltr'>monas;</span> 
     </span>
     <span class='ocr_line' id='line_1_13' title="bbox 517 1761 1837 1849; baseline -0.005 -17"><span class='ocrx_word' id='word_1_110' title='bbox 517 1789 666 1834; x_wconf 90' lang='lat' dir='ltr'>numerus</span> <span class='ocrx_word' id='word_1_111' title='bbox 688 1768 766 1848; x_wconf 89' lang='lat' dir='ltr'>dyas</span> <span class='ocrx_word' id='word_1_112' title='bbox 788 1776 820 1827; x_wconf 89' lang='lat' dir='ltr'>et</span> <span class='ocrx_word' id='word_1_113' title='bbox 848 1762 926 1828; x_wconf 88' lang='lat' dir='ltr'>trias</span> <span class='ocrx_word' id='word_1_114' title='bbox 954 1763 1117 1849; x_wconf 88' lang='lat' dir='ltr'>ceterique</span> <span class='ocrx_word' id='word_1_115' title='bbox 1144 1761 1187 1828; x_wconf 90' lang='lat' dir='ltr'>ita</span> <span class='ocrx_word' id='word_1_116' title='bbox 1224 1761 1340 1848; x_wconf 79' lang='lat' dir='ltr'>reliqui</span> <span class='ocrx_word' id='word_1_117' title='bbox 1371 1763 1590 1827; x_wconf 82' lang='lat' dir='ltr'>vocabuntur:</span> <span class='ocrx_word' id='word_1_118' title='bbox 1627 1761 1837 1846; x_wconf 82' lang='lat' dir='ltr'>breviterque</span> 
     </span>
     <span class='ocr_line' id='line_1_14' title="bbox 518 1854 1835 1943; baseline -0.008 -16"><span class='ocrx_word' id='word_1_119' title='bbox 518 1861 676 1936; x_wconf 85' lang='lat' dir='ltr'>dicemus,</span> <span class='ocrx_word' id='word_1_120' title='bbox 689 1859 765 1943; x_wconf 91' lang='lat' dir='ltr'>quid</span> <span class='ocrx_word' id='word_1_121' title='bbox 780 1879 908 1933; x_wconf 86' lang='lat' dir='ltr'>monas,</span> <span class='ocrx_word' id='word_1_122' title='bbox 924 1857 1002 1942; x_wconf 91' lang='lat' dir='ltr'>qnid</span> <span class='ocrx_word' id='word_1_123' title='bbox 1014 1857 1108 1938; x_wconf 87' lang='lat' dir='ltr'>dyas,</span> <span class='ocrx_word' id='word_1_124' title='bbox 1127 1857 1202 1942; x_wconf 90' lang='lat' dir='ltr'>quid</span> <span class='ocrx_word' id='word_1_125' title='bbox 1214 1865 1383 1942; x_wconf 87' lang='lat' dir='ltr'>sequentes</span> <span class='ocrx_word' id='word_1_126' title='bbox 1395 1854 1516 1919; x_wconf 90' lang='lat' dir='ltr'>numeri</span> <span class='ocrx_word' id='word_1_127' title='bbox 1529 1856 1655 1920; x_wconf 84' lang='lat' dir='ltr'>valeant</span> <span class='ocrx_word' id='word_1_128' title='bbox 1664 1855 1696 1918; x_wconf 90' lang='lat' dir='ltr'>in</span> <span class='ocrx_word' id='word_1_129' title='bbox 1709 1865 1835 1918; x_wconf 76' lang='lat' dir='ltr'>namra.</span> 
     </span>
     <span class='ocr_line' id='line_1_15' title="bbox 602 1948 1838 2036; baseline -0.007 -17"><span class='ocrx_word' id='word_1_130' title='bbox 602 1956 723 2020; x_wconf 86' lang='lat' dir='ltr'>Menas</span> <span class='ocrx_word' id='word_1_131' title='bbox 741 1951 946 2036; x_wconf 82' lang='lat' dir='ltr'>singularitas</span> <span class='ocrx_word' id='word_1_132' title='bbox 960 1949 1157 2027; x_wconf 86' lang='lat' dir='ltr'>insecabilis,</span> <span class='ocrx_word' id='word_1_133' title='bbox 1180 1950 1330 2026; x_wconf 86' lang='lat' dir='ltr'>indivisa,</span> <span class='ocrx_word' id='word_1_134' title='bbox 1354 1949 1441 2026; x_wconf 90' lang='lat' dir='ltr'>sola,</span> <span class='ocrx_word' id='word_1_135' title='bbox 1466 1971 1530 2014; x_wconf 92' lang='lat' dir='ltr'>non</span> <span class='ocrx_word' id='word_1_136' title='bbox 1546 1948 1740 2032; x_wconf 80' lang='lat' dir='ltr'>expertibus</span> <span class='ocrx_word' id='word_1_137' title='bbox 1756 1968 1838 2012; x_wconf 91' lang='lat' dir='ltr'>con·</span> 
     </span>
     <span class='ocr_line' id='line_1_16' title="bbox 476 2035 1836 2136; baseline -0.007 -24"><span class='ocrx_word' id='word_1_138' title='bbox 476 2059 623 2136; x_wconf 63' lang='lat' dir='ltr'>,gntansa</span> <span class='ocrx_word' id='word_1_139' title='bbox 648 2068 744 2130; x_wconf 89' lang='lat' dir='ltr'>quum</span> <span class='ocrx_word' id='word_1_140' title='bbox 765 2045 807 2109; x_wconf 92' lang='lat' dir='ltr'>sit</span> <span class='ocrx_word' id='word_1_141' title='bbox 829 2046 913 2108; x_wconf 93' lang='lat' dir='ltr'>aliud</span> <span class='ocrx_word' id='word_1_142' title='bbox 935 2067 1049 2120; x_wconf 78' lang='lat' dir='ltr'>unnim,</span> <span class='ocrx_word' id='word_1_143' title='bbox 1073 2042 1158 2108; x_wconf 89' lang='lat' dir='ltr'>aliud</span> <span class='ocrx_word' id='word_1_144' title='bbox 1177 2065 1273 2108; x_wconf 89' lang='lat' dir='ltr'>unum</span> <span class='ocrx_word' id='word_1_145' title='bbox 1300 2043 1416 2108; x_wconf 90' lang='lat' dir='ltr'>solum.</span> <span class='ocrx_word' id='word_1_146' title='bbox 1461 2035 1564 2109; x_wconf 87' lang='lat' dir='ltr'>Unum</span> <span class='ocrx_word' id='word_1_147' title='bbox 1591 2040 1722 2106; x_wconf 86' lang='lat' dir='ltr'>dicimus</span> <span class='ocrx_word' id='word_1_148' title='bbox 1745 2063 1836 2104; x_wconf 90' lang='lat' dir='ltr'>mnu·</span> 
     </span>
     <span class='ocr_line' id='line_1_17' title="bbox 519 2135 1837 2223; baseline -0.008 -17"><span class='ocrx_word' id='word_1_149' title='bbox 519 2144 615 2218; x_wconf 89' lang='lat' dir='ltr'>dum,</span> <span class='ocrx_word' id='word_1_150' title='bbox 646 2143 702 2205; x_wconf 90' lang='lat' dir='ltr'>sed</span> <span class='ocrx_word' id='word_1_151' title='bbox 728 2161 791 2204; x_wconf 91' lang='lat' dir='ltr'>non</span> <span class='ocrx_word' id='word_1_152' title='bbox 814 2160 909 2202; x_wconf 89' lang='lat' dir='ltr'>unum</span> <span class='ocrx_word' id='word_1_153' title='bbox 928 2139 1052 2212; x_wconf 88' lang='lat' dir='ltr'>solum,</span> <span class='ocrx_word' id='word_1_154' title='bbox 1086 2137 1160 2223; x_wconf 88' lang='lat' dir='ltr'>quia</span> <span class='ocrx_word' id='word_1_155' title='bbox 1179 2137 1277 2203; x_wconf 85' lang='lat' dir='ltr'>confit</span> <span class='ocrx_word' id='word_1_156' title='bbox 1305 2157 1345 2198; x_wconf 88' lang='lat' dir='ltr'>ex</span> <span class='ocrx_word' id='word_1_157' title='bbox 1373 2135 1536 2218; x_wconf 86' lang='lat' dir='ltr'>partibus;</span> <span class='ocrx_word' id='word_1_158' title='bbox 1566 2155 1660 2199; x_wconf 86' lang='lat' dir='ltr'>unmn</span> <span class='ocrx_word' id='word_1_159' title='bbox 1679 2135 1837 2216; x_wconf 87' lang='lat' dir='ltr'>populum</span> 
     </span>
     <span class='ocr_line' id='line_1_18' title="bbox 519 2228 1838 2317; baseline -0.004 -19"><span class='ocrx_word' id='word_1_160' title='bbox 519 2235 728 2317; x_wconf 83' lang='lat' dir='ltr'>expluribus</span> <span class='ocrx_word' id='word_1_161' title='bbox 753 2231 898 2306; x_wconf 81' lang='lat' dir='ltr'>civibus3</span> <span class='ocrx_word' id='word_1_162' title='bbox 935 2233 1106 2296; x_wconf 83' lang='lat' dir='ltr'>exereitum</span> <span class='ocrx_word' id='word_1_163' title='bbox 1134 2252 1174 2294; x_wconf 86' lang='lat' dir='ltr'>ex</span> <span class='ocrx_word' id='word_1_164' title='bbox 1201 2228 1305 2293; x_wconf 76' lang='lat' dir='ltr'>miultis</span> <span class='ocrx_word' id='word_1_165' title='bbox 1328 2229 1479 2292; x_wconf 89' lang='lat' dir='ltr'>militibus</span> <span class='ocrx_word' id='word_1_166' title='bbox 1506 2251 1620 2304; x_wconf 70' lang='lat' dir='ltr'>umrma</span> <span class='ocrx_word' id='word_1_167' title='bbox 1653 2231 1838 2313; x_wconf 86' lang='lat' dir='ltr'>nullumque</span> 
     </span>
     <span class='ocr_line' id='line_1_19' title="bbox 519 2322 1839 2410; baseline -0.005 -18"><span class='ocrx_word' id='word_1_168' title='bbox 519 2349 639 2410; x_wconf 89' lang='lat' dir='ltr'>corpus</span> <span class='ocrx_word' id='word_1_169' title='bbox 661 2348 754 2390; x_wconf 76' lang='lat' dir='ltr'>unnim</span> <span class='ocrx_word' id='word_1_170' title='bbox 781 2327 947 2410; x_wconf 89' lang='lat' dir='ltr'>solumque</span> <span class='ocrx_word' id='word_1_171' title='bbox 978 2348 1109 2409; x_wconf 88' lang='lat' dir='ltr'>corpus.</span> <span class='ocrx_word' id='word_1_172' title='bbox 1168 2325 1273 2388; x_wconf 89' lang='lat' dir='ltr'>Unum</span> <span class='ocrx_word' id='word_1_173' title='bbox 1295 2322 1397 2388; x_wconf 89' lang='lat' dir='ltr'>solum</span> <span class='ocrx_word' id='word_1_174' title='bbox 1420 2336 1505 2387; x_wconf 88' lang='lat' dir='ltr'>reete</span> <span class='ocrx_word' id='word_1_175' title='bbox 1531 2323 1673 2400; x_wconf 88' lang='lat' dir='ltr'>dicetur,</span> <span class='ocrx_word' id='word_1_176' title='bbox 1696 2327 1784 2406; x_wconf 88' lang='lat' dir='ltr'>quod</span> <span class='ocrx_word' id='word_1_177' title='bbox 1805 2322 1839 2386; x_wconf 84' lang='lat' dir='ltr'>in</span> 
     </span>
     <span class='ocr_line' id='line_1_20' title="bbox 517 2415 1841 2505; baseline -0.006 -21"><span class='ocrx_word' id='word_1_178' title='bbox 517 2435 629 2505; x_wconf 87' lang='lat' dir='ltr'>partes</span> <span class='ocrx_word' id='word_1_179' title='bbox 661 2419 710 2484; x_wconf 91' lang='lat' dir='ltr'>sui</span> <span class='ocrx_word' id='word_1_180' title='bbox 739 2420 894 2485; x_wconf 85' lang='lat' dir='ltr'>divisione</span> <span class='ocrx_word' id='word_1_181' title='bbox 926 2420 1078 2484; x_wconf 89' lang='lat' dir='ltr'>discedat.</span> <span class='ocrx_word' id='word_1_182' title='bbox 1136 2417 1244 2500; x_wconf 84' lang='lat' dir='ltr'>Atque</span> <span class='ocrx_word' id='word_1_183' title='bbox 1276 2437 1371 2479; x_wconf 91' lang='lat' dir='ltr'>unum</span> <span class='ocrx_word' id='word_1_184' title='bbox 1405 2415 1538 2480; x_wconf 90' lang='lat' dir='ltr'>animum</span> <span class='ocrx_word' id='word_1_185' title='bbox 1563 2436 1627 2482; x_wconf 92' lang='lat' dir='ltr'>non</span> <span class='ocrx_word' id='word_1_186' title='bbox 1653 2417 1781 2482; x_wconf 89' lang='lat' dir='ltr'>minutis</span> <span class='ocrx_word' id='word_1_187' title='bbox 1807 2425 1841 2479; x_wconf 90' lang='lat' dir='ltr'>et</span> 
     </span>
     <span class='ocr_line' id='line_1_21' title="bbox 476 2507 1931 2599; baseline -0.006 -20"><span class='ocrx_word' id='word_1_188' title='bbox 476 2515 710 2597; x_wconf 76' lang='lat' dir='ltr'>20co&#39;e&#39;nntibus</span> <span class='ocrx_word' id='word_1_189' title='bbox 731 2512 935 2599; x_wconf 85' lang='lat' dir='ltr'>portionibus</span> <span class='ocrx_word' id='word_1_190' title='bbox 960 2514 991 2578; x_wconf 93' lang='lat' dir='ltr'>in</span> <span class='ocrx_word' id='word_1_191' title='bbox 1018 2513 1067 2577; x_wconf 93' lang='lat' dir='ltr'>sui</span> <span class='ocrx_word' id='word_1_192' title='bbox 1095 2511 1234 2574; x_wconf 87' lang='lat' dir='ltr'>habitum</span> <span class='ocrx_word' id='word_1_193' title='bbox 1264 2530 1333 2574; x_wconf 89' lang='lat' dir='ltr'>esse</span> <span class='ocrx_word' id='word_1_194' title='bbox 1355 2511 1583 2592; x_wconf 89' lang='lat' dir='ltr'>compositum,</span> <span class='ocrx_word' id='word_1_195' title='bbox 1619 2513 1674 2575; x_wconf 88' lang='lat' dir='ltr'>sed</span> <span class='ocrx_word' id='word_1_196' title='bbox 1704 2507 1839 2574; x_wconf 79' lang='lat' dir='ltr'>natiuali</span> <span class='ocrx_word' id='word_1_197' title='bbox 1926 2565 1931 2582; x_wconf 76' lang='grc'><em>,</em></span> 
     </span>
     <span class='ocr_line' id='line_1_22' title="bbox 519 2599 1838 2690; baseline -0.006 -19"><span class='ocrx_word' id='word_1_198' title='bbox 519 2599 717 2689; x_wconf 84' lang='lat' dir='ltr'>simplicitate</span> <span class='ocrx_word' id='word_1_199' title='bbox 741 2607 983 2682; x_wconf 85' lang='lat' dir='ltr'>subsistentem,</span> <span class='ocrx_word' id='word_1_200' title='bbox 1019 2627 1082 2670; x_wconf 92' lang='lat' dir='ltr'>nnn</span> <span class='ocrx_word' id='word_1_201' title='bbox 1104 2627 1219 2679; x_wconf 75' lang='lat' dir='ltr'>unnim,</span> <span class='ocrx_word' id='word_1_202' title='bbox 1256 2605 1313 2667; x_wconf 91' lang='lat' dir='ltr'>sed</span> <span class='ocrx_word' id='word_1_203' title='bbox 1340 2603 1441 2668; x_wconf 92' lang='lat' dir='ltr'>solum</span> <span class='ocrx_word' id='word_1_204' title='bbox 1468 2609 1608 2690; x_wconf 86' lang='lat' dir='ltr'>quoque&#39;</span> <span class='ocrx_word' id='word_1_205' title='bbox 1626 2603 1838 2668; x_wconf 87' lang='lat' dir='ltr'>nominamus.</span> 
     </span>
    </p>
   </div>
   <div class='ocr_carea' id='block_1_3' title="bbox 517 2699 1839 2973">
    <p class='ocr_par' dir='ltr' id='par_1_3' title="bbox 517 2699 1839 2973">
     <span class='ocr_line' id='line_1_23' title="bbox 519 2699 1839 2784; baseline -0.004 -21"><span class='ocrx_word' id='word_1_206' title='bbox 519 2700 673 2781; x_wconf 81' lang='lat' dir='ltr'>Quamvis</span> <span class='ocrx_word' id='word_1_207' title='bbox 695 2699 778 2764; x_wconf 91' lang='lat' dir='ltr'>circa</span> <span class='ocrx_word' id='word_1_208' title='bbox 804 2721 945 2784; x_wconf 87' lang='lat' dir='ltr'>corpora</span> <span class='ocrx_word' id='word_1_209' title='bbox 967 2699 1155 2763; x_wconf 89' lang='lat' dir='ltr'>divisibilem</span> <span class='ocrx_word' id='word_1_210' title='bbox 1177 2699 1274 2764; x_wconf 88' lang='lat' dir='ltr'>Plato</span> <span class='ocrx_word' id='word_1_211' title='bbox 1292 2707 1449 2774; x_wconf 90' lang='lat' dir='ltr'>testatur,</span> <span class='ocrx_word' id='word_1_212' title='bbox 1475 2719 1593 2782; x_wconf 86' lang='lat' dir='ltr'>genere</span> <span class='ocrx_word' id='word_1_213' title='bbox 1616 2709 1716 2760; x_wconf 90' lang='lat' dir='ltr'>tamen</span> <span class='ocrx_word' id='word_1_214' title='bbox 1742 2715 1839 2759; x_wconf 81' lang='lat' dir='ltr'>arnum</span> 
     </span>
     <span class='ocr_line' id='line_1_24' title="bbox 519 2789 1838 2878; baseline -0.007 -20"><span class='ocrx_word' id='word_1_215' title='bbox 519 2795 717 2878; x_wconf 80' lang='lat' dir='ltr'>errndemque</span> <span class='ocrx_word' id='word_1_216' title='bbox 747 2794 928 2878; x_wconf 83' lang='lat' dir='ltr'>cognoscit.</span> <span class='ocrx_word' id='word_1_217' title='bbox 990 2793 1153 2876; x_wconf 83' lang='lat' dir='ltr'>Quidquid</span> <span class='ocrx_word' id='word_1_218' title='bbox 1187 2791 1268 2856; x_wconf 90' lang='lat' dir='ltr'>enim</span> <span class='ocrx_word' id='word_1_219' title='bbox 1305 2811 1472 2855; x_wconf 89' lang='lat' dir='ltr'>numerosa</span> <span class='ocrx_word' id='word_1_220' title='bbox 1505 2789 1736 2877; x_wconf 87' lang='lat' dir='ltr'>progressione</span> <span class='ocrx_word' id='word_1_221' title='bbox 1773 2808 1838 2852; x_wconf 90' lang='lat' dir='ltr'>non</span> 
     </span>
     <span class='ocr_line' id='line_1_25' title="bbox 517 2882 1838 2973; baseline -0.006 -21"><span class='ocrx_word' id='word_1_222' title='bbox 517 2889 624 2971; x_wconf 90' lang='lat' dir='ltr'>perit,</span> <span class='ocrx_word' id='word_1_223' title='bbox 648 2888 811 2973; x_wconf 87' lang='lat' dir='ltr'>singulare</span> <span class='ocrx_word' id='word_1_224' title='bbox 832 2899 945 2952; x_wconf 88' lang='lat' dir='ltr'>natura</span> <span class='ocrx_word' id='word_1_225' title='bbox 967 2899 1029 2952; x_wconf 86' lang='lat' dir='ltr'>est.</span> <span class='ocrx_word' id='word_1_226' title='bbox 1073 2888 1163 2952; x_wconf 90' lang='lat' dir='ltr'>Unus</span> <span class='ocrx_word' id='word_1_227' title='bbox 1182 2884 1281 2970; x_wconf 88' lang='lat' dir='ltr'>igitur</span> <span class='ocrx_word' id='word_1_228' title='bbox 1304 2886 1397 2962; x_wconf 90' lang='lat' dir='ltr'>deus,</span> <span class='ocrx_word' id='word_1_229' title='bbox 1421 2882 1480 2947; x_wconf 90' lang='lat' dir='ltr'>etsi</span> <span class='ocrx_word' id='word_1_230' title='bbox 1497 2883 1561 2947; x_wconf 91' lang='lat' dir='ltr'>sint</span> <span class='ocrx_word' id='word_1_231' title='bbox 1575 2883 1643 2947; x_wconf 89' lang='lat' dir='ltr'>eius</span> <span class='ocrx_word' id='word_1_232' title='bbox 1656 2883 1838 2948; x_wconf 84' lang='lat' dir='ltr'>innumerae</span> 
     </span>
    </p>
   </div>
   <div class='ocr_carea' id='block_1_4' title="bbox 476 2977 1841 3626">
    <p class='ocr_par' dir='ltr' id='par_1_4' title="bbox 476 2977 1841 3626">
     <span class='ocr_line' id='line_1_26' title="bbox 476 2977 1838 3066; baseline -0.007 -20"><span class='ocrx_word' id='word_1_233' title='bbox 476 3005 509 3054; x_wconf 70' lang='grc' dir='ltr'>ιε</span> <span class='ocrx_word' id='word_1_234' title='bbox 519 2982 702 3066; x_wconf 87' lang='lat' dir='ltr'>divisaeque</span> <span class='ocrx_word' id='word_1_235' title='bbox 728 2982 861 3046; x_wconf 83' lang='lat' dir='ltr'>virtutes</span> <span class='ocrx_word' id='word_1_236' title='bbox 883 3003 964 3046; x_wconf 86' lang='lat' dir='ltr'>sexu</span> <span class='ocrx_word' id='word_1_237' title='bbox 990 3001 1051 3063; x_wconf 90' lang='lat' dir='ltr'>per</span> <span class='ocrx_word' id='word_1_238' title='bbox 1072 2980 1197 3043; x_wconf 88' lang='lat' dir='ltr'>labulas</span> <span class='ocrx_word' id='word_1_239' title='bbox 1218 2977 1458 3063; x_wconf 88' lang='lat' dir='ltr'>nominibusque</span> <span class='ocrx_word' id='word_1_240' title='bbox 1481 2977 1648 3042; x_wconf 88' lang='lat' dir='ltr'>discretae.</span> <span class='ocrx_word' id='word_1_241' title='bbox 1691 2981 1745 3043; x_wconf 90' lang='lat' dir='ltr'>Ao</span> <span class='ocrx_word' id='word_1_242' title='bbox 1772 2997 1838 3041; x_wconf 91' lang='lat' dir='ltr'>uon</span> 
     </span>
     <span class='ocr_line' id='line_1_27' title="bbox 518 3071 1838 3154; baseline -0.006 -16"><span class='ocrx_word' id='word_1_243' title='bbox 518 3076 565 3139; x_wconf 88' lang='lat' dir='ltr'>sic</span> <span class='ocrx_word' id='word_1_244' title='bbox 586 3077 719 3138; x_wconf 90' lang='lat' dir='ltr'>muudus</span> <span class='ocrx_word' id='word_1_245' title='bbox 741 3097 840 3151; x_wconf 70' lang='lat' dir='ltr'>uulua</span> <span class='ocrx_word' id='word_1_246' title='bbox 877 3074 966 3140; x_wconf 88' lang='lat' dir='ltr'>cuius</span> <span class='ocrx_word' id='word_1_247' title='bbox 996 3085 1050 3136; x_wconf 88' lang='lat' dir='ltr'>aut</span> <span class='ocrx_word' id='word_1_248' title='bbox 1076 3076 1156 3136; x_wconf 76' lang='lat' dir='ltr'>darae</span> <span class='ocrx_word' id='word_1_249' title='bbox 1177 3083 1250 3136; x_wconf 86' lang='lat' dir='ltr'>sunt</span> <span class='ocrx_word' id='word_1_250' title='bbox 1270 3083 1397 3154; x_wconf 87' lang='lat' dir='ltr'>partes,</span> <span class='ocrx_word' id='word_1_251' title='bbox 1436 3093 1522 3135; x_wconf 90' lang='lat' dir='ltr'>mens</span> <span class='ocrx_word' id='word_1_252' title='bbox 1544 3085 1576 3136; x_wconf 90' lang='lat' dir='ltr'>et</span> <span class='ocrx_word' id='word_1_253' title='bbox 1598 3071 1746 3148; x_wconf 87' lang='lat' dir='ltr'>materia;</span> <span class='ocrx_word' id='word_1_254' title='bbox 1782 3080 1838 3134; x_wconf 89' lang='lat' dir='ltr'>aut</span> 
     </span>
     <span class='ocr_line' id='line_1_28' title="bbox 518 3162 1838 3252; baseline -0.002 -23"><span class='ocrx_word' id='word_1_255' title='bbox 518 3187 599 3231; x_wconf 84' lang='lat' dir='ltr'>vero</span> <span class='ocrx_word' id='word_1_256' title='bbox 623 3178 775 3252; x_wconf 90' lang='lat' dir='ltr'>quattuor</span> <span class='ocrx_word' id='word_1_257' title='bbox 797 3169 969 3242; x_wconf 88' lang='lat' dir='ltr'>elementa,</span> <span class='ocrx_word' id='word_1_258' title='bbox 999 3165 1164 3232; x_wconf 88' lang='lat' dir='ltr'>momentis</span> <span class='ocrx_word' id='word_1_259' title='bbox 1186 3162 1392 3248; x_wconf 89' lang='lat' dir='ltr'>potentiaque</span> <span class='ocrx_word' id='word_1_260' title='bbox 1415 3165 1570 3228; x_wconf 89' lang='lat' dir='ltr'>distantia.</span> <span class='ocrx_word' id='word_1_261' title='bbox 1628 3165 1714 3230; x_wconf 89' lang='lat' dir='ltr'>lllud</span> <span class='ocrx_word' id='word_1_262' title='bbox 1738 3163 1838 3250; x_wconf 88' lang='lat' dir='ltr'>igitur</span> 
     </span>
     <span class='ocr_line' id='line_1_29' title="bbox 518 3257 1837 3346; baseline -0.003 -22"><span class='ocrx_word' id='word_1_263' title='bbox 518 3281 689 3336; x_wconf 68' lang='lat' dir='ltr'>numeram</span> <span class='ocrx_word' id='word_1_264' title='bbox 725 3263 808 3339; x_wconf 91' lang='lat' dir='ltr'>hoe,</span> <span class='ocrx_word' id='word_1_265' title='bbox 832 3263 921 3346; x_wconf 91' lang='lat' dir='ltr'>quod</span> <span class='ocrx_word' id='word_1_266' title='bbox 941 3259 1135 3324; x_wconf 88' lang='lat' dir='ltr'>numerabile</span> <span class='ocrx_word' id='word_1_267' title='bbox 1157 3270 1221 3338; x_wconf 90' lang='lat' dir='ltr'>est,</span> <span class='ocrx_word' id='word_1_268' title='bbox 1244 3269 1332 3322; x_wconf 92' lang='lat' dir='ltr'>recte</span> <span class='ocrx_word' id='word_1_269' title='bbox 1354 3257 1487 3323; x_wconf 89' lang='lat' dir='ltr'>dicetur.</span> <span class='ocrx_word' id='word_1_270' title='bbox 1531 3260 1591 3323; x_wconf 91' lang='lat' dir='ltr'>llle</span> <span class='ocrx_word' id='word_1_271' title='bbox 1612 3257 1837 3342; x_wconf 78' lang='lat' dir='ltr'>complectitur</span> 
     </span>
     <span class='ocr_line' id='line_1_30' title="bbox 519 3351 1838 3435; baseline -0.005 -16"><span class='ocrx_word' id='word_1_272' title='bbox 519 3357 686 3435; x_wconf 84' lang='lat' dir='ltr'>universa,</span> <span class='ocrx_word' id='word_1_273' title='bbox 717 3370 754 3420; x_wconf 92' lang='lat' dir='ltr'>ut</span> <span class='ocrx_word' id='word_1_274' title='bbox 781 3357 814 3420; x_wconf 94' lang='lat' dir='ltr'>in</span> <span class='ocrx_word' id='word_1_275' title='bbox 841 3379 881 3422; x_wconf 89' lang='lat' dir='ltr'>en</span> <span class='ocrx_word' id='word_1_276' title='bbox 904 3356 1010 3421; x_wconf 79' lang='lat' dir='ltr'>divina</span> <span class='ocrx_word' id='word_1_277' title='bbox 1032 3355 1122 3419; x_wconf 85' lang='lat' dir='ltr'>etiam</span> <span class='ocrx_word' id='word_1_278' title='bbox 1145 3351 1374 3416; x_wconf 75' lang='lat' dir='ltr'>numerentur.¹</span> <span class='ocrx_word' id='word_1_279' title='bbox 1414 3353 1489 3416; x_wconf 87' lang='lat' dir='ltr'>Hoc</span> <span class='ocrx_word' id='word_1_280' title='bbox 1515 3364 1618 3418; x_wconf 89' lang='lat' dir='ltr'>autem</span> <span class='ocrx_word' id='word_1_281' title='bbox 1643 3353 1759 3418; x_wconf 84' lang='lat' dir='ltr'>accidit</span> <span class='ocrx_word' id='word_1_282' title='bbox 1781 3373 1838 3416; x_wconf 92' lang='lat' dir='ltr'>nu·</span> 
     </span>
     <span class='ocr_line' id='line_1_31' title="bbox 478 3445 1836 3532; baseline -0.009 -14"><span class='ocrx_word' id='word_1_283' title='bbox 478 3469 610 3520; x_wconf 84' lang='lat' dir='ltr'>somern</span> <span class='ocrx_word' id='word_1_284' title='bbox 632 3471 670 3513; x_wconf 91' lang='lat' dir='ltr'>ae</span> <span class='ocrx_word' id='word_1_285' title='bbox 689 3451 832 3515; x_wconf 89' lang='lat' dir='ltr'>subiacet</span> <span class='ocrx_word' id='word_1_286' title='bbox 852 3451 1060 3514; x_wconf 88' lang='lat' dir='ltr'>numerabile.</span> <span class='ocrx_word' id='word_1_287' title='bbox 1105 3448 1228 3532; x_wconf 88' lang='lat' dir='ltr'>Estque</span> <span class='ocrx_word' id='word_1_288' title='bbox 1248 3467 1414 3522; x_wconf 87' lang='lat' dir='ltr'>numerus,</span> <span class='ocrx_word' id='word_1_289' title='bbox 1440 3456 1474 3508; x_wconf 91' lang='lat' dir='ltr'>ut</span> <span class='ocrx_word' id='word_1_290' title='bbox 1487 3447 1689 3511; x_wconf 87' lang='lat' dir='ltr'>Xenocrates</span> <span class='ocrx_word' id='word_1_291' title='bbox 1704 3445 1836 3520; x_wconf 87' lang='lat' dir='ltr'>censuit,</span> 
     </span>
     <span class='ocr_line' id='line_1_32' title="bbox 521 3538 1841 3626; baseline -0.004 -21"><span class='ocrx_word' id='word_1_292' title='bbox 521 3542 641 3607; x_wconf 86' lang='lat' dir='ltr'>animus</span> <span class='ocrx_word' id='word_1_293' title='bbox 663 3563 700 3606; x_wconf 89' lang='lat' dir='ltr'>ac</span> <span class='ocrx_word' id='word_1_294' title='bbox 722 3547 813 3607; x_wconf 74' lang='lat' dir='ltr'>deris.</span> <span class='ocrx_word' id='word_1_295' title='bbox 856 3546 933 3609; x_wconf 85' lang='lat' dir='ltr'>Non</span> <span class='ocrx_word' id='word_1_296' title='bbox 954 3543 1037 3607; x_wconf 90' lang='lat' dir='ltr'>enim</span> <span class='ocrx_word' id='word_1_297' title='bbox 1058 3540 1146 3606; x_wconf 89' lang='lat' dir='ltr'>alind</span> <span class='ocrx_word' id='word_1_298' title='bbox 1166 3552 1232 3616; x_wconf 89' lang='lat' dir='ltr'>est,</span> <span class='ocrx_word' id='word_1_299' title='bbox 1257 3559 1348 3626; x_wconf 91' lang='lat' dir='ltr'>quam</span> <span class='ocrx_word' id='word_1_300' title='bbox 1372 3542 1459 3626; x_wconf 91' lang='lat' dir='ltr'>quod</span> <span class='ocrx_word' id='word_1_301' title='bbox 1481 3540 1509 3604; x_wconf 89' lang='lat' dir='ltr'>ei</span> <span class='ocrx_word' id='word_1_302' title='bbox 1525 3542 1653 3604; x_wconf 82' lang='lat' dir='ltr'>subest:</span> <span class='ocrx_word' id='word_1_303' title='bbox 1687 3543 1744 3605; x_wconf 88' lang='lat' dir='ltr'>sed</span> <span class='ocrx_word' id='word_1_304' title='bbox 1762 3538 1841 3602; x_wconf 82' lang='lat' dir='ltr'>illud</span> 
     </span>
    </p>
   </div>
   <div class='ocr_carea' id='block_1_5' title="bbox 520 3632 1955 3721">
    <p class='ocr_par' dir='ltr' id='par_1_5' title="bbox 520 3632 1955 3721">
     <span class='ocr_line' id='line_1_33' title="bbox 520 3632 1955 3721; baseline 0 -21"><span class='ocrx_word' id='word_1_305' title='bbox 520 3637 643 3719; x_wconf 85' lang='lat' dir='ltr'>ipsum,</span> <span class='ocrx_word' id='word_1_306' title='bbox 679 3639 767 3721; x_wconf 89' lang='lat' dir='ltr'>qnod</span> <span class='ocrx_word' id='word_1_307' title='bbox 788 3647 836 3699; x_wconf 91' lang='lat' dir='ltr'>est</span> <span class='ocrx_word' id='word_1_308' title='bbox 857 3657 952 3700; x_wconf 90' lang='lat' dir='ltr'>unum</span> <span class='ocrx_word' id='word_1_309' title='bbox 975 3659 1013 3701; x_wconf 91' lang='lat' dir='ltr'>ae</span> <span class='ocrx_word' id='word_1_310' title='bbox 1034 3635 1195 3721; x_wconf 88' lang='lat' dir='ltr'>singulare</span> <span class='ocrx_word' id='word_1_311' title='bbox 1215 3635 1453 3710; x_wconf 91' lang='lat' dir='ltr'>tantummodo,</span> <span class='ocrx_word' id='word_1_312' title='bbox 1478 3638 1566 3720; x_wconf 90' lang='lat' dir='ltr'>quod</span> <span class='ocrx_word' id='word_1_313' title='bbox 1586 3645 1659 3698; x_wconf 87' lang='lat' dir='ltr'>ante</span> <span class='ocrx_word' id='word_1_314' title='bbox 1682 3633 1786 3699; x_wconf 86' lang='lat' dir='ltr'>omnia</span> <span class='ocrx_word' id='word_1_315' title='bbox 1808 3632 1840 3696; x_wconf 92' lang='lat' dir='ltr'>in</span> <span class='ocrx_word' id='word_1_316' title='bbox 1950 3693 1955 3700; x_wconf 86' lang='lat'>.</span> 
     </span>
    </p>
   </div>
   <div class='ocr_carea' id='block_1_6' title="bbox 478 3727 1840 4096">
    <p class='ocr_par' dir='ltr' id='par_1_6' title="bbox 521 3727 1840 3813">
     <span class='ocr_line' id='line_1_34' title="bbox 521 3727 1840 3813; baseline -0.003 -20"><span class='ocrx_word' id='word_1_317' title='bbox 521 3729 673 3807; x_wconf 44' lang='lat' dir='ltr'>omnibns,</span> <span class='ocrx_word' id='word_1_318' title='bbox 692 3741 723 3792; x_wconf 92' lang='lat' dir='ltr'>et</span> <span class='ocrx_word' id='word_1_319' title='bbox 745 3739 821 3811; x_wconf 91' lang='lat' dir='ltr'>post</span> <span class='ocrx_word' id='word_1_320' title='bbox 842 3728 959 3795; x_wconf 92' lang='lat' dir='ltr'>omnia.</span> <span class='ocrx_word' id='word_1_321' title='bbox 1003 3731 1159 3811; x_wconf 81' lang='lat' dir='ltr'>erantniu</span> <span class='ocrx_word' id='word_1_322' title='bbox 1183 3727 1262 3791; x_wconf 91' lang='lat' dir='ltr'>enim</span> <span class='ocrx_word' id='word_1_323' title='bbox 1285 3727 1365 3792; x_wconf 86' lang='lat' dir='ltr'>velis</span> <span class='ocrx_word' id='word_1_324' title='bbox 1382 3727 1516 3813; x_wconf 88' lang='lat' dir='ltr'>colligas</span> <span class='ocrx_word' id='word_1_325' title='bbox 1534 3729 1756 3813; x_wconf 87' lang='lat' dir='ltr'>quantitatem,</span> <span class='ocrx_word' id='word_1_326' title='bbox 1782 3729 1840 3789; x_wconf 94' lang='lat' dir='ltr'>du·</span> 
     </span>
    </p>

    <p class='ocr_par' dir='ltr' id='par_1_7' title="bbox 478 3818 1839 4002">
     <span class='ocr_line' id='line_1_35' title="bbox 521 3818 1839 3908; baseline -0.003 -22"><span class='ocrx_word' id='word_1_327' title='bbox 521 3834 611 3887; x_wconf 86' lang='lat' dir='ltr'>cetur</span> <span class='ocrx_word' id='word_1_328' title='bbox 633 3825 673 3886; x_wconf 90' lang='lat' dir='ltr'>ab</span> <span class='ocrx_word' id='word_1_329' title='bbox 697 3842 781 3899; x_wconf 88' lang='lat' dir='ltr'>uno,</span> <span class='ocrx_word' id='word_1_330' title='bbox 819 3834 948 3888; x_wconf 85' lang='lat' dir='ltr'>texetur</span> <span class='ocrx_word' id='word_1_331' title='bbox 975 3825 1014 3887; x_wconf 91' lang='lat' dir='ltr'>ab</span> <span class='ocrx_word' id='word_1_332' title='bbox 1036 3843 1102 3888; x_wconf 88' lang='grc' dir='ltr'>ιιιιο</span> <span class='ocrx_word' id='word_1_333' title='bbox 1129 3821 1311 3906; x_wconf 89' lang='lat' dir='ltr'>desinetque</span> <span class='ocrx_word' id='word_1_334' title='bbox 1339 3818 1372 3884; x_wconf 89' lang='lat' dir='ltr'>in</span> <span class='ocrx_word' id='word_1_335' title='bbox 1396 3841 1503 3885; x_wconf 78' lang='lat' dir='ltr'>nonin.</span> <span class='ocrx_word' id='word_1_336' title='bbox 1555 3825 1607 3887; x_wconf 87' lang='lat' dir='ltr'>Ac</span> <span class='ocrx_word' id='word_1_337' title='bbox 1631 3819 1839 3908; x_wconf 87' lang='lat' dir='ltr'>pereuntibus</span> 
     </span>
     <span class='ocr_line' id='line_1_36' title="bbox 478 3915 1543 4002; baseline -0.001 -21"><span class='ocrx_word' id='word_1_338' title='bbox 478 3942 511 3992; x_wconf 75' lang='lat'>35</span> <span class='ocrx_word' id='word_1_339' title='bbox 522 3917 609 3992; x_wconf 89' lang='lat' dir='ltr'>aliis,</span> <span class='ocrx_word' id='word_1_340' title='bbox 634 3939 715 4002; x_wconf 89' lang='lat' dir='ltr'>qnae</span> <span class='ocrx_word' id='word_1_341' title='bbox 736 3916 769 3980; x_wconf 91' lang='lat' dir='ltr'>id</span> <span class='ocrx_word' id='word_1_342' title='bbox 788 3917 933 4000; x_wconf 86' lang='lat' dir='ltr'>recipere</span> <span class='ocrx_word' id='word_1_343' title='bbox 953 3928 1106 4000; x_wconf 89' lang='lat' dir='ltr'>possunt,</span> <span class='ocrx_word' id='word_1_344' title='bbox 1130 3915 1322 3980; x_wconf 87' lang='lat' dir='ltr'>immutabile</span> <span class='ocrx_word' id='word_1_345' title='bbox 1344 3927 1543 3999; x_wconf 81' lang='lat' dir='ltr'>perseverat.</span> 
     </span>
    </p>

    <p class='ocr_par' dir='ltr' id='par_1_8' title="bbox 605 4007 1835 4096">
     <span class='ocr_line' id='line_1_37' title="bbox 605 4007 1835 4096; baseline -0.005 -21"><span class='ocrx_word' id='word_1_346' title='bbox 605 4011 695 4092; x_wconf 92' lang='lat' dir='ltr'>Dyas</span> <span class='ocrx_word' id='word_1_347' title='bbox 717 4030 817 4087; x_wconf 81' lang='lat' dir='ltr'>vero,</span> <span class='ocrx_word' id='word_1_348' title='bbox 855 4024 890 4075; x_wconf 91' lang='lat' dir='ltr'>ut</span> <span class='ocrx_word' id='word_1_349' title='bbox 910 4009 1056 4096; x_wconf 86' lang='lat' dir='ltr'>theologi</span> <span class='ocrx_word' id='word_1_350' title='bbox 1078 4023 1243 4086; x_wconf 89' lang='lat' dir='ltr'>asserunt,</span> <span class='ocrx_word' id='word_1_351' title='bbox 1282 4013 1437 4075; x_wconf 85' lang='lat' dir='ltr'>secundus</span> <span class='ocrx_word' id='word_1_352' title='bbox 1464 4023 1511 4075; x_wconf 91' lang='lat' dir='ltr'>est</span> <span class='ocrx_word' id='word_1_353' title='bbox 1534 4021 1650 4076; x_wconf 92' lang='lat' dir='ltr'>motus.</span> <span class='ocrx_word' id='word_1_354' title='bbox 1707 4007 1835 4074; x_wconf 86' lang='lat' dir='ltr'>Primus</span> 
     </span>
    </p>
   </div>
   <div class='ocr_carea' id='block_1_7' title="bbox 521 4102 1954 4186">
    <p class='ocr_par' dir='ltr' id='par_1_9' title="bbox 521 4102 1954 4186">
     <span class='ocr_line' id='line_1_38' title="bbox 521 4102 1954 4186; baseline -0.004 -16"><span class='ocrx_word' id='word_1_355' title='bbox 521 4104 603 4170; x_wconf 93' lang='lat' dir='ltr'>enim</span> <span class='ocrx_word' id='word_1_356' title='bbox 626 4117 729 4167; x_wconf 87' lang='lat' dir='ltr'>motus</span> <span class='ocrx_word' id='word_1_357' title='bbox 758 4103 792 4168; x_wconf 92' lang='lat' dir='ltr'>in</span> <span class='ocrx_word' id='word_1_358' title='bbox 819 4108 952 4169; x_wconf 90' lang='lat' dir='ltr'>monade</span> <span class='ocrx_word' id='word_1_359' title='bbox 982 4103 1103 4168; x_wconf 88' lang='lat' dir='ltr'>stabilis</span> <span class='ocrx_word' id='word_1_360' title='bbox 1129 4115 1161 4168; x_wconf 91' lang='lat' dir='ltr'>et</span> <span class='ocrx_word' id='word_1_361' title='bbox 1194 4102 1391 4182; x_wconf 82' lang='lat' dir='ltr'>consistens,</span> <span class='ocrx_word' id='word_1_362' title='bbox 1427 4106 1459 4168; x_wconf 90' lang='lat' dir='ltr'>in</span> <span class='ocrx_word' id='word_1_363' title='bbox 1488 4107 1618 4186; x_wconf 86' lang='lat' dir='ltr'>dyadem</span> <span class='ocrx_word' id='word_1_364' title='bbox 1639 4103 1727 4169; x_wconf 81' lang='lat' dir='ltr'>velut</span> <span class='ocrx_word' id='word_1_365' title='bbox 1747 4103 1836 4168; x_wconf 87' lang='lat' dir='ltr'>loras</span> <span class='ocrx_word' id='word_1_366' title='bbox 1946 4133 1954 4147; x_wconf 90' lang='lat'><strong>·</strong></span> 
     </span>
    </p>
   </div>
   <div class='ocr_carea' id='block_1_8' title="bbox 476 4197 1839 4846">
    <p class='ocr_par' dir='ltr' id='par_1_10' title="bbox 476 4197 1839 4846">
     <span class='ocr_line' id='line_1_39' title="bbox 520 4197 1837 4285; baseline -0.004 -21"><span class='ocrx_word' id='word_1_367' title='bbox 520 4198 704 4285; x_wconf 81' lang='lat' dir='ltr'>egreditura</span> <span class='ocrx_word' id='word_1_368' title='bbox 738 4197 938 4283; x_wconf 86' lang='lat' dir='ltr'>primumque</span> <span class='ocrx_word' id='word_1_369' title='bbox 959 4197 1150 4263; x_wconf 87' lang='lat' dir='ltr'>connubium</span> <span class='ocrx_word' id='word_1_370' title='bbox 1174 4201 1292 4281; x_wconf 82' lang='lat' dir='ltr'>po&#39;e‘tae</span> <span class='ocrx_word' id='word_1_371' title='bbox 1321 4199 1465 4264; x_wconf 83' lang='lat' dir='ltr'>fabulose</span> <span class='ocrx_word' id='word_1_372' title='bbox 1488 4199 1636 4266; x_wconf 86' lang='lat' dir='ltr'>dixerunt</span> <span class='ocrx_word' id='word_1_373' title='bbox 1659 4197 1783 4263; x_wconf 85' lang='lat' dir='ltr'>sororis</span> <span class='ocrx_word' id='word_1_374' title='bbox 1806 4207 1837 4260; x_wconf 85' lang='lat' dir='ltr'>et</span> 
     </span>
     <span class='ocr_line' id='line_1_40' title="bbox 520 4290 1834 4377; baseline -0.002 -22"><span class='ocrx_word' id='word_1_375' title='bbox 520 4291 686 4377; x_wconf 88' lang='lat' dir='ltr'>coniugis,</span> <span class='ocrx_word' id='word_1_376' title='bbox 724 4294 811 4377; x_wconf 89' lang='lat' dir='ltr'>quod</span> <span class='ocrx_word' id='word_1_377' title='bbox 840 4290 989 4356; x_wconf 83' lang='lat' dir='ltr'>videlicet</span> <span class='ocrx_word' id='word_1_378' title='bbox 1026 4291 1118 4355; x_wconf 75' lang='lat' dir='ltr'>tinius</span> <span class='ocrx_word' id='word_1_379' title='bbox 1155 4292 1282 4377; x_wconf 89' lang='lat' dir='ltr'>generis</span> <span class='ocrx_word' id='word_1_380' title='bbox 1314 4313 1446 4358; x_wconf 90' lang='lat' dir='ltr'>numero</span> <span class='ocrx_word' id='word_1_381' title='bbox 1477 4295 1613 4358; x_wconf 87' lang='lat' dir='ltr'>co&#39;e&#39;unte</span> <span class='ocrx_word' id='word_1_382' title='bbox 1641 4291 1834 4375; x_wconf 80' lang='lat' dir='ltr'>copuletura</span> 
     </span>
     <span class='ocr_line' id='line_1_41' title="bbox 476 4384 1836 4464; baseline 0 -15"><span class='ocrx_word' id='word_1_383' title='bbox 476 4398 551 4455; x_wconf 78' lang='lat' dir='ltr'>sect</span> <span class='ocrx_word' id='word_1_384' title='bbox 566 4386 721 4450; x_wconf 90' lang='lat' dir='ltr'>lunonem</span> <span class='ocrx_word' id='word_1_385' title='bbox 743 4398 879 4464; x_wconf 84' lang='lat' dir='ltr'>vocant,</span> <span class='ocrx_word' id='word_1_386' title='bbox 903 4385 959 4450; x_wconf 91' lang='lat' dir='ltr'>nni</span> <span class='ocrx_word' id='word_1_387' title='bbox 979 4385 1100 4450; x_wconf 88' lang='lat' dir='ltr'>scilieet</span> <span class='ocrx_word' id='word_1_388' title='bbox 1116 4384 1189 4450; x_wconf 85' lang='lat' dir='ltr'>lovi</span> <span class='ocrx_word' id='word_1_389' title='bbox 1212 4385 1352 4450; x_wconf 81' lang='lat' dir='ltr'>accessio</span> <span class='ocrx_word' id='word_1_390' title='bbox 1375 4384 1503 4450; x_wconf 87' lang='lat' dir='ltr'>alterius</span> <span class='ocrx_word' id='word_1_391' title='bbox 1523 4387 1751 4451; x_wconf 87' lang='lat' dir='ltr'>inhaerentem.</span> <span class='ocrx_word' id='word_1_392' title='bbox 1782 4386 1836 4449; x_wconf 85' lang='lat' dir='ltr'>Ab</span> 
     </span>
     <span class='ocr_line' id='line_1_42' title="bbox 517 4477 1838 4566; baseline 0 -26"><span class='ocrx_word' id='word_1_393' title='bbox 517 4480 582 4542; x_wconf 90' lang='lat' dir='ltr'>boe</span> <span class='ocrx_word' id='word_1_394' title='bbox 603 4498 735 4542; x_wconf 90' lang='lat' dir='ltr'>numero</span> <span class='ocrx_word' id='word_1_395' title='bbox 768 4481 902 4542; x_wconf 91' lang='lat' dir='ltr'>muudus</span> <span class='ocrx_word' id='word_1_396' title='bbox 931 4479 1078 4562; x_wconf 91' lang='lat' dir='ltr'>apparuit</span> <span class='ocrx_word' id='word_1_397' title='bbox 1107 4490 1211 4543; x_wconf 88' lang='lat' dir='ltr'>mente</span> <span class='ocrx_word' id='word_1_398' title='bbox 1245 4500 1282 4542; x_wconf 91' lang='lat' dir='ltr'>ao</span> <span class='ocrx_word' id='word_1_399' title='bbox 1306 4479 1434 4544; x_wconf 88' lang='lat' dir='ltr'>materia</span> <span class='ocrx_word' id='word_1_400' title='bbox 1456 4481 1552 4566; x_wconf 88' lang='lat' dir='ltr'>(qnae</span> <span class='ocrx_word' id='word_1_401' title='bbox 1575 4481 1700 4545; x_wconf 87' lang='lat' dir='ltr'>Graece</span> <span class='ocrx_word' id='word_1_402' title='bbox 1723 4477 1838 4542; x_wconf 89' lang='lat' dir='ltr'>dicitur</span> 
     </span>
     <span class='ocr_line' id='line_1_43' title="bbox 517 4563 1839 4656; baseline -0.002 -18"><span class='ocrx_word' id='word_1_403' title='bbox 517 4563 592 4652; x_wconf 76' lang='grc' dir='ltr'>ὕλη)</span> <span class='ocrx_word' id='word_1_404' title='bbox 614 4583 826 4637; x_wconf 86' lang='lat' dir='ltr'>constructus.</span> <span class='ocrx_word' id='word_1_405' title='bbox 869 4574 924 4637; x_wconf 91' lang='lat' dir='ltr'>Ab</span> <span class='ocrx_word' id='word_1_406' title='bbox 945 4575 1010 4639; x_wconf 89' lang='lat' dir='ltr'>hoe</span> <span class='ocrx_word' id='word_1_407' title='bbox 1030 4571 1158 4650; x_wconf 86' lang='lat' dir='ltr'>institia,</span> <span class='ocrx_word' id='word_1_408' title='bbox 1183 4573 1332 4638; x_wconf 90' lang='lat' dir='ltr'>naturalis</span> <span class='ocrx_word' id='word_1_409' title='bbox 1352 4573 1463 4653; x_wconf 87' lang='lat' dir='ltr'>virtus,</span> <span class='ocrx_word' id='word_1_410' title='bbox 1488 4575 1601 4638; x_wconf 90' lang='lat' dir='ltr'>librata</span> <span class='ocrx_word' id='word_1_411' title='bbox 1623 4573 1761 4656; x_wconf 90' lang='lat' dir='ltr'>partium</span> <span class='ocrx_word' id='word_1_412' title='bbox 1785 4591 1839 4636; x_wconf 88' lang='lat' dir='ltr'>ae·</span> 
     </span>
     <span class='ocr_line' id='line_1_44' title="bbox 518 4662 1838 4753; baseline 0 -25"><span class='ocrx_word' id='word_1_413' title='bbox 518 4666 669 4749; x_wconf 87' lang='lat' dir='ltr'>qualitate</span> <span class='ocrx_word' id='word_1_414' title='bbox 692 4666 817 4730; x_wconf 83' lang='lat' dir='ltr'>diluxit.</span> <span class='ocrx_word' id='word_1_415' title='bbox 861 4669 1007 4753; x_wconf 86' lang='lat' dir='ltr'>Namque</span> <span class='ocrx_word' id='word_1_416' title='bbox 1028 4667 1149 4732; x_wconf 83' lang='lat' dir='ltr'>divisus</span> <span class='ocrx_word' id='word_1_417' title='bbox 1170 4667 1222 4731; x_wconf 91' lang='lat' dir='ltr'>hio</span> <span class='ocrx_word' id='word_1_418' title='bbox 1243 4689 1328 4732; x_wconf 90' lang='lat' dir='ltr'>nuuc</span> <span class='ocrx_word' id='word_1_419' title='bbox 1348 4689 1515 4744; x_wconf 84' lang='lat' dir='ltr'>numerus,</span> <span class='ocrx_word' id='word_1_420' title='bbox 1540 4666 1613 4752; x_wconf 88' lang='lat' dir='ltr'>quia</span> <span class='ocrx_word' id='word_1_421' title='bbox 1627 4667 1719 4752; x_wconf 88' lang='lat' dir='ltr'>prior</span> <span class='ocrx_word' id='word_1_422' title='bbox 1739 4662 1838 4729; x_wconf 84' lang='lat' dir='ltr'>dividi</span> 
     </span>
     <span class='ocr_line' id='line_1_45' title="bbox 516 4757 1838 4846; baseline -0.002 -22"><span class='ocrx_word' id='word_1_423' title='bbox 516 4771 645 4843; x_wconf 90' lang='lat' dir='ltr'>potest,</span> <span class='ocrx_word' id='word_1_424' title='bbox 670 4761 793 4844; x_wconf 85' lang='lat' dir='ltr'>aequali</span> <span class='ocrx_word' id='word_1_425' title='bbox 814 4760 956 4828; x_wconf 88' lang='lat' dir='ltr'>sectione</span> <span class='ocrx_word' id='word_1_426' title='bbox 978 4763 1130 4839; x_wconf 82' lang='lat' dir='ltr'>discedit3</span> <span class='ocrx_word' id='word_1_427' title='bbox 1152 4783 1211 4826; x_wconf 89' lang='lat' dir='ltr'>nee</span> <span class='ocrx_word' id='word_1_428' title='bbox 1231 4775 1335 4828; x_wconf 89' lang='lat' dir='ltr'>tamen</span> <span class='ocrx_word' id='word_1_429' title='bbox 1358 4763 1459 4826; x_wconf 87' lang='lat' dir='ltr'>adhuc</span> <span class='ocrx_word' id='word_1_430' title='bbox 1480 4773 1568 4826; x_wconf 89' lang='lat' dir='ltr'>totus</span> <span class='ocrx_word' id='word_1_431' title='bbox 1590 4773 1657 4838; x_wconf 85' lang='lat' dir='ltr'>est,</span> <span class='ocrx_word' id='word_1_432' title='bbox 1681 4757 1755 4846; x_wconf 89' lang='lat' dir='ltr'>quia</span> <span class='ocrx_word' id='word_1_433' title='bbox 1777 4757 1838 4822; x_wconf 88' lang='lat' dir='ltr'>ini·</span> 
     </span>
    </p>
   </div>
   <div class='ocr_carea' id='block_1_9' title="bbox 514 4935 1839 5237">
    <p class='ocr_par' dir='ltr' id='par_1_11' title="bbox 514 4935 1839 5237">
     <span class='ocr_line' id='line_1_46' title="bbox 591 4935 1839 4996; baseline -0.004 0"><span class='ocrx_word' id='word_1_434' title='bbox 591 4944 638 4996; x_wconf 83' lang='lat'>20.</span> <span class='ocrx_word' id='word_1_435' title='bbox 659 4935 728 4992; x_wconf 84' lang='lat' dir='ltr'>Dele</span> <span class='ocrx_word' id='word_1_436' title='bbox 748 4955 774 4990; x_wconf 87' lang='grc' dir='ltr'>ι.</span> <span class='ocrx_word' id='word_1_437' title='bbox 790 4953 859 4990; x_wconf 84' lang='lat' dir='ltr'>esse.</span> <span class='ocrx_word' id='word_1_438' title='bbox 877 4936 961 4991; x_wconf 83' lang='grc' dir='ltr'>Βιιτ.</span> <span class='ocrx_word' id='word_1_439' title='bbox 1013 4937 1060 4995; x_wconf 81' lang='lat' dir='ltr'>to.</span> <span class='ocrx_word' id='word_1_440' title='bbox 1088 4939 1164 4995; x_wconf 83' lang='lat' dir='ltr'>Fors.</span> <span class='ocrx_word' id='word_1_441' title='bbox 1193 4943 1350 4993; x_wconf 80' lang='lat' dir='ltr'>aceesstnns</span> <span class='ocrx_word' id='word_1_442' title='bbox 1377 4935 1419 4991; x_wconf 83' lang='lat' dir='ltr'>vel</span> <span class='ocrx_word' id='word_1_443' title='bbox 1438 4954 1558 4992; x_wconf 77' lang='lat' dir='ltr'>accessis.</span> <span class='ocrx_word' id='word_1_444' title='bbox 1584 4935 1705 4990; x_wconf 78' lang='lat' dir='ltr'>Seuer-r.</span> <span class='ocrx_word' id='word_1_445' title='bbox 1749 4937 1839 4994; x_wconf 78' lang='lat' dir='ltr'>Verba</span> 
     </span>
     <span class='ocr_line' id='line_1_47' title="bbox 514 5011 1836 5088; baseline 0.001 -22"><span class='ocrx_word' id='word_1_446' title='bbox 514 5018 637 5068; x_wconf 73' lang='lat' dir='ltr'>accessio</span> <span class='ocrx_word' id='word_1_447' title='bbox 655 5013 774 5064; x_wconf 80' lang='lat' dir='ltr'>altertnr</span> <span class='ocrx_word' id='word_1_448' title='bbox 798 5029 856 5067; x_wconf 88' lang='lat' dir='ltr'>non</span> <span class='ocrx_word' id='word_1_449' title='bbox 885 5027 941 5067; x_wconf 80' lang='lat' dir='ltr'>ram</span> <span class='ocrx_word' id='word_1_450' title='bbox 961 5011 1130 5068; x_wconf 83' lang='lat' dir='ltr'>emendanda</span> <span class='ocrx_word' id='word_1_451' title='bbox 1150 5028 1231 5088; x_wconf 89' lang='lat' dir='ltr'>qnam</span> <span class='ocrx_word' id='word_1_452' title='bbox 1252 5011 1427 5088; x_wconf 78' lang='lat' dir='ltr'>exstirpanda</span> <span class='ocrx_word' id='word_1_453' title='bbox 1445 5018 1586 5068; x_wconf 80' lang='lat' dir='ltr'>extertmn.</span> <span class='ocrx_word' id='word_1_454' title='bbox 1635 5013 1742 5069; x_wconf 79' lang='lat' dir='ltr'>Notum</span> <span class='ocrx_word' id='word_1_455' title='bbox 1761 5019 1836 5070; x_wconf 84' lang='lat' dir='ltr'>entm</span> 
     </span>
     <span class='ocr_line' id='line_1_48' title="bbox 514 5086 1838 5164; baseline 0.004 -24"><span class='ocrx_word' id='word_1_456' title='bbox 514 5087 549 5140; x_wconf 83' lang='lat' dir='ltr'>de</span> <span class='ocrx_word' id='word_1_457' title='bbox 568 5106 623 5142; x_wconf 83' lang='lat' dir='ltr'>nnn</span> <span class='ocrx_word' id='word_1_458' title='bbox 642 5088 721 5142; x_wconf 83' lang='lat' dir='ltr'>alrert</span> <span class='ocrx_word' id='word_1_459' title='bbox 741 5091 788 5141; x_wconf 84' lang='lat' dir='ltr'>not</span> <span class='ocrx_word' id='word_1_460' title='bbox 809 5086 875 5154; x_wconf 82' lang='lat' dir='ltr'>dtct,</span> <span class='ocrx_word' id='word_1_461' title='bbox 900 5103 928 5144; x_wconf 82' lang='lat' dir='ltr'>et</span> <span class='ocrx_word' id='word_1_462' title='bbox 947 5091 1004 5142; x_wconf 85' lang='lat' dir='ltr'>lam</span> <span class='ocrx_word' id='word_1_463' title='bbox 1022 5087 1114 5161; x_wconf 82' lang='lat' dir='ltr'>dtxtt,</span> <span class='ocrx_word' id='word_1_464' title='bbox 1141 5107 1230 5164; x_wconf 83' lang='lat' dir='ltr'>neque</span> <span class='ocrx_word' id='word_1_465' title='bbox 1249 5110 1306 5148; x_wconf 85' lang='lat' dir='ltr'>nnn</span> <span class='ocrx_word' id='word_1_466' title='bbox 1319 5087 1499 5147; x_wconf 71' lang='lat' dir='ltr'>montlestnm</span> <span class='ocrx_word' id='word_1_467' title='bbox 1519 5105 1560 5146; x_wconf 84' lang='lat' dir='ltr'>ess</span> <span class='ocrx_word' id='word_1_468' title='bbox 1581 5105 1614 5143; x_wconf 79' lang='lat' dir='ltr'>cs</span> <span class='ocrx_word' id='word_1_469' title='bbox 1634 5093 1758 5160; x_wconf 69' lang='lat' dir='ltr'>margine</span> <span class='ocrx_word' id='word_1_470' title='bbox 1784 5091 1838 5146; x_wconf 83' lang='lat' dir='ltr'>mle</span> 
     </span>
     <span class='ocr_line' id='line_1_49' title="bbox 515 5162 881 5237; baseline 0.005 -21"><span class='ocrx_word' id='word_1_471' title='bbox 515 5163 581 5230; x_wconf 87' lang='lat' dir='ltr'>qntd</span> <span class='ocrx_word' id='word_1_472' title='bbox 601 5167 752 5237; x_wconf 81' lang='lat' dir='ltr'>trrepstsse.</span> <span class='ocrx_word' id='word_1_473' title='bbox 770 5162 881 5218; x_wconf 70' lang='lat' dir='ltr'>Brarn.</span> 
     </span>
    </p>
   </div>
   <div class='ocr_carea' id='block_1_10' title="bbox 0 0 2222 5956">
    <p class='ocr_par' dir='ltr' id='par_1_12' title="bbox 0 0 2222 5956">
     <span class='ocr_line' id='line_1_50' title="bbox 0 0 2222 5956; baseline 0 0"><span class='ocrx_word' id='word_1_474' title='bbox 0 0 2222 5956; x_wconf 95' lang='lat' dir='ltr'> </span> 
     </span>
    </p>
   </div>
  </div>
 </body>
</html>
