4434 5959
940 604 1032 670 LIB.
1053 606 1085 670 l.
1627 611 1666 675 ll

359 767 420 812 aea
441 744 475 809 in
496 765 590 810 musa
611 765 681 810 esse
700 755 847 827 possunt.
891 746 955 810 Sed
974 745 1003 809 si
1024 745 1132 827 plures
1154 744 1237 822 siut,
1267 749 1305 810 ad
1333 767 1493 812 numerum
1516 751 1667 817 coustitu-

363 841 508 916 tiouum,
530 861 594 904 uon
616 841 847 923 adaugendam
869 839 933 902 rim
955 840 1082 902 ulterius
1104 840 1337 904 constitutionis
1359 846 1521 906 accedunt.

441 933 482 998 At
501 931 719 997 deliberativa
740 953 850 996 causa
881 933 984 996 simul
1007 954 1051 998 ee
1074 934 1190 997 eudem
1216 945 1313 1016 parte
1339 936 1454 999 eodem
1488 938 1521 998 in
1548 959 1668 1020 genere

362 1037 396 1094 et
416 1024 660 1088 coniecturalem
680 1037 714 1090 et
732 1022 912 1105 generalem
938 1035 973 1092 et
992 1023 1181 1086 definitivam
1205 1035 1238 1090 et
1266 1025 1478 1087 translativam
1497 1028 1583 1092 solet
1610 1031 1668 1089 da·

362 1119 441 1183 tm
469 1119 745 1180 constitutionem
773 1124 807 1180 et
838 1135 942 1178 unum
975 1113 1163 1198 aliquando
1195 1123 1228 1179 et
1258 1117 1373 1197 plures
1409 1112 1693 1200 nonnunquam]t

363 1211 494 1288 Quum,
528 1205 647 1289 iuquit,
676 1216 800 1270 constet
829 1228 919 1269 usuam
948 1227 1104 1291 quamque
1133 1205 1385 1270 constitutionem
1416 1208 1547 1271 alteram
1576 1207 1669 1271 inse

361 1325 428 1366 nou
449 1300 633 1374 admittere,
670 1299 874 1362 deliberativa
902 1321 943 1363 ex
968 1303 1074 1362 eadem
1103 1311 1194 1381 parte
1224 1303 1334 1362 eodem
1364 1301 1393 1363 in
1425 1321 1542 1384 genere
1561 1323 1669 1365 omnes

360 1396 447 1458 solet
467 1394 611 1475 recipere
633 1391 885 1458 constitutiones.
928 1395 1021 1478 Ergo
1042 1393 1110 1476 ipsa
1131 1413 1189 1456 uec
1210 1392 1393 1458 constitutio
1415 1413 1475 1456 uec
1495 1415 1570 1478 pars
1590 1415 1669 1459 con·

361 1487 538 1552 stitutionis
558 1499 623 1549 est.
649 1507 657 1528 ⁸

442 1581 557 1643 Simul
581 1601 626 1643 ex
648 1577 764 1644 eadem
785 1575 901 1664 purte]
938 1580 1144 1651 Deliberatio
1166 1581 1246 1645 enim
1267 1601 1340 1664 pars
1364 1601 1478 1646 canuae
1505 1593 1565 1649 est.
1606 1581 1668 1646 Vi·
1681 1593 1710 1642 tt

361 1674 493 1734 deamus
512 1691 596 1734 nnuc
628 1670 885 1753 quadripertitum
920 1670 1153 1756 syllogismum.
1196 1673 1357 1756 Proponit
1377 1674 1441 1737 sic:
1470 1675 1573 1756 primo
1594 1695 1670 1756 spe·

362 1764 507 1838 cialiter,
530 1764 642 1826 deinde
657 1763 860 1846 generaliter.
883 1762 1067 1846 specialiter
1080 1765 1152 1828 sic:
1174 1766 1297 1833 Deinde
1317 1766 1538 1831 coniecturalis
1560 1786 1669 1830 causa

362 1877 432 1920 non
452 1864 565 1937 potest
583 1857 686 1918 simul
714 1877 759 1919 ea·
777 1855 896 1921 eadem
913 1866 1011 1938 parte
1038 1858 1156 1922 eodent
1179 1863 1214 1923 in
1238 1880 1359 1942 genere
1385 1869 1418 1924 et
1445 1857 1668 1923 coniecturalis

363 1965 432 2010 esse
451 1956 486 2010 et
508 1943 682 2009 definitiva.
724 1945 912 2027 specialiter
939 1946 1021 2008 enim
1045 1949 1084 2010 de
1105 1952 1304 2014 coniectura
1325 1953 1505 2032 proposuit.
1547 1951 1669 2016 Rursus

363 2057 426 2102 nec
447 2037 608 2101 definitiva
630 2058 738 2101 ceusu
761 2047 871 2119 potest
888 2059 933 2102 ere
955 2037 1072 2103 eadem
1098 2047 1195 2120 purte
1218 2039 1336 2104 eodem
1358 2043 1393 2104 in
1414 2066 1536 2126 genere
1562 2051 1594 2109 et
1615 2043 1711 2108 dett

362 2129 485 2194 finitiva
506 2151 577 2195 esse
601 2141 634 2196 et
661 2129 856 2195 translativa.
895 2130 940 2192 Et
960 2131 1012 2191 hic
1026 2129 1206 2210 specialiter
1227 2135 1265 2194 de
1277 2133 1351 2210 fine
1372 2133 1553 2216 proposuit.
1577 2134 1670 2196 Nunc

361 2223 518 2304 proponit
545 2221 732 2306 generaliter
764 2220 971 2287 decennibus
1005 2220 1282 2287 constitutionibus
1308 2234 1339 2285 et
1374 2245 1481 2288 carrum
1506 2226 1667 2308 partibus:
1773 2301 1779 2313 .

362 2315 405 2378 Et
424 2318 581 2394 omnino,
612 2315 735 2399 inquit,
758 2314 858 2378 nulla
884 2315 1080 2378 constitutio
1104 2333 1166 2378 nec
1182 2335 1264 2396 pars
1287 2320 1532 2383 constitutionis
1559 2327 1670 2400 potest

362 2407 468 2469 sinaut
479 2417 514 2470 et
524 2427 624 2470 snum
635 2408 797 2472 lrudmet
813 2405 954 2468 alterins
970 2406 1004 2468 in
1020 2425 1054 2470 se
1066 2407 1131 2468 vina
1145 2409 1323 2471 contenere.
1352 2408 1526 2494 Hucusque
1546 2430 1671 2490 propn-

363 2496 443 2558 suit.
485 2498 609 2562 Deinde
631 2501 786 2580 approbat
805 2494 1077 2578 propositionem:
1099 2497 1199 2570 Ideo,
1219 2495 1342 2579 inquit,
1366 2501 1460 2585 quod
1477 2521 1546 2566 ηῃα
1568 2499 1711 2584 quae-tt

363 2609 432 2672 que
452 2610 497 2652 ex
515 2609 551 2654 se
566 2601 601 2655 et
623 2612 667 2656 ee
696 2611 761 2654 sua
783 2597 911 2652 natura
926 2588 1127 2668 simpliciter
1140 2587 1392 2655 consideratur:
1412 2591 1524 2680 alteru
1544 2609 1671 2653 assane-

361 2689 427 2760 pta
443 2699 601 2744 nummus
623 2682 901 2744 constitutionum
928 2677 1150 2758 duplicatur,
1174 2699 1242 2741 non
1266 2680 1312 2742 vis
1334 2681 1581 2744 constitutionis
1609 2699 1672 2740 uu·

361 2777 476 2850 getar-
528 2772 610 2835 Post
631 2769 895 2854 approbationem
915 2766 1145 2851 propositionis
1175 2769 1302 2832 assumit
1327 2773 1414 2854 quod
1436 2770 1496 2834 eibi
1525 2786 1670 2832 necessa-

362 2861 446 2922 ris·
467 2872 535 2926 esta
558 2861 608 2926 At
628 2862 863 2938 deliberativa,
891 2858 1012 2944 inquit,
1036 2880 1146 2924 cansa
1165 2861 1268 2924 simul
1293 2883 1337 2926 ex
1365 2863 1481 2928 eadem
1502 2870 1600 2943 parte
1615 2879 1671 2923 eo·

364 2953 439 3018 dem
464 2956 498 3018 in
519 2976 641 3038 genere
661 2962 693 3018 et
713 2953 960 3019 coniecturalem
979 2962 1013 3020 et
1042 2953 1221 3040 generalem
1250 2965 1282 3018 et
1302 2954 1493 3018 definitivam
1515 2959 1546 3016 et
1567 2960 1711 3014 trans-es

363 3047 491 3112 utinm
513 3046 663 3110 continet
687 3048 982 3126 constitutionem,
1010 3058 1043 3112 et
1066 3066 1170 3110 unum
1192 3044 1382 3128 aliquando
1403 3055 1436 3110 et
1455 3046 1570 3127 plures
1591 3061 1670 3104 nore

363 3159 552 3224 nunquam.
601 3135 696 3216 Quod
722 3135 870 3221 quoniam
892 3137 1090 3202 manifestum
1114 3144 1217 3196 estet
1243 3145 1386 3214 apertum
1413 3135 1581 3208 omuibus,
1605 3151 1671 3194 nou

361 3231 425 3296 init
444 3250 572 3294 necesse
586 3231 765 3312 approbare
788 3235 1061 3312 assumptionem.
1111 3225 1266 3311 Sequitur
1283 3247 1365 3311 ergo
1386 3226 1670 3308 conclusio,·qnae

363 3323 483 3406 duplex
504 3333 566 3386 est.
611 3323 718 3387 Prima
740 3323 781 3385 ad
804 3319 859 3398 id,
882 3324 970 3406 quod
986 3330 1176 3402 assumptum
1199 3327 1266 3380 est:
1290 3315 1329 3383 At
1351 3319 1568 3386 deliberativa
1585 3337 1668 3380 cau-

361 3437 403 3480 su
429 3416 536 3480 simul
552 3436 599 3480 ex
614 3415 732 3480 endem
755 3423 852 3497 purte
871 3413 989 3480 eodem
1009 3415 1044 3477 in
1058 3433 1184 3498 genere
1205 3423 1267 3476 cet.
1297 3413 1389 3496 Ergo
1413 3414 1488 3494 ipsu
1512 3430 1572 3474 nec
1593 3417 1712 3471 con-³⁰

361 3507 495 3570 stitutio
524 3525 587 3569 nec
618 3525 700 3586 pars
730 3507 978 3569 constitutionis
1005 3515 1064 3570 est.
1106 3504 1250 3567 Secunda
1276 3507 1314 3567 ad
1342 3515 1518 3588 utrumque,
1542 3519 1606 3584 quo
1632 3499 1672 3560 de

362 3595 483 3676 agitur.
529 3595 656 3659 Pariter
685 3595 765 3659 enim
799 3598 837 3659 de
865 3593 1103 3679 deluceratione
1131 3607 1163 3660 et
1196 3599 1475 3664 demonstratione
1503 3599 1670 3654 tractatur·

363 3688 490 3753 Genera
511 3688 640 3772 (inquit)
674 3710 780 3770 ergo,
810 3696 849 3750 ut
882 3692 961 3749 ante
990 3683 1156 3767 diximus,
1185 3691 1271 3754 haec
1300 3706 1484 3751 causatum
1515 3678 1671 3766 putanda

361 3789 460 3857 sant,
479 3803 549 3846 non
571 3790 683 3863 partes
709 3778 859 3841 alicuius
883 3776 1148 3844 constitutionis.

442 3869 547 3934 Huec
568 3890 652 3951 ergo
676 3867 892 3940 constitutio,
916 3883 1022 3948 quam
1042 3867 1220 3948 generalem
1240 3867 1472 3944 nominamus,
1495 3873 1608 3948 partes
1627 3863 1712 3937 ⁰¹⁰·ts

364 3957 464 4022 detur
479 3959 577 4022 nodis
595 3959 681 4020 duas
702 3949 841 4037 haltere]
889 3954 1064 4039 Postquam
1094 3961 1220 4036 docuit,
1257 3957 1529 4023 deliberationem
1556 3963 1588 4017 ct
1620 3953 1672 4016 de·

362 4052 643 4114 monstrationem
668 4068 730 4110 nou
752 4058 859 4130 partes
889 4046 1065 4130 qualitatis,
1099 4056 1155 4118 sed
1185 4070 1301 4138 genera
1320 4069 1388 4112 esse
1410 4065 1597 4119 causarum
1632 4043 1672 4104 ad

361 4136 463 4219 ipsius
488 4139 647 4223 qualitatis
673 4141 831 4204 deseendit
856 4140 1108 4222 disputationem.
1160 4149 1212 4212 Ac
1236 4143 1340 4229 primo
1361 4143 1442 4203 hauc
1469 4139 1598 4203 induas
1623 4133 1672 4198 di·

362 4231 443 4293 ridit
468 4241 597 4312 partes,
633 4231 666 4295 in
688 4233 917 4298 iuridicialem
942 4244 974 4296 et
994 4239 1211 4318 negotialem.
1267 4235 1407 4316 Quarum
1440 4233 1574 4315 partium
1608 4230 1672 4293 hoc

361 4315 584 4397 compendium
599 4327 707 4379 tencre
735 4317 909 4387 debemus,
947 4319 1034 4400 quod
1054 4319 1265 4385 iuridicialis
1286 4339 1411 4401 semper
1440 4319 1478 4380 de
1500 4312 1713 4399 praeteritura

361 4417 429 4478 est,
463 4410 650 4490 negotialis
671 4429 797 4488 semper
818 4410 858 4472 de
886 4408 1016 4475 futuro:
1052 4432 1134 4496 quae
1156 4422 1299 4494 tempora
1321 4411 1351 4475 iu
1373 4412 1512 4495 ipsarum
1534 4408 1670 4494 partium

361 4497 544 4564 delinitione
565 4499 692 4564 ridetur
711 4499 828 4566 Cicero
850 4524 914 4567 nou
936 4504 1123 4567 declarasse.
1167 4504 1227 4569 Ait
1248 4504 1349 4569 enim:

454 4631 484 4686 ¹t·
500 4628 671 4696 generalem]
692 4626 724 4681 ld
742 4645 783 4682 err
801 4633 858 4703 τὴν
876 4633 929 4705 τῆς
946 4631 1094 4702 qualitatis
1112 4636 1357 4699 constitutionem,
1377 4636 1495 4692 στάσιν.
1515 4633 1598 4686 Care.

360 4771 405 4830 ω
433 4699 482 4830 ἕ.
497 4705 661 4830 μὸορωωτ]
686 4703 832 4779 Perpetem
859 4703 1000 4778 legebatur
1027 4720 1124 4773 autea,
1152 4712 1293 4779 proposui.
1320 4711 1400 4763 Care.
1417 4712 1563 4780 proposuit
1581 4706 1672 4760 firmat

406 4811 415 4828 .
473 4792 498 4830 a.
545 4793 572 4830 a.

437 4853 483 4908 16·
500 4851 535 4903 de
549 4849 628 4924 fine]
646 4852 707 4906 linc
726 4866 787 4918 est,
807 4851 841 4904 ds
858 4861 936 4905 etan
953 4851 1112 4926 definitivo.
1132 4855 1214 4910 Care.

435 4929 481 4982 25.
499 4934 528 4978 et
545 4927 716 4996 generalem]
735 4925 804 4982 vids
822 4941 903 4981 noras
946 4934 1052 4982 raxtme
1071 4935 1234 5001 superiores.
1253 4930 1337 4987 Care.

437 5003 483 5058 26.
502 5009 531 5052 et
550 5019 634 5054 anum
654 5001 814 5072 aliquando]
836 5003 911 5056 Male
941 5003 1070 5074 egebarur
1089 5005 1177 5060 olim:
1203 5015 1231 5060 et
1249 5025 1333 5059 sanum
1351 5007 1472 5078 uliqraam
1490 5005 1572 5080 (eod.
1585 4999 1689 5075 Ean),⁹

361 5069 438 5146 quoti
454 5074 658 5130 emendarimus
677 5095 710 5130 ex
729 5081 790 5150 ipso
808 5079 951 5133 Cicerone.
971 5078 1060 5134 Care.

438 5149 483 5208 lt.
500 5151 670 5206 iuridicialis
689 5151 724 5206 de
739 5157 899 5224 praeterito
916 5153 987 5226 een]
1023 5152 1092 5210 Vide
1111 5171 1141 5212 ut
1157 5157 1346 5212 Vtctcrtutaua
1371 5155 1512 5212 Ciceronis
1532 5160 1672 5232 interpre-
