4434 5959
554 614 617 681 ‘288
1089 618 1327 687 sonamus
1351 681 1355 695 .

548 754 813 841 significabatur,
845 756 967 825 evolvit
992 768 1088 843 etque
1115 760 1230 844 aperit.
1285 758 1374 827 Eius
1396 759 1598 844 &gummi
1615 758 1698 825 tolia
1719 757 1874 869 estser-

553 854 665 916 mulo:
700 856 761 919 Ius
788 850 886 917 ciuile
911 863 964 919 eat
984 852 1141 938 asperitas
1160 852 1349 918 constituta
1379 853 1437 928 iis,
1466 852 1527 938 qm·
1547 853 1701 917 eiusdem
1724 854 1873 919 οἱυιωιὶι

554 958 652 1022 sunt,
674 946 723 1009 ad
743 970 798 1011 res
827 967 910 1010 suas
931 946 1149 1012 obtinendas:
1179 948 1254 1013 eius
1283 959 1399 1011 mrtem
1419 946 1604 1033 aequorum
1627 947 1726 1011 utilia
1743 958 1798 1011 eat
1816 968 1873 1011 eo·

554 1041 689 1125 gnitioa
722 1041 820 1105 utitis
847 1052 899 1104 est
927 1062 1013 1124 ergo
1035 1040 1125 1105 iuria
1157 1041 1267 1106 ciuilia
1293 1040 1448 1106 scientia.
1503 1042 1565 1105 Est
1589 1039 1671 1103 enim
1703 1039 1870 1125 qrraestio,

530 1154 594 1202 san
627 1134 703 1199 iuris
734 1134 836 1198 civilis
864 1132 994 1197 scientia
1026 1135 1066 1198 sit
1097 1132 1198 1199 utilis.
1238 1136 1322 1199 .ch
1349 1134 1446 1220 igitur
1472 1132 1522 1197 ius
1543 1133 1638 1199 civile
1658 1133 1870 1215 supponitur,

555 1227 640 1291 utilis
662 1227 791 1291 scientia
812 1227 1025 1309 praedicatur.
1084 1225 1259 1307 Quaeritur
1279 1248 1377 1313 ergo,
1407 1248 1446 1289 an
1467 1227 1517 1303 id,
1541 1228 1629 1310 quod
1649 1224 1870 1308 praedicatur,

553 1340 632 1385 vere
663 1321 765 1404 possit
801 1323 974 1384 adhaerere
1002 1320 1161 1385 subiecto.
1218 1322 1327 1404 Ipsum
1357 1320 1456 1405 igitur
1477 1320 1526 1383 ius
1549 1319 1646 1383 civile
1667 1340 1731 1382 uon
1754 1330 1871 1402 potero

554 1419 592 1478 ad
607 1426 825 1501 argumentum
844 1435 979 1489 vocare3
1003 1417 1041 1479 de
1056 1435 1095 1478 eo
1111 1416 1193 1479 enim
1208 1413 1352 1500 quaestio
1367 1415 1539 1480 constituta
1554 1424 1614 1476 est.
1644 1411 1800 1494 Respicio
1810 1411 1871 1495 igi·

553 1520 623 1584 tur,
661 1508 736 1592 quid
766 1509 794 1573 ei
822 1509 863 1571 sit
891 1507 1029 1571 insitum.
1088 1509 1214 1583 Video,
1255 1511 1343 1593 quod
1373 1508 1474 1572 omnis
1505 1506 1646 1569 delinitio
1679 1507 1783 1568 abeo
1806 1525 1872 1568 nou

512 1602 748 1687 toseiungitur,
781 1604 869 1666 carius
892 1614 941 1666 est
961 1601 1120 1677 delinitio,
1155 1622 1194 1664 ne
1216 1622 1233 1663 a
1255 1600 1324 1664 iure
1344 1600 1431 1664 civili
1458 1599 1584 1684 quidem
1605 1598 1770 1681 propriam
1793 1596 1872 1660 dell·

553 1695 701 1761 nitioncrn
724 1717 819 1779 posse
842 1695 979 1780 seiungi.
1033 1695 1163 1759 Dellnio
1184 1695 1283 1779 igitur
1304 1696 1353 1759 ius
1374 1695 1488 1771 civile,
1512 1714 1550 1755 ac
1571 1694 1669 1756 dicor
1693 1696 1755 1759 Ius
1772 1692 1870 1755 civile

552 1801 603 1853 est
623 1790 780 1874 aequitas
799 1789 987 1854 constituto
1008 1788 1070 1861 iis,
1094 1790 1154 1873 qui
1175 1790 1327 1854 eiusdem
1346 1788 1497 1852 ciuitatis
1518 1798 1617 1860 aunt,
1639 1786 1688 1849 od
1708 1807 1767 1849 rea
1786 1798 1879 1849 mana·

552 1883 765 1947 obtinendos.
790 1884 871 1947 Post
880 1882 959 1945 haec
970 1882 1152 1959 considero,
1165 1905 1238 1945 num
1251 1884 1329 1947 baec
1340 1882 1481 1951 delin‘sio
1497 1880 1623 1964 reliquo
1635 1878 1789 1952 termino,
1808 1877 1877 1941 utili

552 1976 717 2051 scientiae,
741 1977 844 2058 possit
868 1996 937 2038 esse
957 1974 1145 2051 coniuncta,
1169 1976 1202 2039 id
1225 1988 1293 2053 est,
1318 1999 1358 2040 an
1376 1977 1519 2061 aequitas
1542 1972 1714 2039 constituta
1736 1972 1798 2043 iis,
1822 1971 1877 2055 qui

510 2092 540 2140 ις
553 2068 688 2133 eiusdem
709 2068 845 2132 civitatis
865 2078 956 2141 sirot,
981 2070 1083 2131 adres
1097 2090 1169 2133 suas
1185 2070 1390 2145 obtinendas,
1416 2069 1500 2133 utilis
1515 2066 1645 2131 scientia
1665 2066 1719 2129 sit.
1764 2066 1876 2127 Video

552 2181 620 2225 esse
642 2162 749 2225 utilem
774 2160 935 2225 scientiam
959 2162 1058 2225 dictae
1073 2164 1218 2247 superius
1241 2164 1417 2247 aequitatis.
1463 2160 1632 2227 Concludo
1654 2158 1781 2242 itaque:
1807 2154 1877 2241 lgi-

550 2264 605 2316 tur
630 2255 708 2319 iuris
731 2255 830 2319 civilis
851 2254 980 2319 scientia
1012 2256 1097 2318 utilis
1131 2268 1191 2320 est.
1234 2259 1310 2320 Hoc
1330 2258 1431 2343 igitur
1452 2264 1669 2339 argumentum
1694 2261 1744 2313 est
1769 2270 1815 2312 ea
1835 2270 1876 2313 eo

550 2349 644 2425 loco,
679 2351 733 2434 qui
754 2361 802 2413 est
824 2349 854 2413 in
885 2349 977 2432 ipso,
1010 2351 1076 2413 hoc
1094 2363 1163 2425 cst,
1194 2350 1224 2413 in
1247 2351 1316 2414 iure
1340 2350 1445 2414 civili:
1469 2348 1524 2433 qui
1542 2346 1694 2410 terminus
1716 2345 1748 2407 in
1774 2366 1876 2428 quae·

550 2443 652 2506 stione
673 2453 720 2506 est
741 2442 949 2519 constitutus,
972 2441 1024 2505 hic
1042 2456 1210 2507 vocatura
1231 2444 1435 2517 delinitionea
1458 2463 1539 2527 quae
1560 2438 1702 2504 delinitio
1721 2438 1875 2521 quoniam

508 2546 650 2601 aototum
673 2549 738 2613 est,
763 2546 981 2620 argumentum
999 2548 1046 2599 est
1066 2558 1083 2599 a
1101 2548 1186 2601 toto.
1245 2538 1355 2602 Omnis
1374 2548 1476 2601 autem
1498 2537 1626 2599 locuse
1653 2543 1724 2596 toto
1745 2532 1776 2595 in
1799 2532 1874 2613 ipso

551 2642 611 2694 est.
655 2632 727 2695 Nec
748 2650 806 2695 nos
830 2628 893 2691 ulla
915 2628 1071 2693 dubitatio
1088 2636 1269 2711 perturbet,
1295 2636 1381 2717 quod
1401 2632 1450 2695 ius
1472 2632 1564 2695 civile
1586 2640 1618 2690 et
1634 2646 1748 2689 rsrrsus
1768 2627 1873 2687 sciea-

550 2724 592 2787 tia
620 2724 705 2789 utilis
727 2726 876 2809 quaedam
903 2735 976 2785 suut
999 2726 1181 2800 orationes,
1216 2748 1294 2811 quas
1312 2740 1346 2791 ut
1366 2724 1519 2789 terminos
1541 2723 1749 2787 collocamus.
1795 2720 1872 2781 Non

549 2816 630 2881 enim
653 2820 754 2883 omnis
774 2816 923 2879 terminus
950 2816 1082 2897 simplici
1103 2820 1258 2883 orationis
1282 2832 1374 2901 parte
1395 2820 1578 2903 profertur,
1602 2817 1659 2877 sed
1679 2812 1872 2896 aliquotiens

550 2911 712 2977 orationes
734 2911 876 2993 integrae
905 2907 937 2971 in
959 2908 1099 2971 terminis
1128 2913 1375 2977 constituuntur.
1433 2912 1471 2975 lu
1501 2912 1559 2973 hac
1578 2909 1678 2995 igitur
1698 2926 1873 2987 argumen-

505 3018 537 3069 ts
548 3006 667 3071 tatione
690 3004 821 3069 inaximo
849 3002 1029 3085 propositio
1059 3022 1096 3063 ac
1116 3026 1175 3085 per
1198 3028 1232 3071 se
1254 3018 1329 3069 nota
1351 3016 1399 3069 est
1420 3026 1475 3078 ea,
1512 3024 1570 3086 per
1600 3022 1692 3086 quam
1718 2999 1872 3081 intelligi-

484 3164 489 3173 ,
549 3120 616 3161 mus
642 3098 765 3172 cornia,
797 3118 876 3179 quae
905 3094 1078 3160 definitioni
1105 3098 1234 3161 alicuius
1259 3100 1515 3183 coniunguntur,
1540 3097 1609 3177 ipsa
1631 3114 1761 3176 quoque
1785 3092 1869 3165 illis,

549 3213 685 3275 quorum
712 3190 853 3255 delinitio
882 3202 949 3265 est,
984 3211 1024 3252 ex
1048 3192 1232 3255 necessitate
1254 3192 1412 3274 copulari.
1469 3189 1621 3275 Sequitur
1642 3187 1745 3263 enim,
1770 3208 1869 3271 quum

548 3284 688 3349 delinitio
722 3284 797 3346 iuris
832 3281 933 3348 civilis
963 3281 1030 3345 utili
1059 3282 1210 3349 scientiae
1238 3286 1339 3366 possit
1373 3284 1518 3366 adiungi,
1552 3295 1617 3345 tum
1646 3302 1777 3364 qnoque
1805 3280 1869 3345 iuri

548 3378 634 3441 cirili
663 3376 769 3440 utilem
798 3374 958 3439 scientiam
991 3394 1085 3456 posse
1122 3378 1277 3460 copulari.
1337 3380 1396 3443 Est
1424 3378 1523 3461 igitur
1554 3379 1616 3439 hoc
1646 3384 1867 3458 argumentum

507 3480 537 3530 ao
549 3482 679 3533 tractum
701 3472 740 3531 ab
760 3490 799 3531 co
819 3469 916 3543 loco,
941 3470 994 3553 qui
1009 3482 1056 3531 est
1078 3470 1108 3531 in
1132 3471 1204 3554 ipso
1218 3492 1228 3533 ι
1258 3471 1360 3534 omnis
1375 3472 1455 3533 enlm
1472 3469 1612 3531 delinitio
1625 3467 1655 3529 in
1670 3488 1710 3531 eo
1726 3468 1867 3529 termino

546 3574 606 3636 est,
630 3584 721 3646 quem
737 3560 854 3624 deficit.
898 3564 1018 3624 Eorum
1039 3574 1143 3625 auteur
1166 3564 1323 3638 locorum,
1348 3564 1455 3649 quiin
1477 3564 1546 3645 ipso
1569 3573 1652 3637 sunt,
1677 3571 1757 3623 esta
1773 3571 1866 3624 toto:

548 3654 651 3721 ornuis
681 3654 761 3717 enim
789 3652 928 3716 delinitio
951 3663 1050 3717 totum
1081 3667 1235 3719 monstrat
1261 3667 1356 3740 atque
1378 3655 1492 3737 aperit.
1549 3655 1690 3717 Maxima
1712 3652 1868 3737 proposi·

546 3748 611 3812 tior
646 3749 768 3828 eribus
790 3747 967 3831 aliquorum
991 3748 1132 3813 delinitio
1151 3748 1311 3833 iungitur,
1349 3751 1465 3813 eisdem
1488 3748 1667 3813 necessario
1688 3768 1744 3824 ca,
1783 3768 1866 3832 quas

548 3841 758 3917 definiuntur,
782 3848 941 3922 aptantur.

503 3948 534 4000 tt
632 3934 728 4017 (Cap.
753 3934 785 3997 2.
808 3939 839 4011 §.
865 3934 930 4012 10.)
955 3934 1045 3997 Tum
1062 3937 1217 4017 partium
1238 3970 1279 3983 -
1300 3972 1342 3985 -
1363 3971 1405 3983 -
1425 3937 1537 4021 igitur
1557 3936 1654 4001 liber.

629 4030 677 4094 Sit
699 4026 863 4113 quaestio,
902 4036 1005 4091 utrum
1037 4029 1168 4113 aliquis,
1204 4052 1296 4113 quem
1330 4052 1456 4093 servium
1486 4052 1556 4094 esse
1584 4030 1783 4106 constiterit,
1820 4027 1862 4093 sit

543 4124 639 4187 liber.
695 4122 843 4186 Faciendi
871 4121 963 4185 liberi
985 4133 1050 4183 tres
1079 4134 1151 4185 sunt
1178 4134 1306 4205 partes:
1340 4145 1399 4185 ιιιιι
1421 4125 1581 4207 quidem„
1607 4136 1639 4186 ut
1661 4146 1758 4186 censu
1780 4124 1863 4186 liber

529 4218 585 4281 sit
604 4241 612 4293 ς
632 4219 840 4281 censebantur
861 4216 942 4279 eninr
964 4215 1136 4299 antiquitus
1158 4217 1219 4279 soli
1239 4218 1326 4280 cives
1351 4220 1499 4281 Romani.
1543 4218 1577 4281 Si
1592 4218 1663 4302 quis
1680 4239 1763 4303 ergo
1781 4238 1862 4282 con·

544 4312 695 4385 sentiente
715 4312 766 4373 vel
788 4311 915 4373 iubente
941 4310 1070 4373 donnino
1095 4330 1207 4372 nomen
1230 4310 1391 4373 detulisset
1411 4310 1442 4372 in
1465 4332 1611 4385 censum,
1635 4311 1714 4373 ciris
1737 4312 1861 4375 Roma·

502 4414 600 4467 tonrrs
623 4405 719 4468 llebat
738 4415 768 4465 et
797 4402 958 4466 servitutis
981 4402 1106 4467 vinculo
1135 4403 1342 4477 solvebatur,
1377 4416 1469 4487 atque
1493 4407 1555 4466 hoc
1576 4416 1644 4467 erat
1665 4425 1762 4469 censu
1790 4403 1860 4469 lieri

545 4496 694 4571 liberum,
726 4516 785 4578 per
813 4516 999 4559 consensum
1022 4495 1138 4560 domini
1167 4490 1279 4559 nomen
1306 4497 1486 4560 incensum
1508 4498 1688 4563 delerreet
1710 4499 1792 4563 effici
1814 4498 1859 4562 ci·

543 4610 615 4652 vem
640 4590 828 4653 Romanum.
886 4590 967 4655 Erat
989 4588 1079 4652 etiam
1101 4608 1176 4671 pars
1202 4589 1301 4653 altera
1324 4592 1542 4673 adipiscendae
1569 4594 1742 4666 libertatis,
1777 4612 1858 4677 qnae

543 4682 679 4745 vindicta
705 4684 891 4745 vocabatur.
940 4682 1087 4746 Vindicta
1111 4702 1192 4746 vero
1221 4694 1269 4746 est
1292 4683 1414 4769 virgula
1440 4688 1611 4769 quaedam,
1645 4706 1739 4767 quam
1762 4684 1859 4750 lictor

543 4774 776 4841 manumittendi
799 4774 884 4839 servi
911 4776 1005 4858 capiti
1034 4776 1200 4859 imponens
1229 4780 1360 4842 eundem
1382 4799 1511 4843 servum
1532 4778 1563 4841 in
1585 4780 1765 4845 libertatem
1788 4781 1857 4845 vin·

617 5006 644 5063 0.
670 5008 770 5071 potero
799 5028 818 5042 -
845 5028 865 5041 ·
896 4998 1015 5069 uocare]
1043 4998 1119 5051 lllns.
1150 4998 1220 5051 Vsu.
1253 4998 1330 5053 Βιιι.
1366 5028 1397 5043 -
1427 5007 1523 5071 potest
1550 5031 1581 5043 -·
1597 5034 1615 5045 -
1638 5006 1740 5051 vecors·
1769 5002 1855 5055 Parti.

541 5082 587 5135 22.
612 5076 686 5149 quod
702 5106 721 5120 -
741 5110 758 5121 .
781 5072 860 5145 sient]
878 5078 1006 5145 preamva's
1023 5102 1042 5117 -
1061 5104 1080 5118 -
1098 5078 1157 5125 stat
1174 5072 1249 5126 Etnr.
1300 5078 1348 5131 22.
1375 5081 1520 5128 crationes
1536 5090 1594 5129 om.
1613 5074 1691 5133 tim.
1736 5078 1785 5135 81.
1804 5094 1856 5131 eo·

541 5152 602 5205 dem
621 5160 715 5205 autem
734 5150 817 5217 loco,
834 5154 880 5219 qut
898 5154 929 5201 tra
946 5152 1008 5219 ipso
1026 5156 1090 5217 eat,
1110 5156 1140 5201 et
1156 5166 1177 5204 o
1193 5156 1256 5201 toto
1272 5150 1351 5207 Eine.
1371 5151 1447 5205 Boas.
