<?xml version="1.0" encoding="UTF-8"?>
<!DOCTYPE html PUBLIC "-//W3C//DTD XHTML 1.0 Transitional//EN"
    "http://www.w3.org/TR/xhtml1/DTD/xhtml1-transitional.dtd">
<html xmlns="http://www.w3.org/1999/xhtml" xml:lang="en" lang="en">
 <head>
  <title>
</title>
<meta http-equiv="Content-Type" content="text/html;charset=utf-8" />
  <meta name='ocr-system' content='tesseract 3.04.00' />
  <meta name='ocr-capabilities' content='ocr_page ocr_carea ocr_par ocr_line ocrx_word'/>
</head>
<body>
  <div class='ocr_page' id='page_1' title='image "./operaquaesupers09halmgoog/operaquaesupers09halmgoog_0276.png"; bbox 0 0 4434 5959; ppageno 0'>
   <div class='ocr_carea' id='block_1_1' title="bbox 563 620 1440 690">
    <p class='ocr_par' dir='ltr' id='par_1_1' title="bbox 563 620 1440 690">
     <span class='ocr_line' id='line_1_1' title="bbox 563 620 1440 690; baseline 0.008 -7"><span class='ocrx_word' id='word_1_1' title='bbox 563 620 625 683; x_wconf 72' lang='lat'>26⁰</span> <span class='ocrx_word' id='word_1_2' title='bbox 1012 620 1056 688; x_wconf 87' lang='lat' dir='ltr'>C.</span> <span class='ocrx_word' id='word_1_3' title='bbox 1079 622 1237 689; x_wconf 80' lang='lat' dir='ltr'><strong>IULIUS</strong></span> <span class='ocrx_word' id='word_1_4' title='bbox 1259 622 1440 690; x_wconf 79' lang='lat' dir='ltr'>VICTOR</span> 
     </span>
    </p>
   </div>
   <div class='ocr_carea' id='block_1_2' title="bbox 450 760 1950 4960">
    <p class='ocr_par' dir='ltr' id='par_1_2' title="bbox 450 760 1950 4960">
     <span class='ocr_line' id='line_1_2' title="bbox 561 760 1876 850; baseline 0.004 -25"><span class='ocrx_word' id='word_1_5' title='bbox 561 760 694 828; x_wconf 84' lang='lat' dir='ltr'>leniter:</span> <span class='ocrx_word' id='word_1_6' title='bbox 731 762 807 829; x_wconf 91' lang='lat' dir='ltr'>nolo</span> <span class='ocrx_word' id='word_1_7' title='bbox 830 762 947 828; x_wconf 91' lang='lat' dir='ltr'>rustice</span> <span class='ocrx_word' id='word_1_8' title='bbox 976 784 1014 827; x_wconf 89' lang='lat' dir='ltr'>ac</span> <span class='ocrx_word' id='word_1_9' title='bbox 1034 764 1215 848; x_wconf 74' lang='lat' dir='ltr'>praefracte</span> <span class='ocrx_word' id='word_1_10' title='bbox 1237 785 1275 827; x_wconf 89' lang='lat' dir='ltr'>ac</span> <span class='ocrx_word' id='word_1_11' title='bbox 1294 786 1365 829; x_wconf 91' lang='lat' dir='ltr'>cnm</span> <span class='ocrx_word' id='word_1_12' title='bbox 1387 766 1528 829; x_wconf 92' lang='lat' dir='ltr'>clamore</span> <span class='ocrx_word' id='word_1_13' title='bbox 1545 778 1710 850; x_wconf 87' lang='lat' dir='ltr'>erumpat,</span> <span class='ocrx_word' id='word_1_14' title='bbox 1735 769 1793 831; x_wconf 87' lang='lat' dir='ltr'>sed</span> <span class='ocrx_word' id='word_1_15' title='bbox 1819 788 1876 830; x_wconf 88' lang='lat' dir='ltr'>nec</span> 
     </span>
     <span class='ocr_line' id='line_1_3' title="bbox 558 858 1875 943; baseline 0.002 -23"><span class='ocrx_word' id='word_1_16' title='bbox 558 868 717 940; x_wconf 89' lang='lat' dir='ltr'>perpetuo</span> <span class='ocrx_word' id='word_1_17' title='bbox 740 869 772 921; x_wconf 89' lang='lat' dir='ltr'>et</span> <span class='ocrx_word' id='word_1_18' title='bbox 803 858 1002 922; x_wconf 77' lang='lat' dir='ltr'>uniformiter</span> <span class='ocrx_word' id='word_1_19' title='bbox 1028 860 1224 923; x_wconf 73' lang='lat' dir='ltr'>vociferetur</span> <span class='ocrx_word' id='word_1_20' title='bbox 1249 859 1368 923; x_wconf 86' lang='lat' dir='ltr'>oratio.</span> <span class='ocrx_word' id='word_1_21' title='bbox 1425 860 1496 923; x_wconf 90' lang='lat' dir='ltr'>Pro</span> <span class='ocrx_word' id='word_1_22' title='bbox 1528 860 1629 935; x_wconf 89' lang='lat' dir='ltr'>locis,</span> <span class='ocrx_word' id='word_1_23' title='bbox 1664 882 1726 943; x_wconf 91' lang='lat' dir='ltr'>pro</span> <span class='ocrx_word' id='word_1_24' title='bbox 1755 864 1875 936; x_wconf 88' lang='lat' dir='ltr'>rebns,</span> 
     </span>
     <span class='ocr_line' id='line_1_4' title="bbox 557 950 1875 1035; baseline 0.002 -22"><span class='ocrx_word' id='word_1_25' title='bbox 557 971 620 1033; x_wconf 90' lang='lat' dir='ltr'>pro</span> <span class='ocrx_word' id='word_1_26' title='bbox 643 950 806 1033; x_wconf 90' lang='lat' dir='ltr'>personis,</span> <span class='ocrx_word' id='word_1_27' title='bbox 830 972 891 1035; x_wconf 92' lang='lat' dir='ltr'>pro</span> <span class='ocrx_word' id='word_1_28' title='bbox 906 952 1031 1028; x_wconf 88' lang='lat' dir='ltr'>causis,</span> <span class='ocrx_word' id='word_1_29' title='bbox 1054 972 1117 1035; x_wconf 89' lang='lat' dir='ltr'>pro</span> <span class='ocrx_word' id='word_1_30' title='bbox 1138 952 1355 1034; x_wconf 78' lang='lat' dir='ltr'>temporibus,</span> <span class='ocrx_word' id='word_1_31' title='bbox 1378 952 1459 1015; x_wconf 88' lang='lat' dir='ltr'>sicut</span> <span class='ocrx_word' id='word_1_32' title='bbox 1478 953 1510 1015; x_wconf 90' lang='lat' dir='ltr'>in</span> <span class='ocrx_word' id='word_1_33' title='bbox 1531 951 1712 1016; x_wconf 82' lang='lat' dir='ltr'>elocutione</span> <span class='ocrx_word' id='word_1_34' title='bbox 1726 952 1875 1029; x_wconf 79' lang='lat' dir='ltr'>didicisti,</span> 
     </span>
     <span class='ocr_line' id='line_1_5' title="bbox 561 1043 1878 1127; baseline 0.003 -20"><span class='ocrx_word' id='word_1_35' title='bbox 561 1043 710 1109; x_wconf 83' lang='lat' dir='ltr'>varianda</span> <span class='ocrx_word' id='word_1_36' title='bbox 733 1056 793 1109; x_wconf 86' lang='lat' dir='ltr'>est.</span> <span class='ocrx_word' id='word_1_37' title='bbox 848 1046 923 1109; x_wconf 88' lang='lat' dir='ltr'>Eris</span> <span class='ocrx_word' id='word_1_38' title='bbox 951 1046 1033 1109; x_wconf 91' lang='lat' dir='ltr'>enim</span> <span class='ocrx_word' id='word_1_39' title='bbox 1065 1046 1278 1127; x_wconf 85' lang='lat' dir='ltr'>ineptissimus</span> <span class='ocrx_word' id='word_1_40' title='bbox 1307 1049 1477 1109; x_wconf 86' lang='lat' dir='ltr'>secundnm</span> <span class='ocrx_word' id='word_1_41' title='bbox 1499 1047 1606 1110; x_wconf 87' lang='lat' dir='ltr'>Marci</span> <span class='ocrx_word' id='word_1_42' title='bbox 1627 1047 1727 1109; x_wconf 84' lang='lat' dir='ltr'>Tullii</span> <span class='ocrx_word' id='word_1_43' title='bbox 1748 1059 1878 1111; x_wconf 87' lang='lat' dir='ltr'>senten·</span> 
     </span>
     <span class='ocr_line' id='line_1_6' title="bbox 533 1137 1876 1223; baseline 0.001 -22"><span class='ocrx_word' id='word_1_44' title='bbox 533 1138 652 1214; x_wconf 72' lang='lat' dir='ltr'>triam,</span> <span class='ocrx_word' id='word_1_45' title='bbox 686 1137 746 1203; x_wconf 90' lang='lat' dir='ltr'>nisi</span> <span class='ocrx_word' id='word_1_46' title='bbox 769 1140 905 1205; x_wconf 90' lang='lat' dir='ltr'>omnium</span> <span class='ocrx_word' id='word_1_47' title='bbox 928 1140 1042 1202; x_wconf 91' lang='lat' dir='ltr'>borum</span> <span class='ocrx_word' id='word_1_48' title='bbox 1065 1138 1150 1203; x_wconf 79' lang='lat' dir='ltr'>rau&#39;o</span> <span class='ocrx_word' id='word_1_49' title='bbox 1171 1140 1343 1222; x_wconf 79' lang='lat' dir='ltr'>diligenter</span> <span class='ocrx_word' id='word_1_50' title='bbox 1364 1140 1530 1203; x_wconf 82' lang='lat' dir='ltr'>lrabeatur.</span> <span class='ocrx_word' id='word_1_51' title='bbox 1580 1141 1654 1203; x_wconf 79' lang='lat' dir='ltr'>Alia</span> <span class='ocrx_word' id='word_1_52' title='bbox 1675 1140 1876 1223; x_wconf 77' lang='lat' dir='ltr'>simplicitate</span> 
     </span>
     <span class='ocr_line' id='line_1_7' title="bbox 558 1232 1878 1309; baseline 0.001 -14"><span class='ocrx_word' id='word_1_53' title='bbox 558 1235 746 1295; x_wconf 89' lang='lat' dir='ltr'>narrandum</span> <span class='ocrx_word' id='word_1_54' title='bbox 769 1244 837 1307; x_wconf 89' lang='lat' dir='ltr'>est,</span> <span class='ocrx_word' id='word_1_55' title='bbox 860 1233 919 1296; x_wconf 89' lang='lat' dir='ltr'>alia</span> <span class='ocrx_word' id='word_1_56' title='bbox 942 1232 1135 1297; x_wconf 88' lang='lat' dir='ltr'>auctoritate</span> <span class='ocrx_word' id='word_1_57' title='bbox 1156 1236 1346 1296; x_wconf 86' lang='lat' dir='ltr'>suadendum</span> <span class='ocrx_word' id='word_1_58' title='bbox 1369 1245 1435 1309; x_wconf 79' lang='lat' dir='ltr'>est3</span> <span class='ocrx_word' id='word_1_59' title='bbox 1457 1236 1516 1298; x_wconf 91' lang='lat' dir='ltr'>alia</span> <span class='ocrx_word' id='word_1_60' title='bbox 1538 1235 1785 1300; x_wconf 86' lang='lat' dir='ltr'>inflammatione</span> <span class='ocrx_word' id='word_1_61' title='bbox 1800 1257 1878 1299; x_wconf 92' lang='lat' dir='ltr'>con·</span> 
     </span>
     <span class='ocr_line' id='line_1_8' title="bbox 554 1326 1877 1412; baseline 0.002 -23"><span class='ocrx_word' id='word_1_62' title='bbox 554 1338 668 1411; x_wconf 84' lang='lat' dir='ltr'>surgat</span> <span class='ocrx_word' id='word_1_63' title='bbox 696 1329 761 1403; x_wconf 90' lang='lat' dir='ltr'>ira,</span> <span class='ocrx_word' id='word_1_64' title='bbox 795 1328 874 1391; x_wconf 89' lang='lat' dir='ltr'>alius</span> <span class='ocrx_word' id='word_1_65' title='bbox 902 1327 1005 1389; x_wconf 78' lang='lat' dir='ltr'>flexus</span> <span class='ocrx_word' id='word_1_66' title='bbox 1035 1326 1269 1389; x_wconf 74' lang='lat' dir='ltr'>miserationem</span> <span class='ocrx_word' id='word_1_67' title='bbox 1291 1329 1405 1401; x_wconf 89' lang='lat' dir='ltr'>decet,</span> <span class='ocrx_word' id='word_1_68' title='bbox 1429 1328 1509 1391; x_wconf 88' lang='lat' dir='ltr'>alius</span> <span class='ocrx_word' id='word_1_69' title='bbox 1531 1342 1718 1412; x_wconf 79' lang='lat' dir='ltr'>rogantem:</span> <span class='ocrx_word' id='word_1_70' title='bbox 1759 1340 1794 1391; x_wconf 93' lang='lat' dir='ltr'>et</span> <span class='ocrx_word' id='word_1_71' title='bbox 1817 1332 1877 1391; x_wconf 85' lang='lat' dir='ltr'>noc</span> 
     </span>
     <span class='ocr_line' id='line_1_9' title="bbox 558 1418 1876 1505; baseline 0 -22"><span class='ocrx_word' id='word_1_72' title='bbox 558 1420 720 1504; x_wconf 89' lang='lat' dir='ltr'>acceperis</span> <span class='ocrx_word' id='word_1_73' title='bbox 744 1434 990 1505; x_wconf 88' lang='lat' dir='ltr'>propterquam</span> <span class='ocrx_word' id='word_1_74' title='bbox 1013 1422 1164 1484; x_wconf 86' lang='lat' dir='ltr'>maximas</span> <span class='ocrx_word' id='word_1_75' title='bbox 1192 1420 1242 1481; x_wconf 85' lang='lat' dir='ltr'>rel</span> <span class='ocrx_word' id='word_1_76' title='bbox 1264 1418 1474 1504; x_wconf 83' lang='lat' dir='ltr'>panegyricas</span> <span class='ocrx_word' id='word_1_77' title='bbox 1495 1422 1662 1485; x_wconf 80' lang='lat' dir='ltr'>dictiones.</span> <span class='ocrx_word' id='word_1_78' title='bbox 1719 1421 1876 1486; x_wconf 87' lang='lat' dir='ltr'>Ceterum</span> 
     </span>
     <span class='ocr_line' id='line_1_10' title="bbox 556 1512 1877 1599; baseline 0 -22"><span class='ocrx_word' id='word_1_79' title='bbox 556 1514 583 1577; x_wconf 93' lang='lat' dir='ltr'>si</span> <span class='ocrx_word' id='word_1_80' title='bbox 613 1518 696 1599; x_wconf 84' lang='lat' dir='ltr'>apud</span> <span class='ocrx_word' id='word_1_81' title='bbox 724 1518 898 1597; x_wconf 79' lang='lat' dir='ltr'>pedaneum</span> <span class='ocrx_word' id='word_1_82' title='bbox 927 1514 1061 1578; x_wconf 84' lang='lat' dir='ltr'>iudicem</span> <span class='ocrx_word' id='word_1_83' title='bbox 1098 1514 1140 1577; x_wconf 91' lang='lat' dir='ltr'>sit</span> <span class='ocrx_word' id='word_1_84' title='bbox 1166 1512 1294 1596; x_wconf 79' lang='lat' dir='ltr'>privata</span> <span class='ocrx_word' id='word_1_85' title='bbox 1324 1512 1488 1595; x_wconf 81' lang='lat' dir='ltr'>cognitio,</span> <span class='ocrx_word' id='word_1_86' title='bbox 1524 1517 1565 1577; x_wconf 94' lang='lat' dir='ltr'>ad</span> <span class='ocrx_word' id='word_1_87' title='bbox 1598 1517 1877 1580; x_wconf 80' lang='lat' dir='ltr'>sermocinationis</span> 
     </span>
     <span class='ocr_line' id='line_1_11' title="bbox 516 1606 1876 1693; baseline 0.007 -30"><span class='ocrx_word' id='word_1_88' title='bbox 516 1608 657 1671; x_wconf 82' lang='lat' dir='ltr'>tovicem</span> <span class='ocrx_word' id='word_1_89' title='bbox 687 1608 921 1692; x_wconf 82' lang='lat' dir='ltr'>deprimendam</span> <span class='ocrx_word' id='word_1_90' title='bbox 953 1608 1110 1671; x_wconf 85' lang='lat' dir='ltr'>actionem</span> <span class='ocrx_word' id='word_1_91' title='bbox 1139 1606 1234 1670; x_wconf 86' lang='lat' dir='ltr'>etiarn</span> <span class='ocrx_word' id='word_1_92' title='bbox 1263 1625 1327 1668; x_wconf 89' lang='lat' dir='ltr'>non</span> <span class='ocrx_word' id='word_1_93' title='bbox 1356 1606 1534 1670; x_wconf 88' lang='lat' dir='ltr'>admonitus</span> <span class='ocrx_word' id='word_1_94' title='bbox 1561 1606 1731 1693; x_wconf 80' lang='lat' dir='ltr'>intelliges.</span> <span class='ocrx_word' id='word_1_95' title='bbox 1787 1610 1876 1673; x_wconf 84' lang='lat' dir='ltr'>Sicut</span> 
     </span>
     <span class='ocr_line' id='line_1_12' title="bbox 555 1699 1876 1784; baseline 0 -19"><span class='ocrx_word' id='word_1_96' title='bbox 555 1706 635 1767; x_wconf 90' lang='lat' dir='ltr'>enim</span> <span class='ocrx_word' id='word_1_97' title='bbox 658 1702 690 1767; x_wconf 92' lang='lat' dir='ltr'>in</span> <span class='ocrx_word' id='word_1_98' title='bbox 713 1704 898 1767; x_wconf 82' lang='lat' dir='ltr'>sublimibus</span> <span class='ocrx_word' id='word_1_99' title='bbox 926 1702 1165 1784; x_wconf 84' lang='lat' dir='ltr'>quiaestionibns</span> <span class='ocrx_word' id='word_1_100' title='bbox 1194 1699 1314 1763; x_wconf 86' lang='lat' dir='ltr'>deiecta</span> <span class='ocrx_word' id='word_1_101' title='bbox 1336 1710 1368 1763; x_wconf 87' lang='lat' dir='ltr'>et</span> <span class='ocrx_word' id='word_1_102' title='bbox 1395 1700 1502 1764; x_wconf 90' lang='lat' dir='ltr'>iacens</span> <span class='ocrx_word' id='word_1_103' title='bbox 1524 1704 1741 1783; x_wconf 88' lang='lat' dir='ltr'>pronuntiatio</span> <span class='ocrx_word' id='word_1_104' title='bbox 1764 1703 1876 1767; x_wconf 88' lang='lat' dir='ltr'>defor-</span> 
     </span>
     <span class='ocr_line' id='line_1_13' title="bbox 553 1794 1872 1877; baseline -0.003 -16"><span class='ocrx_word' id='word_1_105' title='bbox 553 1796 610 1861; x_wconf 89' lang='lat' dir='ltr'>mis</span> <span class='ocrx_word' id='word_1_106' title='bbox 632 1810 697 1869; x_wconf 89' lang='lat' dir='ltr'>eat,</span> <span class='ocrx_word' id='word_1_107' title='bbox 722 1796 763 1859; x_wconf 91' lang='lat' dir='ltr'>ita</span> <span class='ocrx_word' id='word_1_108' title='bbox 785 1796 815 1857; x_wconf 91' lang='lat' dir='ltr'>in</span> <span class='ocrx_word' id='word_1_109' title='bbox 839 1797 946 1877; x_wconf 82' lang='lat' dir='ltr'>parvis</span> <span class='ocrx_word' id='word_1_110' title='bbox 968 1796 1048 1857; x_wconf 90' lang='lat' dir='ltr'>elata</span> <span class='ocrx_word' id='word_1_111' title='bbox 1070 1807 1101 1857; x_wconf 93' lang='lat' dir='ltr'>et</span> <span class='ocrx_word' id='word_1_112' title='bbox 1123 1794 1264 1859; x_wconf 88' lang='lat' dir='ltr'>clamosa</span> <span class='ocrx_word' id='word_1_113' title='bbox 1293 1794 1438 1857; x_wconf 77' lang='lat' dir='ltr'>rideatur</span> <span class='ocrx_word' id='word_1_114' title='bbox 1459 1816 1589 1858; x_wconf 88' lang='lat' dir='ltr'>necesse</span> <span class='ocrx_word' id='word_1_115' title='bbox 1602 1808 1657 1858; x_wconf 87' lang='lat' dir='ltr'>-est</span> <span class='ocrx_word' id='word_1_116' title='bbox 1677 1796 1804 1860; x_wconf 84' lang='lat' dir='ltr'>furiosa</span> <span class='ocrx_word' id='word_1_117' title='bbox 1827 1807 1872 1857; x_wconf 90' lang='lat' dir='ltr'>at·</span> 
     </span>
     <span class='ocr_line' id='line_1_14' title="bbox 552 1886 1872 1975; baseline -0.002 -22"><span class='ocrx_word' id='word_1_118' title='bbox 552 1912 615 1975; x_wconf 82' lang='lat' dir='ltr'>quie</span> <span class='ocrx_word' id='word_1_119' title='bbox 643 1888 828 1953; x_wconf 84' lang='lat' dir='ltr'>deridicula.</span> <span class='ocrx_word' id='word_1_120' title='bbox 886 1888 925 1951; x_wconf 92' lang='lat' dir='ltr'>In</span> <span class='ocrx_word' id='word_1_121' title='bbox 956 1886 1215 1970; x_wconf 88' lang='lat' dir='ltr'>pronuntiatione</span> <span class='ocrx_word' id='word_1_122' title='bbox 1242 1889 1383 1950; x_wconf 80' lang='lat' dir='ltr'>habenda</span> <span class='ocrx_word' id='word_1_123' title='bbox 1415 1900 1463 1951; x_wconf 88' lang='lat' dir='ltr'>est</span> <span class='ocrx_word' id='word_1_124' title='bbox 1491 1888 1573 1951; x_wconf 91' lang='lat' dir='ltr'>ratio</span> <span class='ocrx_word' id='word_1_125' title='bbox 1595 1889 1769 1972; x_wconf 83' lang='lat' dir='ltr'>diligenter</span> <span class='ocrx_word' id='word_1_126' title='bbox 1791 1910 1872 1974; x_wconf 85' lang='lat' dir='ltr'>qnos</span> 
     </span>
     <span class='ocr_line' id='line_1_15' title="bbox 450 1981 1871 2067; baseline -0.005 -18"><span class='ocrx_word' id='word_1_127' title='bbox 450 2036 455 2049; x_wconf 91' lang='lat'>.</span> <span class='ocrx_word' id='word_1_128' title='bbox 552 1984 704 2056; x_wconf 88' lang='lat' dir='ltr'>imiteris,</span> <span class='ocrx_word' id='word_1_129' title='bbox 729 2002 931 2067; x_wconf 80' lang='lat' dir='ltr'>quiorumque</span> <span class='ocrx_word' id='word_1_130' title='bbox 951 1982 1060 2045; x_wconf 89' lang='lat' dir='ltr'>similis</span> <span class='ocrx_word' id='word_1_131' title='bbox 1082 2002 1152 2045; x_wconf 90' lang='lat' dir='ltr'>esse</span> <span class='ocrx_word' id='word_1_132' title='bbox 1176 1981 1267 2044; x_wconf 80' lang='lat' dir='ltr'>velis.</span> <span class='ocrx_word' id='word_1_133' title='bbox 1311 1982 1428 2066; x_wconf 81' lang='lat' dir='ltr'>quue</span> <span class='ocrx_word' id='word_1_134' title='bbox 1449 1982 1710 2064; x_wconf 89' lang='lat' dir='ltr'>impensissimum</span> <span class='ocrx_word' id='word_1_135' title='bbox 1732 1985 1871 2045; x_wconf 78' lang='lat' dir='ltr'>studium</span> 
     </span>
     <span class='ocr_line' id='line_1_16' title="bbox 510 2073 1870 2161; baseline -0.002 -21"><span class='ocrx_word' id='word_1_136' title='bbox 510 2084 647 2141; x_wconf 80' lang='lat' dir='ltr'>¹⁵curae</span> <span class='ocrx_word' id='word_1_137' title='bbox 669 2088 701 2139; x_wconf 88' lang='lat' dir='ltr'>et</span> <span class='ocrx_word' id='word_1_138' title='bbox 723 2074 840 2139; x_wconf 86' lang='lat' dir='ltr'>laboris</span> <span class='ocrx_word' id='word_1_139' title='bbox 863 2075 1022 2137; x_wconf 87' lang='lat' dir='ltr'>intendas:</span> <span class='ocrx_word' id='word_1_140' title='bbox 1050 2076 1125 2161; x_wconf 82' lang='lat' dir='ltr'>quia</span> <span class='ocrx_word' id='word_1_141' title='bbox 1158 2074 1218 2138; x_wconf 86' lang='lat' dir='ltr'>etsi</span> <span class='ocrx_word' id='word_1_142' title='bbox 1239 2076 1278 2137; x_wconf 88' lang='lat' dir='ltr'>ad</span> <span class='ocrx_word' id='word_1_143' title='bbox 1299 2073 1567 2155; x_wconf 89' lang='lat' dir='ltr'>pronuntiationis</span> <span class='ocrx_word' id='word_1_144' title='bbox 1588 2077 1713 2139; x_wconf 90' lang='lat' dir='ltr'>laudem</span> <span class='ocrx_word' id='word_1_145' title='bbox 1735 2096 1870 2157; x_wconf 84' lang='lat' dir='ltr'>pracee-</span> 
     </span>
     <span class='ocr_line' id='line_1_17' title="bbox 550 2166 1870 2256; baseline -0.002 -23"><span class='ocrx_word' id='word_1_146' title='bbox 550 2184 604 2256; x_wconf 92' lang='lat' dir='ltr'>pta</span> <span class='ocrx_word' id='word_1_147' title='bbox 627 2183 659 2235; x_wconf 89' lang='lat' dir='ltr'>te</span> <span class='ocrx_word' id='word_1_148' title='bbox 681 2173 815 2243; x_wconf 90' lang='lat' dir='ltr'>ducant,</span> <span class='ocrx_word' id='word_1_149' title='bbox 839 2168 1022 2233; x_wconf 83' lang='lat' dir='ltr'>incredibile</span> <span class='ocrx_word' id='word_1_150' title='bbox 1044 2180 1110 2245; x_wconf 88' lang='lat' dir='ltr'>est,</span> <span class='ocrx_word' id='word_1_151' title='bbox 1133 2178 1254 2254; x_wconf 79' lang='lat' dir='ltr'>quiante</span> <span class='ocrx_word' id='word_1_152' title='bbox 1276 2166 1375 2253; x_wconf 83' lang='lat' dir='ltr'>magis</span> <span class='ocrx_word' id='word_1_153' title='bbox 1392 2171 1494 2232; x_wconf 80' lang='lat' dir='ltr'>valeat</span> <span class='ocrx_word' id='word_1_154' title='bbox 1514 2172 1552 2232; x_wconf 88' lang='lat' dir='ltr'>ad</span> <span class='ocrx_word' id='word_1_155' title='bbox 1574 2172 1738 2233; x_wconf 86' lang='lat' dir='ltr'>banerem</span> <span class='ocrx_word' id='word_1_156' title='bbox 1764 2171 1870 2233; x_wconf 77' lang='lat' dir='ltr'>vivum</span> 
     </span>
     <span class='ocr_line' id='line_1_18' title="bbox 550 2262 1870 2347; baseline -0.002 -20"><span class='ocrx_word' id='word_1_157' title='bbox 550 2265 741 2347; x_wconf 83' lang='lat' dir='ltr'>exemplum.</span> <span class='ocrx_word' id='word_1_158' title='bbox 792 2264 834 2325; x_wconf 87' lang='lat' dir='ltr'>Et</span> <span class='ocrx_word' id='word_1_159' title='bbox 863 2264 1000 2325; x_wconf 91' lang='lat' dir='ltr'>intuendi</span> <span class='ocrx_word' id='word_1_160' title='bbox 1022 2264 1079 2326; x_wconf 90' lang='lat' dir='ltr'>tibi</span> <span class='ocrx_word' id='word_1_161' title='bbox 1108 2262 1298 2327; x_wconf 76' lang='lat' dir='ltr'>consulum</span> <span class='ocrx_word' id='word_1_162' title='bbox 1320 2274 1469 2326; x_wconf 89' lang='lat' dir='ltr'>oratores</span> <span class='ocrx_word' id='word_1_163' title='bbox 1489 2262 1520 2326; x_wconf 91' lang='lat' dir='ltr'>in</span> <span class='ocrx_word' id='word_1_164' title='bbox 1543 2264 1780 2346; x_wconf 88' lang='lat' dir='ltr'>pronuntiando</span> <span class='ocrx_word' id='word_1_165' title='bbox 1804 2264 1870 2326; x_wconf 92' lang='lat' dir='ltr'>lau·</span> 
     </span>
     <span class='ocr_line' id='line_1_19' title="bbox 551 2355 1870 2433; baseline -0.003 -12"><span class='ocrx_word' id='word_1_166' title='bbox 551 2358 637 2433; x_wconf 89' lang='lat' dir='ltr'>dati,</span> <span class='ocrx_word' id='word_1_167' title='bbox 661 2355 829 2421; x_wconf 88' lang='lat' dir='ltr'>sedetiam</span> <span class='ocrx_word' id='word_1_168' title='bbox 851 2368 977 2419; x_wconf 86' lang='lat' dir='ltr'>actores</span> <span class='ocrx_word' id='word_1_169' title='bbox 998 2356 1141 2419; x_wconf 87' lang='lat' dir='ltr'>scenici:</span> <span class='ocrx_word' id='word_1_170' title='bbox 1176 2377 1240 2419; x_wconf 91' lang='lat' dir='ltr'>non</span> <span class='ocrx_word' id='word_1_171' title='bbox 1263 2366 1368 2417; x_wconf 90' lang='lat' dir='ltr'>tamen</span> <span class='ocrx_word' id='word_1_172' title='bbox 1388 2356 1448 2431; x_wconf 91' lang='lat' dir='ltr'>ita,</span> <span class='ocrx_word' id='word_1_173' title='bbox 1479 2367 1513 2419; x_wconf 91' lang='lat' dir='ltr'>nt</span> <span class='ocrx_word' id='word_1_174' title='bbox 1535 2360 1574 2419; x_wconf 90' lang='lat' dir='ltr'>ad</span> <span class='ocrx_word' id='word_1_175' title='bbox 1584 2358 1740 2421; x_wconf 51' lang='lat' dir='ltr'>scenicos</span> <span class='ocrx_word' id='word_1_176' title='bbox 1764 2367 1870 2419; x_wconf 71' lang='lat' dir='ltr'>motin</span> 
     </span>
     <span class='ocr_line' id='line_1_20' title="bbox 551 2449 1869 2534; baseline -0.005 -19"><span class='ocrx_word' id='word_1_177' title='bbox 551 2451 723 2527; x_wconf 87' lang='lat' dir='ltr'>deferaris,</span> <span class='ocrx_word' id='word_1_178' title='bbox 753 2450 864 2513; x_wconf 88' lang='lat' dir='ltr'>sedin</span> <span class='ocrx_word' id='word_1_179' title='bbox 885 2462 1034 2534; x_wconf 79' lang='lat' dir='ltr'>quiantum</span> <span class='ocrx_word' id='word_1_180' title='bbox 1056 2462 1105 2513; x_wconf 91' lang='lat' dir='ltr'>sat</span> <span class='ocrx_word' id='word_1_181' title='bbox 1128 2460 1240 2511; x_wconf 84' lang='lat' dir='ltr'>estex</span> <span class='ocrx_word' id='word_1_182' title='bbox 1260 2449 1309 2511; x_wconf 92' lang='lat' dir='ltr'>bis</span> <span class='ocrx_word' id='word_1_183' title='bbox 1330 2450 1371 2510; x_wconf 90' lang='lat' dir='ltr'>ad</span> <span class='ocrx_word' id='word_1_184' title='bbox 1392 2449 1660 2531; x_wconf 88' lang='lat' dir='ltr'>pronuntiationis</span> <span class='ocrx_word' id='word_1_185' title='bbox 1681 2459 1869 2513; x_wconf 87' lang='lat' dir='ltr'>ornamenta</span> 
     </span>
     <span class='ocr_line' id='line_1_21' title="bbox 506 2541 1868 2619; baseline -0.006 -9"><span class='ocrx_word' id='word_1_186' title='bbox 506 2550 539 2598; x_wconf 78' lang='lat'>²⁰</span> <span class='ocrx_word' id='word_1_187' title='bbox 551 2546 688 2610; x_wconf 82' lang='lat' dir='ltr'>derives.</span> <span class='ocrx_word' id='word_1_188' title='bbox 738 2546 807 2607; x_wconf 86' lang='lat' dir='ltr'>Nec</span> <span class='ocrx_word' id='word_1_189' title='bbox 838 2544 918 2606; x_wconf 92' lang='lat' dir='ltr'>enim</span> <span class='ocrx_word' id='word_1_190' title='bbox 947 2544 1041 2606; x_wconf 89' lang='lat' dir='ltr'>etiam</span> <span class='ocrx_word' id='word_1_191' title='bbox 1074 2541 1209 2607; x_wconf 86' lang='lat' dir='ltr'>tenuitas</span> <span class='ocrx_word' id='word_1_192' title='bbox 1237 2541 1391 2605; x_wconf 76' lang='lat' dir='ltr'>femineae</span> <span class='ocrx_word' id='word_1_193' title='bbox 1421 2542 1512 2607; x_wconf 83' lang='lat' dir='ltr'>vocis</span> <span class='ocrx_word' id='word_1_194' title='bbox 1538 2542 1684 2605; x_wconf 89' lang='lat' dir='ltr'>imitanda</span> <span class='ocrx_word' id='word_1_195' title='bbox 1707 2554 1777 2619; x_wconf 87' lang='lat' dir='ltr'>est,</span> <span class='ocrx_word' id='word_1_196' title='bbox 1817 2552 1868 2603; x_wconf 92' lang='lat' dir='ltr'>ant</span> 
     </span>
     <span class='ocr_line' id='line_1_22' title="bbox 550 2633 1867 2721; baseline -0.007 -18"><span class='ocrx_word' id='word_1_197' title='bbox 550 2639 690 2705; x_wconf 86' lang='lat' dir='ltr'>seniliter</span> <span class='ocrx_word' id='word_1_198' title='bbox 711 2638 925 2711; x_wconf 86' lang='lat' dir='ltr'>tremendum,</span> <span class='ocrx_word' id='word_1_199' title='bbox 950 2646 1004 2697; x_wconf 92' lang='lat' dir='ltr'>aut</span> <span class='ocrx_word' id='word_1_200' title='bbox 1026 2635 1165 2699; x_wconf 86' lang='lat' dir='ltr'>ebrietas</span> <span class='ocrx_word' id='word_1_201' title='bbox 1187 2634 1385 2698; x_wconf 85' lang='lat' dir='ltr'>vacillatione</span> <span class='ocrx_word' id='word_1_202' title='bbox 1408 2636 1610 2719; x_wconf 82' lang='lat' dir='ltr'>exprimenda</span> <span class='ocrx_word' id='word_1_203' title='bbox 1633 2649 1701 2700; x_wconf 84' lang='lat' dir='ltr'>est:</span> <span class='ocrx_word' id='word_1_204' title='bbox 1738 2638 1816 2721; x_wconf 82' lang='lat' dir='ltr'>quia</span> <span class='ocrx_word' id='word_1_205' title='bbox 1838 2633 1867 2695; x_wconf 86' lang='lat' dir='ltr'>in</span> 
     </span>
     <span class='ocr_line' id='line_1_23' title="bbox 549 2728 1865 2817; baseline -0.005 -22"><span class='ocrx_word' id='word_1_206' title='bbox 549 2730 810 2817; x_wconf 86' lang='lat' dir='ltr'>pronuntiatione</span> <span class='ocrx_word' id='word_1_207' title='bbox 838 2728 977 2792; x_wconf 78' lang='lat' dir='ltr'>oratoris</span> <span class='ocrx_word' id='word_1_208' title='bbox 1006 2728 1038 2791; x_wconf 91' lang='lat' dir='ltr'>id</span> <span class='ocrx_word' id='word_1_209' title='bbox 1072 2729 1225 2791; x_wconf 84' lang='lat' dir='ltr'>maximae</span> <span class='ocrx_word' id='word_1_210' title='bbox 1253 2728 1315 2791; x_wconf 89' lang='lat' dir='ltr'>erit</span> <span class='ocrx_word' id='word_1_211' title='bbox 1336 2730 1434 2803; x_wconf 91' lang='lat' dir='ltr'>artis,</span> <span class='ocrx_word' id='word_1_212' title='bbox 1471 2750 1511 2792; x_wconf 89' lang='lat' dir='ltr'>ne</span> <span class='ocrx_word' id='word_1_213' title='bbox 1532 2752 1583 2792; x_wconf 91' lang='lat' dir='ltr'>ars</span> <span class='ocrx_word' id='word_1_214' title='bbox 1605 2752 1675 2792; x_wconf 89' lang='lat' dir='ltr'>esse</span> <span class='ocrx_word' id='word_1_215' title='bbox 1698 2731 1865 2791; x_wconf 85' lang='lat' dir='ltr'>videatur:</span> 
     </span>
     <span class='ocr_line' id='line_1_24' title="bbox 548 2822 1950 2909; baseline -0.002 -18"><span class='ocrx_word' id='word_1_216' title='bbox 548 2826 750 2909; x_wconf 83' lang='lat' dir='ltr'>tenebiaque,</span> <span class='ocrx_word' id='word_1_217' title='bbox 774 2836 808 2886; x_wconf 93' lang='lat' dir='ltr'>ut</span> <span class='ocrx_word' id='word_1_218' title='bbox 831 2822 978 2907; x_wconf 81' lang='lat' dir='ltr'>quictiens</span> <span class='ocrx_word' id='word_1_219' title='bbox 994 2822 1231 2885; x_wconf 88' lang='lat' dir='ltr'>exclamandum</span> <span class='ocrx_word' id='word_1_220' title='bbox 1254 2822 1338 2896; x_wconf 90' lang='lat' dir='ltr'>erit,</span> <span class='ocrx_word' id='word_1_221' title='bbox 1363 2822 1469 2885; x_wconf 89' lang='lat' dir='ltr'>lateris</span> <span class='ocrx_word' id='word_1_222' title='bbox 1490 2836 1623 2886; x_wconf 89' lang='lat' dir='ltr'>conatus</span> <span class='ocrx_word' id='word_1_223' title='bbox 1642 2824 1683 2886; x_wconf 84' lang='lat' dir='ltr'>sit</span> <span class='ocrx_word' id='word_1_224' title='bbox 1704 2822 1781 2899; x_wconf 87' lang='lat' dir='ltr'>ille,</span> <span class='ocrx_word' id='word_1_225' title='bbox 1804 2843 1866 2884; x_wconf 87' lang='lat' dir='ltr'>non</span> <span class='ocrx_word' id='word_1_226' title='bbox 1949 2881 1950 2888; x_wconf 72' lang='grc'>,</span> 
     </span>
     <span class='ocr_line' id='line_1_25' title="bbox 549 2915 1868 3006; baseline -0.007 -21"><span class='ocrx_word' id='word_1_227' title='bbox 549 2922 686 3006; x_wconf 85' lang='lat' dir='ltr'>capitist</span> <span class='ocrx_word' id='word_1_228' title='bbox 719 2930 755 2983; x_wconf 90' lang='lat' dir='ltr'>ut</span> <span class='ocrx_word' id='word_1_229' title='bbox 776 2930 883 3002; x_wconf 83' lang='lat' dir='ltr'>gestus</span> <span class='ocrx_word' id='word_1_230' title='bbox 905 2920 945 2978; x_wconf 94' lang='lat' dir='ltr'>ad</span> <span class='ocrx_word' id='word_1_231' title='bbox 968 2938 1104 2990; x_wconf 80' lang='lat' dir='ltr'>rocem,</span> <span class='ocrx_word' id='word_1_232' title='bbox 1132 2917 1238 2979; x_wconf 85' lang='lat' dir='ltr'>vultus</span> <span class='ocrx_word' id='word_1_233' title='bbox 1259 2920 1300 2979; x_wconf 87' lang='lat' dir='ltr'>ad</span> <span class='ocrx_word' id='word_1_234' title='bbox 1322 2928 1445 3001; x_wconf 81' lang='lat' dir='ltr'>gestum</span> <span class='ocrx_word' id='word_1_235' title='bbox 1467 2920 1738 2981; x_wconf 84' lang='lat' dir='ltr'>accommodetur.</span> <span class='ocrx_word' id='word_1_236' title='bbox 1788 2915 1868 2979; x_wconf 90' lang='lat' dir='ltr'>lllud</span> 
     </span>
     <span class='ocr_line' id='line_1_26' title="bbox 450 3006 1867 3093; baseline -0.007 -14"><span class='ocrx_word' id='word_1_237' title='bbox 450 3080 455 3089; x_wconf 83' lang='grc'>,</span> <span class='ocrx_word' id='word_1_238' title='bbox 505 3014 537 3063; x_wconf 83' lang='lat'>²⁵</span> <span class='ocrx_word' id='word_1_239' title='bbox 550 3037 614 3079; x_wconf 89' lang='lat' dir='ltr'>non</span> <span class='ocrx_word' id='word_1_240' title='bbox 635 3012 704 3077; x_wconf 85' lang='lat' dir='ltr'>sine</span> <span class='ocrx_word' id='word_1_241' title='bbox 725 3032 819 3075; x_wconf 75' lang='lat' dir='ltr'>caum</span> <span class='ocrx_word' id='word_1_242' title='bbox 841 3023 889 3075; x_wconf 86' lang='lat' dir='ltr'>est</span> <span class='ocrx_word' id='word_1_243' title='bbox 912 3014 952 3073; x_wconf 93' lang='lat' dir='ltr'>ab</span> <span class='ocrx_word' id='word_1_244' title='bbox 975 3010 1121 3074; x_wconf 87' lang='lat' dir='ltr'>omnibus</span> <span class='ocrx_word' id='word_1_245' title='bbox 1142 3022 1365 3092; x_wconf 87' lang='lat' dir='ltr'>praeceptum,</span> <span class='ocrx_word' id='word_1_246' title='bbox 1404 3022 1438 3072; x_wconf 92' lang='lat' dir='ltr'>ut</span> <span class='ocrx_word' id='word_1_247' title='bbox 1464 3022 1614 3093; x_wconf 88' lang='lat' dir='ltr'>parcatur</span> <span class='ocrx_word' id='word_1_248' title='bbox 1635 3011 1771 3073; x_wconf 82' lang='lat' dir='ltr'>maxime</span> <span class='ocrx_word' id='word_1_249' title='bbox 1797 3006 1867 3072; x_wconf 86' lang='lat' dir='ltr'>voci</span> 
     </span>
     <span class='ocr_line' id='line_1_27' title="bbox 548 3102 1864 3187; baseline -0.008 -15"><span class='ocrx_word' id='word_1_250' title='bbox 548 3110 579 3172; x_wconf 89' lang='lat' dir='ltr'>in</span> <span class='ocrx_word' id='word_1_251' title='bbox 602 3109 658 3172; x_wconf 92' lang='lat' dir='ltr'>illo</span> <span class='ocrx_word' id='word_1_252' title='bbox 679 3127 697 3169; x_wconf 91' lang='lat' dir='ltr'>a</span> <span class='ocrx_word' id='word_1_253' title='bbox 719 3104 852 3185; x_wconf 88' lang='lat' dir='ltr'>pueritia</span> <span class='ocrx_word' id='word_1_254' title='bbox 874 3104 905 3167; x_wconf 90' lang='lat' dir='ltr'>in</span> <span class='ocrx_word' id='word_1_255' title='bbox 928 3104 1174 3166; x_wconf 86' lang='lat' dir='ltr'>adolescentiam</span> <span class='ocrx_word' id='word_1_256' title='bbox 1198 3104 1348 3179; x_wconf 89' lang='lat' dir='ltr'>transitu,</span> <span class='ocrx_word' id='word_1_257' title='bbox 1373 3103 1446 3187; x_wconf 84' lang='lat' dir='ltr'>qiria</span> <span class='ocrx_word' id='word_1_258' title='bbox 1468 3104 1652 3166; x_wconf 89' lang='lat' dir='ltr'>naturaliter</span> <span class='ocrx_word' id='word_1_259' title='bbox 1674 3102 1864 3186; x_wconf 63' lang='lat' dir='ltr'>impeditum</span> 
     </span>
     <span class='ocr_line' id='line_1_28' title="bbox 548 3198 1866 3281; baseline -0.007 -16"><span class='ocrx_word' id='word_1_260' title='bbox 548 3223 629 3277; x_wconf 86' lang='lat' dir='ltr'>non,</span> <span class='ocrx_word' id='word_1_261' title='bbox 661 3212 695 3263; x_wconf 89' lang='lat' dir='ltr'>nt</span> <span class='ocrx_word' id='word_1_262' title='bbox 717 3200 874 3273; x_wconf 89' lang='lat' dir='ltr'>arbitror,</span> <span class='ocrx_word' id='word_1_263' title='bbox 908 3208 1045 3279; x_wconf 91' lang='lat' dir='ltr'>propter</span> <span class='ocrx_word' id='word_1_264' title='bbox 1074 3198 1232 3271; x_wconf 89' lang='lat' dir='ltr'>calorem,</span> <span class='ocrx_word' id='word_1_265' title='bbox 1271 3208 1306 3259; x_wconf 92' lang='lat' dir='ltr'>ut</span> <span class='ocrx_word' id='word_1_266' title='bbox 1326 3198 1450 3281; x_wconf 73' lang='lat' dir='ltr'>nitidam</span> <span class='ocrx_word' id='word_1_267' title='bbox 1473 3209 1691 3279; x_wconf 77' lang='lat' dir='ltr'>putauerunt3</span> <span class='ocrx_word' id='word_1_268' title='bbox 1725 3218 1798 3257; x_wconf 85' lang='lat' dir='ltr'>nam</span> <span class='ocrx_word' id='word_1_269' title='bbox 1820 3206 1866 3257; x_wconf 86' lang='lat' dir='ltr'>est</span> 
     </span>
     <span class='ocr_line' id='line_1_29' title="bbox 548 3288 1862 3374; baseline -0.005 -17"><span class='ocrx_word' id='word_1_270' title='bbox 548 3294 651 3357; x_wconf 83' lang='lat' dir='ltr'>maior</span> <span class='ocrx_word' id='word_1_271' title='bbox 671 3292 768 3365; x_wconf 79' lang='lat' dir='ltr'>alias3</span> <span class='ocrx_word' id='word_1_272' title='bbox 800 3292 855 3353; x_wconf 89' lang='lat' dir='ltr'>aed</span> <span class='ocrx_word' id='word_1_273' title='bbox 877 3303 1012 3373; x_wconf 91' lang='lat' dir='ltr'>propter</span> <span class='ocrx_word' id='word_1_274' title='bbox 1034 3291 1198 3353; x_wconf 88' lang='lat' dir='ltr'>humorem</span> <span class='ocrx_word' id='word_1_275' title='bbox 1220 3289 1349 3371; x_wconf 87' lang='lat' dir='ltr'>potius:</span> <span class='ocrx_word' id='word_1_276' title='bbox 1382 3311 1450 3351; x_wconf 91' lang='lat' dir='ltr'>nam</span> <span class='ocrx_word' id='word_1_277' title='bbox 1473 3302 1558 3352; x_wconf 88' lang='lat' dir='ltr'>aetas</span> <span class='ocrx_word' id='word_1_278' title='bbox 1580 3291 1630 3352; x_wconf 90' lang='lat' dir='ltr'>illa</span> <span class='ocrx_word' id='word_1_279' title='bbox 1652 3288 1862 3374; x_wconf 82' lang='lat' dir='ltr'>inturgesrit:</span> 
     </span>
     <span class='ocr_line' id='line_1_30' title="bbox 548 3382 1865 3471; baseline -0.007 -20"><span class='ocrx_word' id='word_1_280' title='bbox 548 3389 654 3471; x_wconf 87' lang='lat' dir='ltr'>itaque</span> <span class='ocrx_word' id='word_1_281' title='bbox 676 3406 769 3448; x_wconf 88' lang='lat' dir='ltr'>nares</span> <span class='ocrx_word' id='word_1_282' title='bbox 790 3383 882 3447; x_wconf 90' lang='lat' dir='ltr'>etiam</span> <span class='ocrx_word' id='word_1_283' title='bbox 904 3396 935 3446; x_wconf 89' lang='lat' dir='ltr'>et</span> <span class='ocrx_word' id='word_1_284' title='bbox 957 3396 1069 3463; x_wconf 90' lang='lat' dir='ltr'>pectus</span> <span class='ocrx_word' id='word_1_285' title='bbox 1089 3405 1131 3447; x_wconf 88' lang='lat' dir='ltr'>eo</span> <span class='ocrx_word' id='word_1_286' title='bbox 1153 3395 1297 3463; x_wconf 90' lang='lat' dir='ltr'>tempore</span> <span class='ocrx_word' id='word_1_287' title='bbox 1319 3395 1438 3445; x_wconf 91' lang='lat' dir='ltr'>tument</span> <span class='ocrx_word' id='word_1_288' title='bbox 1459 3396 1553 3467; x_wconf 82' lang='lat' dir='ltr'>atque</span> <span class='ocrx_word' id='word_1_289' title='bbox 1568 3384 1671 3447; x_wconf 90' lang='lat' dir='ltr'>omnia</span> <span class='ocrx_word' id='word_1_290' title='bbox 1689 3382 1777 3444; x_wconf 85' lang='lat' dir='ltr'>relut</span> <span class='ocrx_word' id='word_1_291' title='bbox 1792 3404 1865 3467; x_wconf 81' lang='lat' dir='ltr'>ger·</span> 
     </span>
     <span class='ocr_line' id='line_1_31' title="bbox 507 3476 1864 3561; baseline -0.006 -18"><span class='ocrx_word' id='word_1_292' title='bbox 507 3496 538 3543; x_wconf 83' lang='lat' dir='ltr'>tu</span> <span class='ocrx_word' id='word_1_293' title='bbox 550 3479 685 3553; x_wconf 88' lang='lat' dir='ltr'>minant,</span> <span class='ocrx_word' id='word_1_294' title='bbox 708 3477 844 3561; x_wconf 85' lang='lat' dir='ltr'>ideoque</span> <span class='ocrx_word' id='word_1_295' title='bbox 865 3487 936 3539; x_wconf 80' lang='lat' dir='ltr'>stunt</span> <span class='ocrx_word' id='word_1_296' title='bbox 958 3488 1065 3539; x_wconf 86' lang='lat' dir='ltr'>tenera</span> <span class='ocrx_word' id='word_1_297' title='bbox 1088 3487 1119 3538; x_wconf 89' lang='lat' dir='ltr'>et</span> <span class='ocrx_word' id='word_1_298' title='bbox 1143 3477 1274 3540; x_wconf 88' lang='lat' dir='ltr'>iniuriae</span> <span class='ocrx_word' id='word_1_299' title='bbox 1289 3477 1442 3540; x_wconf 81' lang='lat' dir='ltr'>obnoxia.</span> <span class='ocrx_word' id='word_1_300' title='bbox 1488 3479 1553 3539; x_wconf 81' lang='lat' dir='ltr'>lain</span> <span class='ocrx_word' id='word_1_301' title='bbox 1576 3478 1672 3561; x_wconf 84' lang='lat' dir='ltr'>igitur</span> <span class='ocrx_word' id='word_1_302' title='bbox 1693 3476 1864 3538; x_wconf 86' lang='lat' dir='ltr'>confirma·</span> 
     </span>
     <span class='ocr_line' id='line_1_32' title="bbox 550 3568 1863 3654; baseline -0.005 -17"><span class='ocrx_word' id='word_1_303' title='bbox 550 3588 599 3637; x_wconf 90' lang='lat' dir='ltr'>tae</span> <span class='ocrx_word' id='word_1_304' title='bbox 631 3572 886 3654; x_wconf 83' lang='lat' dir='ltr'>constitutaeque</span> <span class='ocrx_word' id='word_1_305' title='bbox 922 3568 995 3632; x_wconf 81' lang='lat' dir='ltr'>voci</span> <span class='ocrx_word' id='word_1_306' title='bbox 1027 3569 1179 3651; x_wconf 88' lang='lat' dir='ltr'>optimum</span> <span class='ocrx_word' id='word_1_307' title='bbox 1212 3592 1312 3653; x_wconf 84' lang='lat' dir='ltr'>genus</span> <span class='ocrx_word' id='word_1_308' title='bbox 1346 3571 1583 3634; x_wconf 86' lang='lat' dir='ltr'>exercitationis</span> <span class='ocrx_word' id='word_1_309' title='bbox 1604 3584 1669 3646; x_wconf 87' lang='lat' dir='ltr'>est,</span> <span class='ocrx_word' id='word_1_310' title='bbox 1707 3572 1798 3653; x_wconf 87' lang='lat' dir='ltr'>qnod</span> <span class='ocrx_word' id='word_1_311' title='bbox 1818 3577 1863 3630; x_wconf 86' lang='lat' dir='ltr'>est</span> 
     </span>
     <span class='ocr_line' id='line_1_33' title="bbox 551 3660 1864 3749; baseline -0.003 -20"><span class='ocrx_word' id='word_1_312' title='bbox 551 3665 658 3749; x_wconf 84' lang='lat' dir='ltr'>operis</span> <span class='ocrx_word' id='word_1_313' title='bbox 680 3662 889 3735; x_wconf 84' lang='lat' dir='ltr'>simillimum,</span> <span class='ocrx_word' id='word_1_314' title='bbox 926 3660 1031 3724; x_wconf 89' lang='lat' dir='ltr'>dicere</span> <span class='ocrx_word' id='word_1_315' title='bbox 1053 3661 1216 3743; x_wconf 83' lang='lat' dir='ltr'>qrtotidie,</span> <span class='ocrx_word' id='word_1_316' title='bbox 1246 3663 1328 3726; x_wconf 89' lang='lat' dir='ltr'>sicut</span> <span class='ocrx_word' id='word_1_317' title='bbox 1349 3667 1503 3749; x_wconf 83' lang='lat' dir='ltr'>agendum</span> <span class='ocrx_word' id='word_1_318' title='bbox 1526 3679 1587 3729; x_wconf 87' lang='lat' dir='ltr'>est.</span> <span class='ocrx_word' id='word_1_319' title='bbox 1632 3668 1780 3749; x_wconf 82' lang='lat' dir='ltr'>Namque</span> <span class='ocrx_word' id='word_1_320' title='bbox 1803 3664 1864 3725; x_wconf 83' lang='lat' dir='ltr'>noe</span> 
     </span>
     <span class='ocr_line' id='line_1_34' title="bbox 549 3754 1863 3840; baseline -0.006 -15"><span class='ocrx_word' id='word_1_321' title='bbox 549 3762 643 3825; x_wconf 82' lang='lat' dir='ltr'>inodo</span> <span class='ocrx_word' id='word_1_322' title='bbox 667 3780 729 3823; x_wconf 91' lang='lat' dir='ltr'>non</span> <span class='ocrx_word' id='word_1_323' title='bbox 753 3778 817 3820; x_wconf 86' lang='lat' dir='ltr'>vox</span> <span class='ocrx_word' id='word_1_324' title='bbox 841 3766 959 3817; x_wconf 91' lang='lat' dir='ltr'>tantum</span> <span class='ocrx_word' id='word_1_325' title='bbox 981 3754 1188 3817; x_wconf 83' lang='lat' dir='ltr'>confirmatur</span> <span class='ocrx_word' id='word_1_326' title='bbox 1209 3767 1240 3819; x_wconf 91' lang='lat' dir='ltr'>et</span> <span class='ocrx_word' id='word_1_327' title='bbox 1262 3758 1363 3832; x_wconf 90' lang='lat' dir='ltr'>latus,</span> <span class='ocrx_word' id='word_1_328' title='bbox 1386 3759 1555 3821; x_wconf 90' lang='lat' dir='ltr'>sedetiam</span> <span class='ocrx_word' id='word_1_329' title='bbox 1577 3759 1726 3840; x_wconf 87' lang='lat' dir='ltr'>corporis</span> <span class='ocrx_word' id='word_1_330' title='bbox 1748 3761 1863 3820; x_wconf 89' lang='lat' dir='ltr'>decens</span> 
     </span>
     <span class='ocr_line' id='line_1_35' title="bbox 547 3848 1863 3936; baseline -0.007 -17"><span class='ocrx_word' id='word_1_331' title='bbox 547 3867 581 3919; x_wconf 90' lang='lat' dir='ltr'>et</span> <span class='ocrx_word' id='word_1_332' title='bbox 612 3852 866 3917; x_wconf 89' lang='lat' dir='ltr'>accommodatus</span> <span class='ocrx_word' id='word_1_333' title='bbox 896 3848 1032 3911; x_wconf 87' lang='lat' dir='ltr'>orationi</span> <span class='ocrx_word' id='word_1_334' title='bbox 1066 3859 1169 3911; x_wconf 90' lang='lat' dir='ltr'>motus</span> <span class='ocrx_word' id='word_1_335' title='bbox 1197 3852 1413 3932; x_wconf 89' lang='lat' dir='ltr'>componitur.</span> <span class='ocrx_word' id='word_1_336' title='bbox 1471 3852 1573 3915; x_wconf 86' lang='lat' dir='ltr'>Vocis</span> <span class='ocrx_word' id='word_1_337' title='bbox 1602 3872 1733 3936; x_wconf 81' lang='lat' dir='ltr'>quinque</span> <span class='ocrx_word' id='word_1_338' title='bbox 1765 3850 1863 3933; x_wconf 89' lang='lat' dir='ltr'>ipsius</span> 
     </span>
     <span class='ocr_line' id='line_1_36' title="bbox 505 3940 1862 4029; baseline -0.006 -18"><span class='ocrx_word' id='word_1_339' title='bbox 505 3964 644 4012; x_wconf 74' lang='lat' dir='ltr'>esaonus</span> <span class='ocrx_word' id='word_1_340' title='bbox 668 3966 770 4029; x_wconf 88' lang='lat' dir='ltr'>acque</span> <span class='ocrx_word' id='word_1_341' title='bbox 792 3954 902 4006; x_wconf 91' lang='lat' dir='ltr'>acutus</span> <span class='ocrx_word' id='word_1_342' title='bbox 926 3964 1028 4025; x_wconf 83' lang='lat' dir='ltr'>neque</span> <span class='ocrx_word' id='word_1_343' title='bbox 1054 3940 1144 4004; x_wconf 91' lang='lat' dir='ltr'>nimis</span> <span class='ocrx_word' id='word_1_344' title='bbox 1165 3944 1314 4007; x_wconf 88' lang='lat' dir='ltr'>remissus</span> <span class='ocrx_word' id='word_1_345' title='bbox 1335 3948 1500 4008; x_wconf 89' lang='lat' dir='ltr'>sectandus</span> <span class='ocrx_word' id='word_1_346' title='bbox 1521 3958 1587 4008; x_wconf 81' lang='lat' dir='ltr'>cst:</span> <span class='ocrx_word' id='word_1_347' title='bbox 1621 3964 1756 4029; x_wconf 84' lang='lat' dir='ltr'>natoque</span> <span class='ocrx_word' id='word_1_348' title='bbox 1777 3954 1811 4005; x_wconf 93' lang='lat' dir='ltr'>ut</span> <span class='ocrx_word' id='word_1_349' title='bbox 1831 3942 1862 4004; x_wconf 91' lang='lat' dir='ltr'>in</span> 
     </span>
     <span class='ocr_line' id='line_1_37' title="bbox 546 4035 1862 4123; baseline -0.006 -18"><span class='ocrx_word' id='word_1_350' title='bbox 546 4042 671 4117; x_wconf 82' lang='lat' dir='ltr'>neruis,</span> <span class='ocrx_word' id='word_1_351' title='bbox 697 4040 738 4104; x_wconf 88' lang='lat' dir='ltr'>ita</span> <span class='ocrx_word' id='word_1_352' title='bbox 761 4037 843 4101; x_wconf 91' lang='lat' dir='ltr'>etin</span> <span class='ocrx_word' id='word_1_353' title='bbox 867 4058 945 4100; x_wconf 88' lang='lat' dir='ltr'>voce</span> <span class='ocrx_word' id='word_1_354' title='bbox 967 4057 1033 4119; x_wconf 78' lang='lat' dir='ltr'>quio</span> <span class='ocrx_word' id='word_1_355' title='bbox 1055 4035 1235 4112; x_wconf 89' lang='lat' dir='ltr'>remissior,</span> <span class='ocrx_word' id='word_1_356' title='bbox 1268 4040 1332 4102; x_wconf 88' lang='lat' dir='ltr'>hoc</span> <span class='ocrx_word' id='word_1_357' title='bbox 1353 4040 1487 4123; x_wconf 81' lang='lat' dir='ltr'>gravior</span> <span class='ocrx_word' id='word_1_358' title='bbox 1508 4052 1540 4102; x_wconf 92' lang='lat' dir='ltr'>et</span> <span class='ocrx_word' id='word_1_359' title='bbox 1561 4040 1705 4121; x_wconf 86' lang='lat' dir='ltr'>plenior;</span> <span class='ocrx_word' id='word_1_360' title='bbox 1727 4058 1795 4121; x_wconf 88' lang='lat' dir='ltr'>quo</span> <span class='ocrx_word' id='word_1_361' title='bbox 1816 4037 1862 4097; x_wconf 91' lang='lat' dir='ltr'>in·</span> 
     </span>
     <span class='ocr_line' id='line_1_38' title="bbox 548 4128 1860 4213; baseline -0.005 -16"><span class='ocrx_word' id='word_1_362' title='bbox 548 4136 684 4209; x_wconf 83' lang='lat' dir='ltr'>lentior,</span> <span class='ocrx_word' id='word_1_363' title='bbox 722 4134 785 4195; x_wconf 88' lang='lat' dir='ltr'>hoc</span> <span class='ocrx_word' id='word_1_364' title='bbox 811 4128 912 4193; x_wconf 88' lang='lat' dir='ltr'>tenuis</span> <span class='ocrx_word' id='word_1_365' title='bbox 936 4142 965 4191; x_wconf 90' lang='lat' dir='ltr'>et</span> <span class='ocrx_word' id='word_1_366' title='bbox 996 4141 1106 4191; x_wconf 89' lang='lat' dir='ltr'>acutus</span> <span class='ocrx_word' id='word_1_367' title='bbox 1135 4131 1233 4213; x_wconf 85' lang='lat' dir='ltr'>magis</span> <span class='ocrx_word' id='word_1_368' title='bbox 1262 4143 1322 4195; x_wconf 85' lang='lat' dir='ltr'>est.</span> <span class='ocrx_word' id='word_1_369' title='bbox 1381 4135 1428 4197; x_wconf 90' lang='lat' dir='ltr'>lta</span> <span class='ocrx_word' id='word_1_370' title='bbox 1459 4155 1538 4197; x_wconf 84' lang='lat' dir='ltr'>tinus</span> <span class='ocrx_word' id='word_1_371' title='bbox 1566 4135 1626 4195; x_wconf 83' lang='lat' dir='ltr'>vim</span> <span class='ocrx_word' id='word_1_372' title='bbox 1658 4152 1721 4195; x_wconf 91' lang='lat' dir='ltr'>non</span> <span class='ocrx_word' id='word_1_373' title='bbox 1747 4132 1860 4201; x_wconf 88' lang='lat' dir='ltr'>babet,</span> 
     </span>
     <span class='ocr_line' id='line_1_39' title="bbox 547 4222 1861 4307; baseline -0.007 -16"><span class='ocrx_word' id='word_1_374' title='bbox 547 4250 685 4291; x_wconf 86' lang='lat' dir='ltr'>suminus</span> <span class='ocrx_word' id='word_1_375' title='bbox 705 4225 807 4307; x_wconf 86' lang='lat' dir='ltr'>rutupi</span> <span class='ocrx_word' id='word_1_376' title='bbox 834 4224 1048 4306; x_wconf 74' lang='lat' dir='ltr'>periclitatura</span> <span class='ocrx_word' id='word_1_377' title='bbox 1088 4234 1116 4283; x_wconf 90' lang='lat' dir='ltr'>et</span> <span class='ocrx_word' id='word_1_378' title='bbox 1140 4222 1257 4286; x_wconf 87' lang='lat' dir='ltr'>iccirco</span> <span class='ocrx_word' id='word_1_379' title='bbox 1281 4226 1388 4288; x_wconf 89' lang='lat' dir='ltr'>mediis</span> <span class='ocrx_word' id='word_1_380' title='bbox 1416 4230 1562 4289; x_wconf 89' lang='lat' dir='ltr'>utendum</span> <span class='ocrx_word' id='word_1_381' title='bbox 1584 4226 1689 4300; x_wconf 90' lang='lat' dir='ltr'>sonis,</span> <span class='ocrx_word' id='word_1_382' title='bbox 1728 4246 1769 4287; x_wconf 84' lang='lat' dir='ltr'>ex</span> <span class='ocrx_word' id='word_1_383' title='bbox 1790 4222 1861 4306; x_wconf 89' lang='lat' dir='ltr'>qui-</span> 
     </span>
     <span class='ocr_line' id='line_1_40' title="bbox 547 4314 1861 4385; baseline -0.006 -2"><span class='ocrx_word' id='word_1_384' title='bbox 547 4323 606 4383; x_wconf 93' lang='lat' dir='ltr'>bus</span> <span class='ocrx_word' id='word_1_385' title='bbox 627 4322 667 4384; x_wconf 91' lang='lat' dir='ltr'>sit</span> <span class='ocrx_word' id='word_1_386' title='bbox 688 4331 720 4383; x_wconf 84' lang='lat' dir='ltr'>et</span> <span class='ocrx_word' id='word_1_387' title='bbox 742 4318 926 4383; x_wconf 80' lang='lat' dir='ltr'>excitandae</span> <span class='ocrx_word' id='word_1_388' title='bbox 950 4314 1113 4379; x_wconf 88' lang='lat' dir='ltr'>intentioni</span> <span class='ocrx_word' id='word_1_389' title='bbox 1136 4329 1167 4378; x_wconf 90' lang='lat' dir='ltr'>et</span> <span class='ocrx_word' id='word_1_390' title='bbox 1183 4318 1411 4382; x_wconf 87' lang='lat' dir='ltr'>submittendac</span> <span class='ocrx_word' id='word_1_391' title='bbox 1426 4321 1572 4385; x_wconf 85' lang='lat' dir='ltr'>facultas.</span> <span class='ocrx_word' id='word_1_392' title='bbox 1616 4319 1861 4383; x_wconf 85' lang='lat' dir='ltr'>Observandum</span> 
     </span>
     <span class='ocr_line' id='line_1_41' title="bbox 503 4408 1860 4495; baseline -0.007 -17"><span class='ocrx_word' id='word_1_393' title='bbox 503 4415 658 4488; x_wconf 83' lang='lat' dir='ltr'>toetiam,</span> <span class='ocrx_word' id='word_1_394' title='bbox 690 4426 723 4475; x_wconf 92' lang='lat' dir='ltr'>ut</span> <span class='ocrx_word' id='word_1_395' title='bbox 743 4426 829 4475; x_wconf 84' lang='lat' dir='ltr'>reela</span> <span class='ocrx_word' id='word_1_396' title='bbox 851 4412 889 4473; x_wconf 89' lang='lat' dir='ltr'>sit</span> <span class='ocrx_word' id='word_1_397' title='bbox 911 4410 1026 4483; x_wconf 81' lang='lat' dir='ltr'>facies3</span> <span class='ocrx_word' id='word_1_398' title='bbox 1060 4431 1097 4471; x_wconf 92' lang='lat' dir='ltr'>ne</span> <span class='ocrx_word' id='word_1_399' title='bbox 1119 4410 1206 4472; x_wconf 92' lang='lat' dir='ltr'>labra</span> <span class='ocrx_word' id='word_1_400' title='bbox 1229 4413 1496 4495; x_wconf 86' lang='lat' dir='ltr'>detorqueantur,</span> <span class='ocrx_word' id='word_1_401' title='bbox 1528 4435 1567 4477; x_wconf 90' lang='lat' dir='ltr'>ne</span> <span class='ocrx_word' id='word_1_402' title='bbox 1588 4410 1773 4475; x_wconf 90' lang='lat' dir='ltr'>immodicus</span> <span class='ocrx_word' id='word_1_403' title='bbox 1795 4408 1860 4470; x_wconf 80' lang='lat' dir='ltr'>laia·</span> 
     </span>
     <span class='ocr_line' id='line_1_42' title="bbox 546 4503 1859 4585; baseline -0.005 -15"><span class='ocrx_word' id='word_1_404' title='bbox 546 4519 596 4570; x_wconf 88' lang='lat' dir='ltr'>tus</span> <span class='ocrx_word' id='word_1_405' title='bbox 626 4508 737 4569; x_wconf 88' lang='lat' dir='ltr'>rictum</span> <span class='ocrx_word' id='word_1_406' title='bbox 768 4505 947 4576; x_wconf 88' lang='lat' dir='ltr'>distendat,</span> <span class='ocrx_word' id='word_1_407' title='bbox 983 4524 1020 4565; x_wconf 93' lang='lat' dir='ltr'>ne</span> <span class='ocrx_word' id='word_1_408' title='bbox 1043 4504 1174 4585; x_wconf 87' lang='lat' dir='ltr'>supinus</span> <span class='ocrx_word' id='word_1_409' title='bbox 1198 4503 1323 4582; x_wconf 82' lang='lat' dir='ltr'>vultus,</span> <span class='ocrx_word' id='word_1_410' title='bbox 1360 4528 1400 4571; x_wconf 93' lang='lat' dir='ltr'>ne</span> <span class='ocrx_word' id='word_1_411' title='bbox 1422 4508 1537 4571; x_wconf 87' lang='lat' dir='ltr'>deiecti</span> <span class='ocrx_word' id='word_1_412' title='bbox 1557 4508 1589 4571; x_wconf 93' lang='lat' dir='ltr'>in</span> <span class='ocrx_word' id='word_1_413' title='bbox 1611 4518 1727 4569; x_wconf 90' lang='lat' dir='ltr'>terram</span> <span class='ocrx_word' id='word_1_414' title='bbox 1749 4503 1859 4573; x_wconf 84' lang='lat' dir='ltr'>oculi,</span> 
     </span>
     <span class='ocr_line' id='line_1_43' title="bbox 547 4594 1859 4683; baseline -0.006 -20"><span class='ocrx_word' id='word_1_415' title='bbox 547 4620 587 4663; x_wconf 89' lang='lat' dir='ltr'>nc</span> <span class='ocrx_word' id='word_1_416' title='bbox 609 4598 756 4661; x_wconf 91' lang='lat' dir='ltr'>inclinata</span> <span class='ocrx_word' id='word_1_417' title='bbox 779 4600 911 4671; x_wconf 83' lang='lat' dir='ltr'>cervix,</span> <span class='ocrx_word' id='word_1_418' title='bbox 946 4618 984 4659; x_wconf 91' lang='lat' dir='ltr'>nc</span> <span class='ocrx_word' id='word_1_419' title='bbox 1007 4597 1086 4659; x_wconf 91' lang='lat' dir='ltr'>elata</span> <span class='ocrx_word' id='word_1_420' title='bbox 1110 4608 1163 4659; x_wconf 90' lang='lat' dir='ltr'>aut</span> <span class='ocrx_word' id='word_1_421' title='bbox 1183 4599 1331 4679; x_wconf 87' lang='lat' dir='ltr'>depressa</span> <span class='ocrx_word' id='word_1_422' title='bbox 1356 4601 1534 4683; x_wconf 90' lang='lat' dir='ltr'>supercilia.</span> <span class='ocrx_word' id='word_1_423' title='bbox 1589 4598 1749 4663; x_wconf 82' lang='lat' dir='ltr'>inlinitum</span> <span class='ocrx_word' id='word_1_424' title='bbox 1779 4594 1859 4657; x_wconf 88' lang='lat' dir='ltr'>enim</span> 
     </span>
     <span class='ocr_line' id='line_1_44' title="bbox 547 4690 1858 4775; baseline -0.004 -19"><span class='ocrx_word' id='word_1_425' title='bbox 547 4692 577 4756; x_wconf 94' lang='lat' dir='ltr'>in</span> <span class='ocrx_word' id='word_1_426' title='bbox 608 4691 656 4753; x_wconf 80' lang='lat' dir='ltr'>liis</span> <span class='ocrx_word' id='word_1_427' title='bbox 679 4712 808 4775; x_wconf 80' lang='lat' dir='ltr'>quicque</span> <span class='ocrx_word' id='word_1_428' title='bbox 831 4692 924 4752; x_wconf 87' lang='lat' dir='ltr'>rebus</span> <span class='ocrx_word' id='word_1_429' title='bbox 948 4701 1140 4752; x_wconf 91' lang='lat' dir='ltr'>momentum</span> <span class='ocrx_word' id='word_1_430' title='bbox 1165 4702 1233 4767; x_wconf 88' lang='lat' dir='ltr'>est,</span> <span class='ocrx_word' id='word_1_431' title='bbox 1270 4693 1343 4775; x_wconf 82' lang='lat' dir='ltr'>qiua</span> <span class='ocrx_word' id='word_1_432' title='bbox 1366 4694 1442 4757; x_wconf 90' lang='lat' dir='ltr'>nihil</span> <span class='ocrx_word' id='word_1_433' title='bbox 1464 4705 1571 4775; x_wconf 89' lang='lat' dir='ltr'>potest</span> <span class='ocrx_word' id='word_1_434' title='bbox 1591 4692 1736 4775; x_wconf 90' lang='lat' dir='ltr'>placere,</span> <span class='ocrx_word' id='word_1_435' title='bbox 1772 4690 1858 4774; x_wconf 87' lang='lat' dir='ltr'>quod</span> 
     </span>
     <span class='ocr_line' id='line_1_45' title="bbox 547 4778 1859 4872; baseline -0.002 -23"><span class='ocrx_word' id='word_1_436' title='bbox 547 4807 610 4849; x_wconf 92' lang='lat' dir='ltr'>non</span> <span class='ocrx_word' id='word_1_437' title='bbox 634 4786 735 4847; x_wconf 90' lang='lat' dir='ltr'>decet.</span> <span class='ocrx_word' id='word_1_438' title='bbox 780 4786 822 4847; x_wconf 86' lang='lat' dir='ltr'>Et</span> <span class='ocrx_word' id='word_1_439' title='bbox 846 4794 880 4846; x_wconf 93' lang='lat' dir='ltr'>ut</span> <span class='ocrx_word' id='word_1_440' title='bbox 902 4782 942 4845; x_wconf 89' lang='lat' dir='ltr'>ait</span> <span class='ocrx_word' id='word_1_441' title='bbox 966 4784 1019 4847; x_wconf 86' lang='lat' dir='ltr'>M.</span> <span class='ocrx_word' id='word_1_442' title='bbox 1043 4782 1186 4857; x_wconf 90' lang='lat' dir='ltr'>&#39;l&#39;ullius‚</span> <span class='ocrx_word' id='word_1_443' title='bbox 1214 4796 1319 4866; x_wconf 84' lang='lat' dir='ltr'>eaput</span> <span class='ocrx_word' id='word_1_444' title='bbox 1337 4786 1426 4850; x_wconf 82' lang='lat' dir='ltr'>artis</span> <span class='ocrx_word' id='word_1_445' title='bbox 1450 4798 1501 4849; x_wconf 86' lang='lat' dir='ltr'>est</span> <span class='ocrx_word' id='word_1_446' title='bbox 1525 4786 1660 4860; x_wconf 83' lang='lat' dir='ltr'>decere,</span> <span class='ocrx_word' id='word_1_447' title='bbox 1685 4778 1859 4872; x_wconf 77' lang='lat' dir='ltr'>quodfa-</span> 
     </span>
     <span class='ocr_line' id='line_1_46' title="bbox 504 4874 1858 4960; baseline -0.003 -21"><span class='ocrx_word' id='word_1_448' title='bbox 504 4881 631 4951; x_wconf 53' lang='grc' dir='ltr'>ιιι-ιω.</span> <span class='ocrx_word' id='word_1_449' title='bbox 675 4878 782 4939; x_wconf 84' lang='lat' dir='ltr'>Labra</span> <span class='ocrx_word' id='word_1_450' title='bbox 806 4878 942 4939; x_wconf 87' lang='lat' dir='ltr'>lambere</span> <span class='ocrx_word' id='word_1_451' title='bbox 966 4875 1016 4937; x_wconf 86' lang='lat' dir='ltr'>vel</span> <span class='ocrx_word' id='word_1_452' title='bbox 1040 4877 1187 4938; x_wconf 83' lang='lat' dir='ltr'>iiiordere</span> <span class='ocrx_word' id='word_1_453' title='bbox 1208 4876 1350 4940; x_wconf 90' lang='lat' dir='ltr'>deforme</span> <span class='ocrx_word' id='word_1_454' title='bbox 1372 4888 1438 4953; x_wconf 92' lang='lat' dir='ltr'>est,</span> <span class='ocrx_word' id='word_1_455' title='bbox 1461 4899 1557 4960; x_wconf 78' lang='lat' dir='ltr'>qurum</span> <span class='ocrx_word' id='word_1_456' title='bbox 1572 4878 1663 4941; x_wconf 85' lang='lat' dir='ltr'>etiam</span> <span class='ocrx_word' id='word_1_457' title='bbox 1677 4874 1710 4939; x_wconf 89' lang='lat' dir='ltr'>in</span> <span class='ocrx_word' id='word_1_458' title='bbox 1724 4876 1858 4937; x_wconf 80' lang='lat' dir='ltr'>efficien-</span> 
     </span>
    </p>
   </div>
   <div class='ocr_carea' id='block_1_3' title="bbox 617 5050 1837 5237">
    <p class='ocr_par' dir='ltr' id='par_1_3' title="bbox 617 5050 1837 5237">
     <span class='ocr_line' id='line_1_47' title="bbox 617 5050 1837 5116; baseline -0.002 -17"><span class='ocrx_word' id='word_1_459' title='bbox 617 5056 658 5101; x_wconf 72' lang='lat'>22.</span> <span class='ocrx_word' id='word_1_460' title='bbox 680 5055 742 5105; x_wconf 85' lang='lat' dir='ltr'>Ccd.</span> <span class='ocrx_word' id='word_1_461' title='bbox 762 5054 892 5106; x_wconf 72' lang='lat' dir='ltr'>maxims,</span> <span class='ocrx_word' id='word_1_462' title='bbox 912 5054 974 5111; x_wconf 74' lang='lat' dir='ltr'>quod</span> <span class='ocrx_word' id='word_1_463' title='bbox 992 5052 1095 5099; x_wconf 86' lang='lat' dir='ltr'>lnrtasse</span> <span class='ocrx_word' id='word_1_464' title='bbox 1113 5052 1172 5097; x_wconf 85' lang='lat' dir='ltr'>farri</span> <span class='ocrx_word' id='word_1_465' title='bbox 1190 5057 1292 5108; x_wconf 83' lang='lat' dir='ltr'>peterat.</span> <span class='ocrx_word' id='word_1_466' title='bbox 1340 5050 1382 5099; x_wconf 79' lang='grc'>36.</span> <span class='ocrx_word' id='word_1_467' title='bbox 1401 5054 1576 5112; x_wconf 71' lang='lat' dir='ltr'>Superpoaitar</span> <span class='ocrx_word' id='word_1_468' title='bbox 1592 5054 1675 5115; x_wconf 65' lang='lat' dir='ltr'>‘basa</span> <span class='ocrx_word' id='word_1_469' title='bbox 1691 5053 1720 5101; x_wconf 85' lang='lat' dir='ltr'>t&#39;tt</span> <span class='ocrx_word' id='word_1_470' title='bbox 1732 5050 1837 5116; x_wconf 68' lang='lat' dir='ltr'>fidibus.</span> 
     </span>
     <span class='ocr_line' id='line_1_48' title="bbox 640 5172 1461 5237; baseline 0 -6"><span class='ocrx_word' id='word_1_471' title='bbox 640 5180 666 5237; x_wconf 81' lang='lat'>5.</span> <span class='ocrx_word' id='word_1_472' title='bbox 686 5176 727 5231; x_wconf 85' lang='lat' dir='ltr'>De</span> <span class='ocrx_word' id='word_1_473' title='bbox 746 5188 816 5229; x_wconf 83' lang='lat' dir='ltr'>cru.</span> <span class='ocrx_word' id='word_1_474' title='bbox 836 5174 873 5229; x_wconf 89' lang='lat' dir='ltr'>tt.</span> <span class='ocrx_word' id='word_1_475' title='bbox 888 5172 920 5230; x_wconf 81' lang='lat' dir='ltr'>lt.</span> <span class='ocrx_word' id='word_1_476' title='bbox 1158 5172 1205 5235; x_wconf 77' lang='grc'>15.</span> <span class='ocrx_word' id='word_1_477' title='bbox 1224 5174 1264 5229; x_wconf 77' lang='lat' dir='ltr'>De</span> <span class='ocrx_word' id='word_1_478' title='bbox 1282 5188 1354 5233; x_wconf 82' lang='lat' dir='ltr'>erar.</span> <span class='ocrx_word' id='word_1_479' title='bbox 1373 5172 1396 5230; x_wconf 92' lang='grc'>1.</span> <span class='ocrx_word' id='word_1_480' title='bbox 1416 5176 1461 5233; x_wconf 72' lang='lat'>29.</span> 
     </span>
    </p>
   </div>
   <div class='ocr_carea' id='block_1_4' title="bbox 0 0 2222 5959">
    <p class='ocr_par' dir='ltr' id='par_1_4' title="bbox 0 0 2222 5959">
     <span class='ocr_line' id='line_1_49' title="bbox 0 0 2222 5959; baseline 0 5"><span class='ocrx_word' id='word_1_481' title='bbox 0 0 2222 5959; x_wconf 95' lang='lat' dir='ltr'> </span> 
     </span>
    </p>
   </div>
  </div>
 </body>
</html>
