<?xml version="1.0" encoding="UTF-8"?>
<!DOCTYPE html PUBLIC "-//W3C//DTD XHTML 1.0 Transitional//EN"
    "http://www.w3.org/TR/xhtml1/DTD/xhtml1-transitional.dtd">
<html xmlns="http://www.w3.org/1999/xhtml" xml:lang="en" lang="en">
 <head>
  <title>
</title>
<meta http-equiv="Content-Type" content="text/html;charset=utf-8" />
  <meta name='ocr-system' content='tesseract 3.04.00' />
  <meta name='ocr-capabilities' content='ocr_page ocr_carea ocr_par ocr_line ocrx_word'/>
</head>
<body>
  <div class='ocr_page' id='page_1' title='image "./operaquaesupers09halmgoog/operaquaesupers09halmgoog_0422.png"; bbox 0 0 4434 5959; ppageno 0'>
   <div class='ocr_carea' id='block_1_1' title="bbox 538 613 1444 683">
    <p class='ocr_par' dir='ltr' id='par_1_1' title="bbox 538 613 1444 683">
     <span class='ocr_line' id='line_1_1' title="bbox 538 613 1444 683; baseline 0.002 -5"><span class='ocrx_word' id='word_1_1' title='bbox 538 615 599 679; x_wconf 79' lang='lat' dir='ltr'><strong>lot</strong></span> <span class='ocrx_word' id='word_1_2' title='bbox 950 615 1189 683; x_wconf 80' lang='lat' dir='ltr'><strong>FAVONIUS</strong></span> <span class='ocrx_word' id='word_1_3' title='bbox 1211 613 1444 680; x_wconf 84' lang='lat' dir='ltr'><strong>EULOGIUS</strong></span> 
     </span>
    </p>
   </div>
   <div class='ocr_carea' id='block_1_2' title="bbox 454 752 1855 2060">
    <p class='ocr_par' dir='ltr' id='par_1_2' title="bbox 454 752 1855 2060">
     <span class='ocr_line' id='line_1_2' title="bbox 536 752 1853 842; baseline 0.003 -22"><span class='ocrx_word' id='word_1_4' title='bbox 536 755 693 834; x_wconf 82' lang='lat' dir='ltr'><strong>numeris,</strong></span> <span class='ocrx_word' id='word_1_5' title='bbox 717 779 777 821; x_wconf 89' lang='lat' dir='ltr'><strong>nec</strong></span> <span class='ocrx_word' id='word_1_6' title='bbox 797 755 865 840; x_wconf 89' lang='lat' dir='ltr'><strong>ipsc</strong></span> <span class='ocrx_word' id='word_1_7' title='bbox 888 754 981 820; x_wconf 89' lang='lat' dir='ltr'><strong>alium</strong></span> <span class='ocrx_word' id='word_1_8' title='bbox 1003 755 1177 842; x_wconf 89' lang='lat' dir='ltr'><strong>geminatus</strong></span> <span class='ocrx_word' id='word_1_9' title='bbox 1200 754 1348 820; x_wconf 82' lang='lat' dir='ltr'><strong>effundit:</strong></span> <span class='ocrx_word' id='word_1_10' title='bbox 1371 756 1454 820; x_wconf 85' lang='lat' dir='ltr'><strong>unde</strong></span> <span class='ocrx_word' id='word_1_11' title='bbox 1475 752 1589 821; x_wconf 82' lang='lat' dir='ltr'><strong>merito</strong></span> <span class='ocrx_word' id='word_1_12' title='bbox 1610 753 1763 822; x_wconf 79' lang='lat' dir='ltr'><strong>Minerva</strong></span> <span class='ocrx_word' id='word_1_13' title='bbox 1787 757 1853 824; x_wconf 85' lang='lat' dir='ltr'><strong>sinc</strong></span> 
     </span>
     <span class='ocr_line' id='line_1_3' title="bbox 536 848 1334 936; baseline 0 -22"><span class='ocrx_word' id='word_1_14' title='bbox 536 863 656 926; x_wconf 91' lang='lat' dir='ltr'><strong>matre,</strong></span> <span class='ocrx_word' id='word_1_15' title='bbox 681 851 776 936; x_wconf 83' lang='lat' dir='ltr'><strong>virgo</strong></span> <span class='ocrx_word' id='word_1_16' title='bbox 798 851 865 914; x_wconf 90' lang='lat' dir='ltr'><strong>sine</strong></span> <span class='ocrx_word' id='word_1_17' title='bbox 886 849 1113 934; x_wconf 76' lang='lat' dir='ltr'>procreatione</span> <span class='ocrx_word' id='word_1_18' title='bbox 1134 848 1334 932; x_wconf 89' lang='lat' dir='ltr'><strong>perhibetur.</strong></span> 
     </span>
     <span class='ocr_line' id='line_1_4' title="bbox 620 941 1855 1028; baseline 0.001 -20"><span class='ocrx_word' id='word_1_19' title='bbox 620 944 837 1028; x_wconf 74' lang='lat' dir='ltr'><strong>Hippocrates</strong></span> <span class='ocrx_word' id='word_1_20' title='bbox 861 942 968 1020; x_wconf 93' lang='lat' dir='ltr'><strong>Cous,</strong></span> <span class='ocrx_word' id='word_1_21' title='bbox 1004 955 1135 1008; x_wconf 90' lang='lat' dir='ltr'><strong>naturae</strong></span> <span class='ocrx_word' id='word_1_22' title='bbox 1156 954 1316 1008; x_wconf 84' lang='lat' dir='ltr'><strong>scrutator</strong></span> <span class='ocrx_word' id='word_1_23' title='bbox 1337 941 1506 1028; x_wconf 87' lang='lat' dir='ltr'><strong>egregius,</strong></span> <span class='ocrx_word' id='word_1_24' title='bbox 1530 945 1615 1008; x_wconf 91' lang='lat' dir='ltr'><strong>hunc</strong></span> <span class='ocrx_word' id='word_1_25' title='bbox 1635 965 1801 1010; x_wconf 86' lang='lat' dir='ltr'><strong>numerum</strong></span> <span class='ocrx_word' id='word_1_26' title='bbox 1823 944 1855 1009; x_wconf 91' lang='lat' dir='ltr'><strong>in</strong></span> 
     </span>
     <span class='ocr_line' id='line_1_5' title="bbox 537 1033 1854 1126; baseline 0.002 -24"><span class='ocrx_word' id='word_1_27' title='bbox 537 1039 644 1118; x_wconf 91' lang='lat' dir='ltr'><strong>libris,</strong></span> <span class='ocrx_word' id='word_1_28' title='bbox 675 1061 758 1124; x_wconf 92' lang='lat' dir='ltr'><strong>quos</strong></span> <span class='ocrx_word' id='word_1_29' title='bbox 787 1045 860 1125; x_wconf 80' lang='grc' dir='ltr'><strong><em>περὶ</em></strong></span> <span class='ocrx_word' id='word_1_30' title='bbox 880 1033 1072 1126; x_wconf 78' lang='grc' dir='ltr'><em>ἑβδομάδων</em></span> <span class='ocrx_word' id='word_1_31' title='bbox 1093 1036 1253 1119; x_wconf 88' lang='lat' dir='ltr'><strong>appellat,</strong></span> <span class='ocrx_word' id='word_1_32' title='bbox 1289 1036 1332 1100; x_wconf 90' lang='lat' dir='ltr'><strong>ait</strong></span> <span class='ocrx_word' id='word_1_33' title='bbox 1353 1036 1495 1101; x_wconf 81' lang='lat' dir='ltr'><strong>creandis</strong></span> <span class='ocrx_word' id='word_1_34' title='bbox 1519 1035 1623 1101; x_wconf 90' lang='lat' dir='ltr'><strong>inesse</strong></span> <span class='ocrx_word' id='word_1_35' title='bbox 1644 1040 1854 1122; x_wconf 78' lang='lat' dir='ltr'><strong>corporibus.</strong></span> 
     </span>
     <span class='ocr_line' id='line_1_6' title="bbox 512 1129 1855 1218; baseline -0.002 -20"><span class='ocrx_word' id='word_1_36' title='bbox 512 1137 618 1198; x_wconf 81' lang='lat' dir='ltr'><strong>tNam</strong></span> <span class='ocrx_word' id='word_1_37' title='bbox 640 1156 746 1198; x_wconf 86' lang='lat' dir='ltr'><strong>semen</strong></span> <span class='ocrx_word' id='word_1_38' title='bbox 777 1134 882 1197; x_wconf 82' lang='lat' dir='ltr'><strong>lusum</strong></span> <span class='ocrx_word' id='word_1_39' title='bbox 910 1145 941 1196; x_wconf 93' lang='lat' dir='ltr'><strong>et</strong></span> <span class='ocrx_word' id='word_1_40' title='bbox 968 1131 1079 1197; x_wconf 79' lang='lat' dir='ltr'><strong>fomite</strong></span> <span class='ocrx_word' id='word_1_41' title='bbox 1110 1131 1217 1194; x_wconf 88' lang='lat' dir='ltr'><strong>matris</strong></span> <span class='ocrx_word' id='word_1_42' title='bbox 1246 1141 1413 1213; x_wconf 86' lang='lat' dir='ltr'><strong>exceptum</strong></span> <span class='ocrx_word' id='word_1_43' title='bbox 1443 1129 1580 1212; x_wconf 85' lang='lat' dir='ltr'><strong>septimo</strong></span> <span class='ocrx_word' id='word_1_44' title='bbox 1602 1130 1651 1194; x_wconf 90' lang='lat' dir='ltr'><strong>die</strong></span> <span class='ocrx_word' id='word_1_45' title='bbox 1672 1131 1705 1194; x_wconf 93' lang='lat' dir='ltr'><strong>in</strong></span> <span class='ocrx_word' id='word_1_46' title='bbox 1726 1133 1855 1218; x_wconf 83' lang='lat' dir='ltr'><strong>sangui-</strong></span> 
     </span>
     <span class='ocr_line' id='line_1_7' title="bbox 454 1223 1853 1310; baseline -0.003 -18"><span class='ocrx_word' id='word_1_47' title='bbox 454 1264 458 1269; x_wconf 60' lang='lat'>&lt;</span> <span class='ocrx_word' id='word_1_48' title='bbox 536 1251 605 1292; x_wconf 91' lang='lat' dir='ltr'><strong>nem</strong></span> <span class='ocrx_word' id='word_1_49' title='bbox 627 1228 832 1304; x_wconf 90' lang='lat' dir='ltr'><strong>commutari,</strong></span> <span class='ocrx_word' id='word_1_50' title='bbox 857 1226 992 1308; x_wconf 90' lang='lat' dir='ltr'><strong>septimo</strong></span> <span class='ocrx_word' id='word_1_51' title='bbox 1015 1246 1122 1289; x_wconf 89' lang='lat' dir='ltr'><strong>mense</strong></span> <span class='ocrx_word' id='word_1_52' title='bbox 1143 1223 1274 1307; x_wconf 84' lang='lat' dir='ltr'><strong>perfici,</strong></span> <span class='ocrx_word' id='word_1_53' title='bbox 1302 1245 1340 1286; x_wconf 92' lang='lat' dir='ltr'><strong>ac</strong></span> <span class='ocrx_word' id='word_1_54' title='bbox 1361 1223 1547 1308; x_wconf 89' lang='lat' dir='ltr'><strong>plerumque</strong></span> <span class='ocrx_word' id='word_1_55' title='bbox 1569 1223 1654 1288; x_wconf 90' lang='lat' dir='ltr'><strong>nasci</strong></span> <span class='ocrx_word' id='word_1_56' title='bbox 1679 1225 1853 1310; x_wconf 85' lang='lat' dir='ltr'><strong>legitimam</strong></span> 
     </span>
     <span class='ocr_line' id='line_1_8' title="bbox 535 1315 1853 1406; baseline 0.001 -22"><span class='ocrx_word' id='word_1_57' title='bbox 535 1333 646 1406; x_wconf 91' lang='lat' dir='ltr'><strong>partus</strong></span> <span class='ocrx_word' id='word_1_58' title='bbox 683 1320 963 1385; x_wconf 83' lang='lat' dir='ltr'><strong>dinumerationem</strong></span> <span class='ocrx_word' id='word_1_59' title='bbox 993 1341 1195 1394; x_wconf 85' lang='lat' dir='ltr'><strong>mansurum3</strong></span> <span class='ocrx_word' id='word_1_60' title='bbox 1231 1315 1462 1403; x_wconf 82' lang='lat' dir='ltr'><strong>infantiumque</strong></span> <span class='ocrx_word' id='word_1_61' title='bbox 1506 1321 1615 1382; x_wconf 87' lang='lat' dir='ltr'><strong>dentes</strong></span> <span class='ocrx_word' id='word_1_62' title='bbox 1655 1341 1671 1383; x_wconf 90' lang='lat' dir='ltr'><strong>a</strong></span> <span class='ocrx_word' id='word_1_63' title='bbox 1716 1321 1853 1404; x_wconf 84' lang='lat' dir='ltr'><strong>septimo</strong></span> 
     </span>
     <span class='ocr_line' id='line_1_9' title="bbox 534 1411 1853 1499; baseline -0.002 -19"><span class='ocrx_word' id='word_1_64' title='bbox 534 1437 641 1480; x_wconf 90' lang='lat' dir='ltr'><strong>mense</strong></span> <span class='ocrx_word' id='word_1_65' title='bbox 663 1435 890 1499; x_wconf 83' lang='lat' dir='ltr'><strong>prorumpere,</strong></span> <span class='ocrx_word' id='word_1_66' title='bbox 922 1412 1057 1495; x_wconf 91' lang='lat' dir='ltr'><strong>septimo</strong></span> <span class='ocrx_word' id='word_1_67' title='bbox 1079 1411 1193 1476; x_wconf 83' lang='lat' dir='ltr'><strong>mrrtari</strong></span> <span class='ocrx_word' id='word_1_68' title='bbox 1214 1432 1319 1487; x_wconf 89' lang='lat' dir='ltr'><strong>anno;</strong></span> <span class='ocrx_word' id='word_1_69' title='bbox 1343 1411 1392 1476; x_wconf 92' lang='lat' dir='ltr'><strong>bis</strong></span> <span class='ocrx_word' id='word_1_70' title='bbox 1414 1411 1548 1494; x_wconf 87' lang='lat' dir='ltr'><strong>septimo</strong></span> <span class='ocrx_word' id='word_1_71' title='bbox 1570 1412 1713 1497; x_wconf 84' lang='lat' dir='ltr'><strong>incipere</strong></span> <span class='ocrx_word' id='word_1_72' title='bbox 1733 1417 1853 1498; x_wconf 85' lang='lat' dir='ltr'><strong>puber·</strong></span> 
     </span>
     <span class='ocr_line' id='line_1_10' title="bbox 535 1503 1853 1592; baseline -0.003 -16"><span class='ocrx_word' id='word_1_73' title='bbox 535 1525 647 1586; x_wconf 81' lang='lat' dir='ltr'><strong>tatem3</strong></span> <span class='ocrx_word' id='word_1_74' title='bbox 684 1522 734 1574; x_wconf 93' lang='lat' dir='ltr'><strong>ter</strong></span> <span class='ocrx_word' id='word_1_75' title='bbox 766 1521 899 1592; x_wconf 91' lang='lat' dir='ltr'><strong>septeno</strong></span> <span class='ocrx_word' id='word_1_76' title='bbox 928 1509 1041 1572; x_wconf 86' lang='lat' dir='ltr'><strong>florem</strong></span> <span class='ocrx_word' id='word_1_77' title='bbox 1070 1508 1190 1569; x_wconf 88' lang='lat' dir='ltr'><strong>barbae</strong></span> <span class='ocrx_word' id='word_1_78' title='bbox 1219 1503 1364 1568; x_wconf 74' lang='lat' dir='ltr'><strong>iuvenilis</strong></span> <span class='ocrx_word' id='word_1_79' title='bbox 1391 1505 1534 1582; x_wconf 80' lang='lat' dir='ltr'><strong>ahsolri3</strong></span> <span class='ocrx_word' id='word_1_80' title='bbox 1569 1518 1721 1590; x_wconf 88' lang='lat' dir='ltr'><strong>quattuor</strong></span> <span class='ocrx_word' id='word_1_81' title='bbox 1749 1520 1853 1574; x_wconf 90' lang='lat' dir='ltr'><strong>autem</strong></span> 
     </span>
     <span class='ocr_line' id='line_1_11' title="bbox 493 1597 1854 1672; baseline 0 -5"><span class='ocrx_word' id='word_1_82' title='bbox 493 1614 690 1672; x_wconf 78' lang='lat' dir='ltr'><strong>scaccorum</strong></span> <span class='ocrx_word' id='word_1_83' title='bbox 718 1603 966 1669; x_wconf 86' lang='lat' dir='ltr'><strong>hebdomadibus</strong></span> <span class='ocrx_word' id='word_1_84' title='bbox 996 1599 1132 1664; x_wconf 86' lang='lat' dir='ltr'><strong>evolutis</strong></span> <span class='ocrx_word' id='word_1_85' title='bbox 1153 1609 1293 1662; x_wconf 89' lang='lat' dir='ltr'><strong>staturae</strong></span> <span class='ocrx_word' id='word_1_86' title='bbox 1315 1597 1487 1663; x_wconf 90' lang='lat' dir='ltr'><strong>crescentis</strong></span> <span class='ocrx_word' id='word_1_87' title='bbox 1508 1601 1674 1666; x_wconf 84' lang='lat' dir='ltr'><strong>terminum</strong></span> <span class='ocrx_word' id='word_1_88' title='bbox 1699 1603 1771 1666; x_wconf 84' lang='lat' dir='ltr'><strong>fieri</strong></span> <span class='ocrx_word' id='word_1_89' title='bbox 1796 1624 1854 1667; x_wconf 88' lang='lat' dir='ltr'><strong>nec</strong></span> 
     </span>
     <span class='ocr_line' id='line_1_12' title="bbox 535 1695 1851 1783; baseline -0.003 -18"><span class='ocrx_word' id='word_1_90' title='bbox 535 1703 618 1765; x_wconf 91' lang='lat' dir='ltr'><strong>ultra</strong></span> <span class='ocrx_word' id='word_1_91' title='bbox 648 1699 873 1783; x_wconf 84' lang='lat' dir='ltr'><strong>proceritatem</strong></span> <span class='ocrx_word' id='word_1_92' title='bbox 902 1717 999 1780; x_wconf 89' lang='lat' dir='ltr'><strong>posse</strong></span> <span class='ocrx_word' id='word_1_93' title='bbox 1025 1695 1222 1777; x_wconf 81' lang='lat' dir='ltr'><strong>procedere3</strong></span> <span class='ocrx_word' id='word_1_94' title='bbox 1259 1715 1340 1756; x_wconf 82' lang='lat' dir='ltr'><strong>xxx.</strong></span> <span class='ocrx_word' id='word_1_95' title='bbox 1371 1714 1451 1759; x_wconf 87' lang='lat' dir='ltr'><strong>vero</strong></span> <span class='ocrx_word' id='word_1_96' title='bbox 1475 1705 1507 1758; x_wconf 88' lang='lat' dir='ltr'><strong>ct</strong></span> <span class='ocrx_word' id='word_1_97' title='bbox 1529 1715 1563 1758; x_wconf 85' lang='lat' dir='ltr'><strong>v.</strong></span> <span class='ocrx_word' id='word_1_98' title='bbox 1586 1695 1675 1760; x_wconf 86' lang='lat' dir='ltr'><strong>annis</strong></span> <span class='ocrx_word' id='word_1_99' title='bbox 1697 1695 1851 1780; x_wconf 87' lang='lat' dir='ltr'><strong>exemptis</strong></span> 
     </span>
     <span class='ocr_line' id='line_1_13' title="bbox 535 1787 1849 1879; baseline -0.003 -20"><span class='ocrx_word' id='word_1_100' title='bbox 535 1795 628 1860; x_wconf 86' lang='lat' dir='ltr'><strong>etiarn</strong></span> <span class='ocrx_word' id='word_1_101' title='bbox 650 1794 769 1879; x_wconf 86' lang='lat' dir='ltr'><strong>ingenii</strong></span> <span class='ocrx_word' id='word_1_102' title='bbox 791 1791 1050 1878; x_wconf 79' lang='lat' dir='ltr'><strong>progressionem</strong></span> <span class='ocrx_word' id='word_1_103' title='bbox 1071 1787 1142 1852; x_wconf 81' lang='lat' dir='ltr'><strong>lere</strong></span> <span class='ocrx_word' id='word_1_104' title='bbox 1164 1787 1314 1852; x_wconf 87' lang='lat' dir='ltr'><strong>desistere</strong></span> <span class='ocrx_word' id='word_1_105' title='bbox 1337 1789 1462 1872; x_wconf 88' lang='lat' dir='ltr'><strong>qnidam</strong></span> <span class='ocrx_word' id='word_1_106' title='bbox 1483 1801 1639 1872; x_wconf 81' lang='lat' dir='ltr'><strong>putavere</strong></span> <span class='ocrx_word' id='word_1_107' title='bbox 1653 1791 1849 1873; x_wconf 73' lang='lat' dir='ltr'><strong>philosophi,</strong></span> 
     </span>
     <span class='ocr_line' id='line_1_14' title="bbox 535 1882 1851 1976; baseline -0.004 -24"><span class='ocrx_word' id='word_1_108' title='bbox 535 1892 625 1976; x_wconf 86' lang='lat' dir='ltr'><strong>quod</strong></span> <span class='ocrx_word' id='word_1_109' title='bbox 646 1889 793 1954; x_wconf 84' lang='lat' dir='ltr'><strong>videlicet</strong></span> <span class='ocrx_word' id='word_1_110' title='bbox 812 1889 844 1952; x_wconf 93' lang='lat' dir='ltr'><strong>in</strong></span> <span class='ocrx_word' id='word_1_111' title='bbox 865 1886 1004 1972; x_wconf 88' lang='lat' dir='ltr'><strong>quinque</strong></span> <span class='ocrx_word' id='word_1_112' title='bbox 1025 1882 1190 1968; x_wconf 82' lang='lat' dir='ltr'><strong>redigatur</strong></span> <span class='ocrx_word' id='word_1_113' title='bbox 1211 1885 1437 1948; x_wconf 90' lang='lat' dir='ltr'><strong>hebdomadas.</strong></span> <span class='ocrx_word' id='word_1_114' title='bbox 1487 1883 1606 1948; x_wconf 89' lang='lat' dir='ltr'><strong>Musici</strong></span> <span class='ocrx_word' id='word_1_115' title='bbox 1627 1905 1708 1949; x_wconf 85' lang='lat' dir='ltr'><strong>vero</strong></span> <span class='ocrx_word' id='word_1_116' title='bbox 1730 1897 1851 1968; x_wconf 87' lang='lat' dir='ltr'><strong>septem</strong></span> 
     </span>
     <span class='ocr_line' id='line_1_15' title="bbox 534 1975 1851 2060; baseline -0.002 -15"><span class='ocrx_word' id='word_1_117' title='bbox 534 2003 651 2048; x_wconf 85' lang='lat' dir='ltr'><strong>vocum</strong></span> <span class='ocrx_word' id='word_1_118' title='bbox 673 1981 851 2045; x_wconf 89' lang='lat' dir='ltr'><strong>discrimina</strong></span> <span class='ocrx_word' id='word_1_119' title='bbox 873 1981 997 2042; x_wconf 89' lang='lat' dir='ltr'><strong>duobus</strong></span> <span class='ocrx_word' id='word_1_120' title='bbox 1018 1975 1231 2040; x_wconf 88' lang='lat' dir='ltr'><strong>tetrachordis</strong></span> <span class='ocrx_word' id='word_1_121' title='bbox 1254 1997 1315 2058; x_wconf 89' lang='lat' dir='ltr'><strong>pro</strong></span> <span class='ocrx_word' id='word_1_122' title='bbox 1338 1989 1406 2041; x_wconf 89' lang='lat' dir='ltr'><strong>rata</strong></span> <span class='ocrx_word' id='word_1_123' title='bbox 1428 1977 1579 2060; x_wconf 88' lang='lat' dir='ltr'><strong>portione</strong></span> <span class='ocrx_word' id='word_1_124' title='bbox 1595 1979 1763 2042; x_wconf 88' lang='lat' dir='ltr'><strong>modulatis</strong></span> <span class='ocrx_word' id='word_1_125' title='bbox 1785 1981 1851 2043; x_wconf 88' lang='lat' dir='ltr'><strong>effi·</strong></span> 
     </span>
    </p>
   </div>
   <div class='ocr_carea' id='block_1_3' title="bbox 364 2068 1851 2153">
    <p class='ocr_par' dir='ltr' id='par_1_3' title="bbox 364 2068 1851 2153">
     <span class='ocr_line' id='line_1_16' title="bbox 364 2068 1851 2153; baseline 0.001 -17"><span class='ocrx_word' id='word_1_126' title='bbox 364 2103 373 2124; x_wconf 73' lang='grc' dir='ltr'><strong><em>ν</em></strong></span> <span class='ocrx_word' id='word_1_127' title='bbox 495 2077 638 2150; x_wconf 79' lang='lat' dir='ltr'><strong>tsciunt,</strong></span> <span class='ocrx_word' id='word_1_128' title='bbox 663 2076 862 2140; x_wconf 86' lang='lat' dir='ltr'><strong>unachorda</strong></span> <span class='ocrx_word' id='word_1_129' title='bbox 885 2069 1060 2145; x_wconf 89' lang='lat' dir='ltr'><strong>communi,</strong></span> <span class='ocrx_word' id='word_1_130' title='bbox 1084 2089 1166 2153; x_wconf 88' lang='lat' dir='ltr'><strong>quac</strong></span> <span class='ocrx_word' id='word_1_131' title='bbox 1187 2068 1351 2153; x_wconf 89' lang='lat' dir='ltr'><strong>utriusque</strong></span> <span class='ocrx_word' id='word_1_132' title='bbox 1370 2083 1556 2136; x_wconf 87' lang='lat' dir='ltr'><strong>concentum</strong></span> <span class='ocrx_word' id='word_1_133' title='bbox 1577 2071 1760 2138; x_wconf 83' lang='lat' dir='ltr'><strong>harmoniae</strong></span> <span class='ocrx_word' id='word_1_134' title='bbox 1783 2095 1851 2138; x_wconf 86' lang='lat' dir='ltr'><strong>mo·</strong></span> 
     </span>
    </p>
   </div>
   <div class='ocr_carea' id='block_1_4' title="bbox 399 2161 1854 4598">
    <p class='ocr_par' dir='ltr' id='par_1_4' title="bbox 399 2161 1853 2443">
     <span class='ocr_line' id='line_1_17' title="bbox 458 2161 1853 2251; baseline -0.002 -18"><span class='ocrx_word' id='word_1_135' title='bbox 458 2234 462 2244; x_wconf 74' lang='grc'><em>,</em></span> <span class='ocrx_word' id='word_1_136' title='bbox 535 2170 713 2234; x_wconf 88' lang='lat' dir='ltr'><strong>dificatione</strong></span> <span class='ocrx_word' id='word_1_137' title='bbox 742 2179 926 2251; x_wconf 89' lang='lat' dir='ltr'><strong>componat.</strong></span> <span class='ocrx_word' id='word_1_138' title='bbox 977 2166 1075 2247; x_wconf 79' lang='lat' dir='ltr'><strong>erod</strong></span> <span class='ocrx_word' id='word_1_139' title='bbox 1102 2161 1212 2246; x_wconf 90' lang='lat' dir='ltr'><strong>paullo</strong></span> <span class='ocrx_word' id='word_1_140' title='bbox 1244 2164 1372 2228; x_wconf 89' lang='lat' dir='ltr'><strong>uberius</strong></span> <span class='ocrx_word' id='word_1_141' title='bbox 1399 2187 1621 2251; x_wconf 78' lang='lat' dir='ltr'><strong>exsequemur.</strong></span> <span class='ocrx_word' id='word_1_142' title='bbox 1682 2167 1853 2232; x_wconf 87' lang='lat' dir='ltr'><strong>Dialectici</strong></span> 
     </span>
     <span class='ocr_line' id='line_1_18' title="bbox 399 2257 1851 2348; baseline 0.001 -23"><span class='ocrx_word' id='word_1_143' title='bbox 399 2293 412 2314; x_wconf 85' lang='lat'><strong>·</strong></span> <span class='ocrx_word' id='word_1_144' title='bbox 534 2284 663 2348; x_wconf 91' lang='lat' dir='ltr'><strong>qnoque</strong></span> <span class='ocrx_word' id='word_1_145' title='bbox 685 2261 899 2326; x_wconf 84' lang='lat' dir='ltr'><strong>conclusionis</strong></span> <span class='ocrx_word' id='word_1_146' title='bbox 920 2257 1146 2343; x_wconf 78' lang='lat' dir='ltr'><strong>hypotheticae</strong></span> <span class='ocrx_word' id='word_1_147' title='bbox 1168 2261 1281 2323; x_wconf 91' lang='lat' dir='ltr'><strong>modos</strong></span> <span class='ocrx_word' id='word_1_148' title='bbox 1303 2259 1333 2323; x_wconf 92' lang='lat' dir='ltr'><strong>in</strong></span> <span class='ocrx_word' id='word_1_149' title='bbox 1349 2260 1560 2342; x_wconf 88' lang='lat' dir='ltr'><strong>septenarium</strong></span> <span class='ocrx_word' id='word_1_150' title='bbox 1578 2281 1742 2326; x_wconf 87' lang='lat' dir='ltr'><strong>numerum</strong></span> <span class='ocrx_word' id='word_1_151' title='bbox 1758 2265 1851 2326; x_wconf 86' lang='lat' dir='ltr'><strong>redc-</strong></span> 
     </span>
     <span class='ocr_line' id='line_1_19' title="bbox 535 2352 1724 2443; baseline -0.001 -23"><span class='ocrx_word' id='word_1_152' title='bbox 535 2367 669 2443; x_wconf 79' lang='lat' dir='ltr'><strong>gerunt3</strong></span> <span class='ocrx_word' id='word_1_153' title='bbox 693 2356 808 2440; x_wconf 85' lang='lat' dir='ltr'><strong>quihus</strong></span> <span class='ocrx_word' id='word_1_154' title='bbox 829 2354 961 2437; x_wconf 87' lang='lat' dir='ltr'><strong>amplius</strong></span> <span class='ocrx_word' id='word_1_155' title='bbox 984 2352 1062 2417; x_wconf 93' lang='lat' dir='ltr'><strong>nihil</strong></span> <span class='ocrx_word' id='word_1_156' title='bbox 1085 2363 1177 2415; x_wconf 87' lang='lat' dir='ltr'><strong>acuta</strong></span> <span class='ocrx_word' id='word_1_157' title='bbox 1199 2353 1301 2436; x_wconf 91' lang='lat' dir='ltr'><strong>quivit</strong></span> <span class='ocrx_word' id='word_1_158' title='bbox 1322 2353 1489 2438; x_wconf 81' lang='lat' dir='ltr'><strong>disciplina</strong></span> <span class='ocrx_word' id='word_1_159' title='bbox 1512 2375 1724 2442; x_wconf 83' lang='lat' dir='ltr'><strong>cognoscere.</strong></span> 
     </span>
    </p>

    <p class='ocr_par' dir='ltr' id='par_1_5' title="bbox 493 2447 1854 2720">
     <span class='ocr_line' id='line_1_20' title="bbox 616 2447 1853 2534; baseline 0 -20"><span class='ocrx_word' id='word_1_160' title='bbox 616 2451 668 2514; x_wconf 86' lang='lat' dir='ltr'><strong>Ile</strong></span> <span class='ocrx_word' id='word_1_161' title='bbox 696 2462 814 2516; x_wconf 84' lang='lat' dir='ltr'><strong>octavo</strong></span> <span class='ocrx_word' id='word_1_162' title='bbox 845 2459 947 2513; x_wconf 89' lang='lat' dir='ltr'><strong>autem</strong></span> <span class='ocrx_word' id='word_1_163' title='bbox 977 2467 1110 2512; x_wconf 89' lang='lat' dir='ltr'><strong>numero</strong></span> <span class='ocrx_word' id='word_1_164' title='bbox 1142 2467 1207 2511; x_wconf 91' lang='lat' dir='ltr'><strong>non</strong></span> <span class='ocrx_word' id='word_1_165' title='bbox 1229 2449 1325 2511; x_wconf 91' lang='lat' dir='ltr'><strong>multa</strong></span> <span class='ocrx_word' id='word_1_166' title='bbox 1346 2447 1465 2526; x_wconf 88' lang='lat' dir='ltr'><strong>dicam;</strong></span> <span class='ocrx_word' id='word_1_167' title='bbox 1502 2453 1559 2513; x_wconf 90' lang='lat' dir='ltr'><strong>sed</strong></span> <span class='ocrx_word' id='word_1_168' title='bbox 1580 2471 1660 2534; x_wconf 91' lang='lat' dir='ltr'><strong>quae</strong></span> <span class='ocrx_word' id='word_1_169' title='bbox 1681 2448 1757 2512; x_wconf 90' lang='lat' dir='ltr'><strong>huic</strong></span> <span class='ocrx_word' id='word_1_170' title='bbox 1777 2449 1853 2514; x_wconf 89' lang='lat' dir='ltr'><strong>loco</strong></span> 
     </span>
     <span class='ocr_line' id='line_1_21' title="bbox 493 2538 1854 2629; baseline 0.001 -25"><span class='ocrx_word' id='word_1_171' title='bbox 493 2543 707 2625; x_wconf 80' lang='lat' dir='ltr'><strong>tosrrfficiant,</strong></span> <span class='ocrx_word' id='word_1_172' title='bbox 743 2543 916 2608; x_wconf 78' lang='lat' dir='ltr'><strong>istasunt:</strong></span> <span class='ocrx_word' id='word_1_173' title='bbox 952 2543 1057 2618; x_wconf 91' lang='lat' dir='ltr'><strong>Octo,</strong></span> <span class='ocrx_word' id='word_1_174' title='bbox 1086 2539 1207 2623; x_wconf 87' lang='lat' dir='ltr'><strong>primus</strong></span> <span class='ocrx_word' id='word_1_175' title='bbox 1235 2544 1334 2606; x_wconf 89' lang='lat' dir='ltr'><strong>cubus</strong></span> <span class='ocrx_word' id='word_1_176' title='bbox 1363 2538 1476 2629; x_wconf 79' lang='grc' dir='ltr'>(κύβον</span> <span class='ocrx_word' id='word_1_177' title='bbox 1498 2543 1632 2619; x_wconf 80' lang='lat' dir='ltr'><strong>Graeci3</strong></span> <span class='ocrx_word' id='word_1_178' title='bbox 1673 2562 1731 2606; x_wconf 92' lang='lat' dir='ltr'><strong>nos</strong></span> <span class='ocrx_word' id='word_1_179' title='bbox 1768 2563 1854 2628; x_wconf 82' lang='lat' dir='ltr'><strong>quo·</strong></span> 
     </span>
     <span class='ocr_line' id='line_1_22' title="bbox 493 2635 1853 2720; baseline 0 -20"><span class='ocrx_word' id='word_1_180' title='bbox 493 2710 496 2715; x_wconf 31' lang='lat'><strong>,</strong></span> <span class='ocrx_word' id='word_1_181' title='bbox 533 2639 672 2702; x_wconf 83' lang='lat' dir='ltr'><strong>drautnl</strong></span> <span class='ocrx_word' id='word_1_182' title='bbox 691 2637 853 2717; x_wconf 89' lang='lat' dir='ltr'><strong>dicimus),</strong></span> <span class='ocrx_word' id='word_1_183' title='bbox 876 2636 995 2713; x_wconf 92' lang='lat' dir='ltr'><strong>idest,</strong></span> <span class='ocrx_word' id='word_1_184' title='bbox 1018 2635 1143 2711; x_wconf 78' lang='lat' dir='ltr'><strong>forma,</strong></span> <span class='ocrx_word' id='word_1_185' title='bbox 1178 2657 1260 2720; x_wconf 89' lang='lat' dir='ltr'><strong>quae</strong></span> <span class='ocrx_word' id='word_1_186' title='bbox 1281 2636 1342 2699; x_wconf 89' lang='lat' dir='ltr'><strong>tria</strong></span> <span class='ocrx_word' id='word_1_187' title='bbox 1364 2658 1539 2720; x_wconf 89' lang='lat' dir='ltr'><strong>corporum</strong></span> <span class='ocrx_word' id='word_1_188' title='bbox 1561 2636 1727 2701; x_wconf 87' lang='lat' dir='ltr'><strong>intervalla</strong></span> <span class='ocrx_word' id='word_1_189' title='bbox 1749 2635 1853 2701; x_wconf 91' lang='lat' dir='ltr'><strong>conti·</strong></span> 
     </span>
    </p>

    <p class='ocr_par' dir='ltr' id='par_1_6' title="bbox 434 2728 1854 4598">
     <span class='ocr_line' id='line_1_23' title="bbox 532 2728 1852 2816; baseline -0.002 -20"><span class='ocrx_word' id='word_1_190' title='bbox 532 2744 617 2796; x_wconf 86' lang='lat' dir='ltr'><strong>neat.</strong></span> <span class='ocrx_word' id='word_1_191' title='bbox 674 2733 756 2796; x_wconf 88' lang='lat' dir='ltr'><strong>Nam</strong></span> <span class='ocrx_word' id='word_1_192' title='bbox 785 2753 881 2815; x_wconf 90' lang='lat' dir='ltr'><strong>quum</strong></span> <span class='ocrx_word' id='word_1_193' title='bbox 910 2733 1043 2813; x_wconf 81' lang='grc' dir='ltr'>σημεῖον</span> <span class='ocrx_word' id='word_1_194' title='bbox 1073 2728 1174 2792; x_wconf 90' lang='lat' dir='ltr'><strong>lineae</strong></span> <span class='ocrx_word' id='word_1_195' title='bbox 1195 2749 1302 2792; x_wconf 90' lang='lat' dir='ltr'><strong>semen</strong></span> <span class='ocrx_word' id='word_1_196' title='bbox 1324 2741 1355 2794; x_wconf 91' lang='lat' dir='ltr'><strong>et</strong></span> <span class='ocrx_word' id='word_1_197' title='bbox 1375 2730 1500 2816; x_wconf 86' lang='lat' dir='ltr'><strong>signum</strong></span> <span class='ocrx_word' id='word_1_198' title='bbox 1523 2731 1590 2796; x_wconf 89' lang='lat' dir='ltr'><strong>sine</strong></span> <span class='ocrx_word' id='word_1_199' title='bbox 1611 2729 1683 2794; x_wconf 90' lang='lat' dir='ltr'><strong>ullis</strong></span> <span class='ocrx_word' id='word_1_200' title='bbox 1704 2729 1852 2812; x_wconf 86' lang='lat' dir='ltr'><strong>partibus</strong></span> 
     </span>
     <span class='ocr_line' id='line_1_24' title="bbox 534 2821 1851 2909; baseline 0 -21"><span class='ocrx_word' id='word_1_201' title='bbox 534 2826 638 2890; x_wconf 91' lang='lat' dir='ltr'><strong>animo</strong></span> <span class='ocrx_word' id='word_1_202' title='bbox 661 2825 837 2909; x_wconf 86' lang='lat' dir='ltr'><strong>cogitabis,</strong></span> <span class='ocrx_word' id='word_1_203' title='bbox 877 2825 985 2887; x_wconf 90' lang='lat' dir='ltr'><strong>cadem</strong></span> <span class='ocrx_word' id='word_1_204' title='bbox 1008 2821 1204 2906; x_wconf 88' lang='lat' dir='ltr'><strong>cogitatione</strong></span> <span class='ocrx_word' id='word_1_205' title='bbox 1226 2823 1364 2888; x_wconf 87' lang='lat' dir='ltr'><strong>defluere</strong></span> <span class='ocrx_word' id='word_1_206' title='bbox 1386 2825 1508 2890; x_wconf 84' lang='lat' dir='ltr'><strong>ridebis</strong></span> <span class='ocrx_word' id='word_1_207' title='bbox 1534 2827 1566 2889; x_wconf 89' lang='lat' dir='ltr'><strong>in</strong></span> <span class='ocrx_word' id='word_1_208' title='bbox 1588 2823 1712 2888; x_wconf 89' lang='lat' dir='ltr'><strong>lineam.</strong></span> <span class='ocrx_word' id='word_1_209' title='bbox 1758 2825 1851 2906; x_wconf 85' lang='lat' dir='ltr'><strong>Quae</strong></span> 
     </span>
     <span class='ocr_line' id='line_1_25' title="bbox 532 2912 1850 3005; baseline 0 -23"><span class='ocrx_word' id='word_1_210' title='bbox 532 2912 606 3005; x_wconf 89' lang='lat' dir='ltr'><strong>qnia</strong></span> <span class='ocrx_word' id='word_1_211' title='bbox 639 2923 763 2985; x_wconf 89' lang='lat' dir='ltr'><strong>duobus</strong></span> <span class='ocrx_word' id='word_1_212' title='bbox 791 2918 906 2982; x_wconf 91' lang='lat' dir='ltr'><strong>finibus</strong></span> <span class='ocrx_word' id='word_1_213' title='bbox 933 2917 1119 2980; x_wconf 84' lang='lat' dir='ltr'><strong>terminetur</strong></span> <span class='ocrx_word' id='word_1_214' title='bbox 1147 2915 1228 2980; x_wconf 89' lang='lat' dir='ltr'><strong>linea</strong></span> <span class='ocrx_word' id='word_1_215' title='bbox 1260 2916 1484 3003; x_wconf 88' lang='lat' dir='ltr'><strong>longitudinis,</strong></span> <span class='ocrx_word' id='word_1_216' title='bbox 1523 2921 1582 2983; x_wconf 88' lang='lat' dir='ltr'><strong>suh</strong></span> <span class='ocrx_word' id='word_1_217' title='bbox 1604 2918 1704 2983; x_wconf 87' lang='lat' dir='ltr'><strong>dualis</strong></span> <span class='ocrx_word' id='word_1_218' title='bbox 1724 2917 1850 2984; x_wconf 91' lang='lat' dir='ltr'><strong>numeri</strong></span> 
     </span>
     <span class='ocr_line' id='line_1_26' title="bbox 489 3011 1851 3098; baseline 0.001 -21"><span class='ocrx_word' id='word_1_219' title='bbox 489 3027 646 3079; x_wconf 73' lang='lat' dir='ltr'><strong>tsnatura</strong></span> <span class='ocrx_word' id='word_1_220' title='bbox 672 3014 837 3078; x_wconf 90' lang='lat' dir='ltr'><strong>limitatur.</strong></span> <span class='ocrx_word' id='word_1_221' title='bbox 894 3011 1039 3078; x_wconf 87' lang='lat' dir='ltr'><strong>Haecin</strong></span> <span class='ocrx_word' id='word_1_222' title='bbox 1062 3013 1296 3095; x_wconf 86' lang='lat' dir='ltr'><strong>quaternarium</strong></span> <span class='ocrx_word' id='word_1_223' title='bbox 1318 3014 1530 3097; x_wconf 86' lang='lat' dir='ltr'><strong>duplicatione</strong></span> <span class='ocrx_word' id='word_1_224' title='bbox 1550 3013 1784 3098; x_wconf 84' lang='lat' dir='ltr'><strong>progreditur,</strong></span> <span class='ocrx_word' id='word_1_225' title='bbox 1819 3025 1851 3078; x_wconf 86' lang='lat' dir='ltr'><strong>ct</strong></span> 
     </span>
     <span class='ocr_line' id='line_1_27' title="bbox 530 3105 1852 3194; baseline 0.001 -20"><span class='ocrx_word' id='word_1_226' title='bbox 530 3108 609 3174; x_wconf 80' lang='lat' dir='ltr'><strong>lacit</strong></span> <span class='ocrx_word' id='word_1_227' title='bbox 624 3108 844 3191; x_wconf 89' lang='lat' dir='ltr'><strong>epiphaniam,</strong></span> <span class='ocrx_word' id='word_1_228' title='bbox 869 3105 987 3182; x_wconf 89' lang='lat' dir='ltr'><strong>idest,</strong></span> <span class='ocrx_word' id='word_1_229' title='bbox 1011 3105 1222 3187; x_wconf 83' lang='lat' dir='ltr'><strong>superficiem,</strong></span> <span class='ocrx_word' id='word_1_230' title='bbox 1246 3106 1464 3190; x_wconf 70' lang='lat' dir='ltr'><strong>planipedem</strong></span> <span class='ocrx_word' id='word_1_231' title='bbox 1487 3130 1580 3194; x_wconf 89' lang='lat' dir='ltr'><strong>quam</strong></span> <span class='ocrx_word' id='word_1_232' title='bbox 1604 3109 1722 3172; x_wconf 86' lang='lat' dir='ltr'><strong>Graeci</strong></span> <span class='ocrx_word' id='word_1_233' title='bbox 1744 3107 1852 3174; x_wconf 69' lang='lat' dir='ltr'><strong>dmicc-</strong></span> 
     </span>
     <span class='ocr_line' id='line_1_28' title="bbox 531 3198 1850 3286; baseline -0.003 -18"><span class='ocrx_word' id='word_1_234' title='bbox 531 3205 590 3268; x_wconf 85' lang='grc' dir='ltr'><strong>ὃον</strong></span> <span class='ocrx_word' id='word_1_235' title='bbox 611 3202 831 3277; x_wconf 90' lang='lat' dir='ltr'><strong>nominarunt,</strong></span> <span class='ocrx_word' id='word_1_236' title='bbox 866 3211 1018 3286; x_wconf 91' lang='lat' dir='ltr'><strong>quattuor</strong></span> <span class='ocrx_word' id='word_1_237' title='bbox 1049 3198 1141 3262; x_wconf 93' lang='lat' dir='ltr'><strong>lineis</strong></span> <span class='ocrx_word' id='word_1_238' title='bbox 1170 3200 1292 3285; x_wconf 88' lang='lat' dir='ltr'><strong>angulis</strong></span> <span class='ocrx_word' id='word_1_239' title='bbox 1321 3199 1523 3284; x_wconf 89' lang='lat' dir='ltr'><strong>descriptam.</strong></span> <span class='ocrx_word' id='word_1_240' title='bbox 1581 3201 1671 3283; x_wconf 85' lang='lat' dir='ltr'><strong>Quae</strong></span> <span class='ocrx_word' id='word_1_241' title='bbox 1693 3199 1720 3264; x_wconf 94' lang='lat' dir='ltr'><strong>si</strong></span> <span class='ocrx_word' id='word_1_242' title='bbox 1750 3221 1850 3285; x_wconf 84' lang='lat' dir='ltr'><strong>acque</strong></span> 
     </span>
     <span class='ocr_line' id='line_1_29' title="bbox 532 3293 1848 3381; baseline -0.002 -22"><span class='ocrx_word' id='word_1_243' title='bbox 532 3296 620 3378; x_wconf 92' lang='lat' dir='ltr'><strong>dupli</strong></span> <span class='ocrx_word' id='word_1_244' title='bbox 652 3297 775 3361; x_wconf 90' lang='lat' dir='ltr'><strong>ratione</strong></span> <span class='ocrx_word' id='word_1_245' title='bbox 804 3300 1011 3381; x_wconf 87' lang='lat' dir='ltr'><strong>grandescat,</strong></span> <span class='ocrx_word' id='word_1_246' title='bbox 1046 3306 1164 3358; x_wconf 84' lang='lat' dir='ltr'><strong>octavo</strong></span> <span class='ocrx_word' id='word_1_247' title='bbox 1194 3315 1326 3360; x_wconf 90' lang='lat' dir='ltr'><strong>numero</strong></span> <span class='ocrx_word' id='word_1_248' title='bbox 1358 3295 1544 3381; x_wconf 86' lang='lat' dir='ltr'><strong>quadrantal</strong></span> <span class='ocrx_word' id='word_1_249' title='bbox 1570 3293 1649 3358; x_wconf 92' lang='lat' dir='ltr'><strong>illud</strong></span> <span class='ocrx_word' id='word_1_250' title='bbox 1678 3295 1848 3370; x_wconf 85' lang='lat' dir='ltr'><strong>ahsolrct,</strong></span> 
     </span>
     <span class='ocr_line' id='line_1_30' title="bbox 435 3383 1851 3474; baseline -0.002 -21"><span class='ocrx_word' id='word_1_251' title='bbox 435 3383 440 3392; x_wconf 76' lang='grc'><strong>’</strong></span> <span class='ocrx_word' id='word_1_252' title='bbox 532 3389 673 3474; x_wconf 85' lang='lat' dir='ltr'><strong>critque,</strong></span> <span class='ocrx_word' id='word_1_253' title='bbox 710 3403 745 3453; x_wconf 90' lang='lat' dir='ltr'><strong>ut</strong></span> <span class='ocrx_word' id='word_1_254' title='bbox 768 3391 919 3466; x_wconf 85' lang='lat' dir='ltr'><strong>diximus,</strong></span> <span class='ocrx_word' id='word_1_255' title='bbox 956 3390 987 3452; x_wconf 92' lang='lat' dir='ltr'><strong>in</strong></span> <span class='ocrx_word' id='word_1_256' title='bbox 1009 3390 1135 3453; x_wconf 91' lang='lat' dir='ltr'><strong>duobus</strong></span> <span class='ocrx_word' id='word_1_257' title='bbox 1161 3386 1349 3474; x_wconf 82' lang='lat' dir='ltr'><strong>longitudo,</strong></span> <span class='ocrx_word' id='word_1_258' title='bbox 1383 3389 1415 3451; x_wconf 93' lang='lat' dir='ltr'><strong>in</strong></span> <span class='ocrx_word' id='word_1_259' title='bbox 1445 3400 1597 3471; x_wconf 89' lang='lat' dir='ltr'><strong>quattuor</strong></span> <span class='ocrx_word' id='word_1_260' title='bbox 1633 3388 1786 3463; x_wconf 90' lang='lat' dir='ltr'><strong>latitudo,</strong></span> <span class='ocrx_word' id='word_1_261' title='bbox 1818 3387 1851 3451; x_wconf 90' lang='lat' dir='ltr'><strong>in</strong></span> 
     </span>
     <span class='ocr_line' id='line_1_31' title="bbox 494 3480 1851 3567; baseline -0.003 -20"><span class='ocrx_word' id='word_1_262' title='bbox 494 3495 609 3552; x_wconf 84' lang='lat' dir='ltr'><strong>anneto</strong></span> <span class='ocrx_word' id='word_1_263' title='bbox 631 3482 784 3558; x_wconf 74' lang='lat' dir='ltr'><strong>altitudor</strong></span> <span class='ocrx_word' id='word_1_264' title='bbox 808 3484 880 3567; x_wconf 92' lang='lat' dir='ltr'><strong>quia</strong></span> <span class='ocrx_word' id='word_1_265' title='bbox 902 3482 980 3546; x_wconf 91' lang='lat' dir='ltr'><strong>nibil</strong></span> <span class='ocrx_word' id='word_1_266' title='bbox 1001 3480 1134 3564; x_wconf 90' lang='lat' dir='ltr'><strong>amplius</strong></span> <span class='ocrx_word' id='word_1_267' title='bbox 1156 3480 1189 3544; x_wconf 93' lang='lat' dir='ltr'><strong>in</strong></span> <span class='ocrx_word' id='word_1_268' title='bbox 1210 3481 1299 3546; x_wconf 90' lang='lat' dir='ltr'><strong>lineis</strong></span> <span class='ocrx_word' id='word_1_269' title='bbox 1320 3503 1460 3566; x_wconf 89' lang='lat' dir='ltr'><strong>corpora</strong></span> <span class='ocrx_word' id='word_1_270' title='bbox 1475 3483 1620 3566; x_wconf 86' lang='lat' dir='ltr'><strong>perfecta</strong></span> <span class='ocrx_word' id='word_1_271' title='bbox 1635 3480 1851 3567; x_wconf 90' lang='lat' dir='ltr'><strong>conquirunt,</strong></span> 
     </span>
     <span class='ocr_line' id='line_1_32' title="bbox 532 3569 1853 3664; baseline 0 -26"><span class='ocrx_word' id='word_1_272' title='bbox 532 3597 614 3661; x_wconf 90' lang='lat' dir='ltr'><strong>quae</strong></span> <span class='ocrx_word' id='word_1_273' title='bbox 636 3597 652 3638; x_wconf 92' lang='lat' dir='ltr'><strong>a</strong></span> <span class='ocrx_word' id='word_1_274' title='bbox 675 3577 767 3640; x_wconf 89' lang='lat' dir='ltr'><strong>nohis</strong></span> <span class='ocrx_word' id='word_1_275' title='bbox 788 3577 910 3652; x_wconf 90' lang='lat' dir='ltr'><strong>solida,</strong></span> <span class='ocrx_word' id='word_1_276' title='bbox 934 3597 952 3640; x_wconf 91' lang='lat' dir='ltr'><strong>a</strong></span> <span class='ocrx_word' id='word_1_277' title='bbox 974 3575 1108 3640; x_wconf 86' lang='lat' dir='ltr'><strong>Graecis</strong></span> <span class='ocrx_word' id='word_1_278' title='bbox 1131 3573 1247 3664; x_wconf 75' lang='lat' dir='ltr'><strong>erepsit</strong></span> <span class='ocrx_word' id='word_1_279' title='bbox 1267 3569 1420 3663; x_wconf 80' lang='grc' dir='ltr'><em>σχήματα</em></span> <span class='ocrx_word' id='word_1_280' title='bbox 1437 3577 1651 3642; x_wconf 87' lang='lat' dir='ltr'><strong>nominantur.</strong></span> <span class='ocrx_word' id='word_1_281' title='bbox 1694 3577 1780 3640; x_wconf 82' lang='lat' dir='ltr'><strong>Nam</strong></span> <span class='ocrx_word' id='word_1_282' title='bbox 1795 3597 1853 3638; x_wconf 89' lang='lat' dir='ltr'><strong>co·</strong></span> 
     </span>
     <span class='ocr_line' id='line_1_33' title="bbox 530 3667 1854 3754; baseline 0 -22"><span class='ocrx_word' id='word_1_283' title='bbox 530 3669 599 3746; x_wconf 93' lang='lat' dir='ltr'><strong>lor,</strong></span> <span class='ocrx_word' id='word_1_284' title='bbox 624 3669 678 3754; x_wconf 93' lang='lat' dir='ltr'><strong>qui</strong></span> <span class='ocrx_word' id='word_1_285' title='bbox 699 3669 800 3739; x_wconf 82' lang='lat' dir='ltr'><strong>veluti</strong></span> <span class='ocrx_word' id='word_1_286' title='bbox 820 3691 921 3734; x_wconf 82' lang='lat' dir='ltr'><strong>novus</strong></span> <span class='ocrx_word' id='word_1_287' title='bbox 950 3669 1087 3747; x_wconf 86' lang='lat' dir='ltr'><strong>accedit,</strong></span> <span class='ocrx_word' id='word_1_288' title='bbox 1121 3690 1138 3733; x_wconf 91' lang='lat' dir='ltr'><strong>a</strong></span> <span class='ocrx_word' id='word_1_289' title='bbox 1165 3667 1325 3752; x_wconf 84' lang='lat' dir='ltr'><strong>plerisque</strong></span> <span class='ocrx_word' id='word_1_290' title='bbox 1347 3689 1412 3734; x_wconf 89' lang='lat' dir='ltr'><strong>non</strong></span> <span class='ocrx_word' id='word_1_291' title='bbox 1432 3669 1554 3734; x_wconf 87' lang='lat' dir='ltr'><strong>naturis</strong></span> <span class='ocrx_word' id='word_1_292' title='bbox 1576 3691 1772 3753; x_wconf 84' lang='lat' dir='ltr'><strong>corporum,</strong></span> <span class='ocrx_word' id='word_1_293' title='bbox 1795 3671 1854 3733; x_wconf 88' lang='lat' dir='ltr'><strong>sed</strong></span> 
     </span>
     <span class='ocr_line' id='line_1_34' title="bbox 533 3762 1852 3848; baseline -0.002 -22"><span class='ocrx_word' id='word_1_294' title='bbox 533 3762 613 3826; x_wconf 89' lang='lat' dir='ltr'><strong>lucis</strong></span> <span class='ocrx_word' id='word_1_295' title='bbox 636 3763 768 3827; x_wconf 88' lang='lat' dir='ltr'><strong>iactibus</strong></span> <span class='ocrx_word' id='word_1_296' title='bbox 789 3762 1114 3847; x_wconf 88' lang='lat' dir='ltr'><strong>impressionihusque</strong></span> <span class='ocrx_word' id='word_1_297' title='bbox 1133 3762 1298 3827; x_wconf 89' lang='lat' dir='ltr'><strong>tribuitur.</strong></span> <span class='ocrx_word' id='word_1_298' title='bbox 1352 3764 1444 3828; x_wconf 92' lang='lat' dir='ltr'><strong>Unde</strong></span> <span class='ocrx_word' id='word_1_299' title='bbox 1474 3763 1551 3827; x_wconf 90' lang='lat' dir='ltr'><strong>illud</strong></span> <span class='ocrx_word' id='word_1_300' title='bbox 1580 3775 1668 3828; x_wconf 86' lang='lat' dir='ltr'><strong>recte</strong></span> <span class='ocrx_word' id='word_1_301' title='bbox 1690 3762 1852 3848; x_wconf 85' lang='lat' dir='ltr'><strong>Virgilius</strong></span> 
     </span>
     <span class='ocr_line' id='line_1_35' title="bbox 521 3853 1853 3942; baseline 0 -22"><span class='ocrx_word' id='word_1_302' title='bbox 521 3858 630 3937; x_wconf 69' lang='lat' dir='ltr'><strong>(Aen.</strong></span> <span class='ocrx_word' id='word_1_303' title='bbox 665 3878 711 3920; x_wconf 85' lang='lat' dir='ltr'><strong>vr.</strong></span> <span class='ocrx_word' id='word_1_304' title='bbox 742 3878 831 3921; x_wconf 86' lang='lat' dir='ltr'><strong>vers.</strong></span> <span class='ocrx_word' id='word_1_305' title='bbox 860 3857 969 3938; x_wconf 51' lang='lat'><strong>2720:</strong></span> <span class='ocrx_word' id='word_1_306' title='bbox 1005 3853 1051 3921; x_wconf 77' lang='lat' dir='ltr'><strong>Et</strong></span> <span class='ocrx_word' id='word_1_307' title='bbox 1083 3857 1184 3920; x_wconf 83' lang='lat' dir='ltr'><strong>rebus</strong></span> <span class='ocrx_word' id='word_1_308' title='bbox 1206 3877 1279 3920; x_wconf 85' lang='lat' dir='ltr'><strong>noar</strong></span> <span class='ocrx_word' id='word_1_309' title='bbox 1299 3857 1439 3921; x_wconf 58' lang='lat' dir='ltr'><strong>detulit</strong></span> <span class='ocrx_word' id='word_1_310' title='bbox 1459 3869 1540 3922; x_wconf 85' lang='lat' dir='ltr'><strong>atro</strong></span> <span class='ocrx_word' id='word_1_311' title='bbox 1560 3859 1726 3929; x_wconf 74' lang='lat' dir='ltr'><strong>colorem,-</strong></span> <span class='ocrx_word' id='word_1_312' title='bbox 1763 3857 1853 3942; x_wconf 86' lang='lat' dir='ltr'><strong>quod</strong></span> 
     </span>
     <span class='ocr_line' id='line_1_36' title="bbox 495 3948 1851 4034; baseline -0.001 -23"><span class='ocrx_word' id='word_1_313' title='bbox 495 3950 639 4034; x_wconf 68' lang='lat' dir='ltr'><strong>aetatique</strong></span> <span class='ocrx_word' id='word_1_314' title='bbox 672 3951 821 4027; x_wconf 88' lang='lat' dir='ltr'><strong>dederat,</strong></span> <span class='ocrx_word' id='word_1_315' title='bbox 855 3950 996 4014; x_wconf 89' lang='lat' dir='ltr'><strong>abstulit.</strong></span> <span class='ocrx_word' id='word_1_316' title='bbox 1055 3949 1119 4013; x_wconf 88' lang='lat' dir='ltr'><strong>Sed</strong></span> <span class='ocrx_word' id='word_1_317' title='bbox 1146 3971 1185 4014; x_wconf 90' lang='lat' dir='ltr'><strong>ne</strong></span> <span class='ocrx_word' id='word_1_318' title='bbox 1216 3952 1254 4014; x_wconf 91' lang='lat' dir='ltr'><strong>de</strong></span> <span class='ocrx_word' id='word_1_319' title='bbox 1282 3950 1388 4034; x_wconf 87' lang='lat' dir='ltr'><strong>primo</strong></span> <span class='ocrx_word' id='word_1_320' title='bbox 1417 3954 1502 4017; x_wconf 88' lang='lat' dir='ltr'><strong>cubo</strong></span> <span class='ocrx_word' id='word_1_321' title='bbox 1530 3951 1670 4014; x_wconf 84' lang='lat' dir='ltr'><strong>dicentes</strong></span> <span class='ocrx_word' id='word_1_322' title='bbox 1691 3951 1732 4012; x_wconf 84' lang='lat' dir='ltr'><strong>ad</strong></span> <span class='ocrx_word' id='word_1_323' title='bbox 1754 3948 1851 4012; x_wconf 85' lang='lat' dir='ltr'><strong>alium</strong></span> 
     </span>
     <span class='ocr_line' id='line_1_37' title="bbox 531 4041 1852 4128; baseline 0.001 -23"><span class='ocrx_word' id='word_1_324' title='bbox 531 4054 727 4107; x_wconf 85' lang='lat' dir='ltr'><strong>transeamus</strong></span> <span class='ocrx_word' id='word_1_325' title='bbox 750 4055 782 4108; x_wconf 85' lang='lat' dir='ltr'><strong>ct</strong></span> <span class='ocrx_word' id='word_1_326' title='bbox 802 4044 844 4109; x_wconf 89' lang='lat' dir='ltr'><strong>sit</strong></span> <span class='ocrx_word' id='word_1_327' title='bbox 865 4043 1034 4108; x_wconf 91' lang='lat' dir='ltr'><strong>mutilantis</strong></span> <span class='ocrx_word' id='word_1_328' title='bbox 1057 4043 1238 4107; x_wconf 88' lang='lat' dir='ltr'><strong>subtilitatis</strong></span> <span class='ocrx_word' id='word_1_329' title='bbox 1260 4045 1413 4120; x_wconf 86' lang='lat' dir='ltr'><strong>assertio;</strong></span> <span class='ocrx_word' id='word_1_330' title='bbox 1437 4057 1471 4108; x_wconf 92' lang='lat' dir='ltr'><strong>ut</strong></span> <span class='ocrx_word' id='word_1_331' title='bbox 1492 4066 1509 4107; x_wconf 93' lang='lat' dir='ltr'><strong>a</strong></span> <span class='ocrx_word' id='word_1_332' title='bbox 1532 4065 1665 4110; x_wconf 84' lang='lat' dir='ltr'><strong>numero</strong></span> <span class='ocrx_word' id='word_1_333' title='bbox 1680 4041 1770 4126; x_wconf 87' lang='lat' dir='ltr'><strong>pari,</strong></span> <span class='ocrx_word' id='word_1_334' title='bbox 1794 4041 1852 4128; x_wconf 89' lang='lat' dir='ltr'><strong>qni</strong></span> 
     </span>
     <span class='ocr_line' id='line_1_38' title="bbox 434 4135 1851 4221; baseline -0.001 -21"><span class='ocrx_word' id='word_1_335' title='bbox 434 4214 436 4221; x_wconf 28' lang='grc' dir='ltr'>Ι</span> <span class='ocrx_word' id='word_1_336' title='bbox 530 4137 684 4201; x_wconf 79' lang='lat' dir='ltr'><strong>semineus</strong></span> <span class='ocrx_word' id='word_1_337' title='bbox 707 4141 864 4216; x_wconf 89' lang='lat' dir='ltr'><strong>habetur,</strong></span> <span class='ocrx_word' id='word_1_338' title='bbox 888 4139 990 4203; x_wconf 88' lang='lat' dir='ltr'><strong>trihus</strong></span> <span class='ocrx_word' id='word_1_339' title='bbox 1012 4137 1074 4202; x_wconf 87' lang='lat' dir='ltr'><strong>illis</strong></span> <span class='ocrx_word' id='word_1_340' title='bbox 1096 4135 1247 4200; x_wconf 91' lang='lat' dir='ltr'><strong>limitibus</strong></span> <span class='ocrx_word' id='word_1_341' title='bbox 1272 4137 1440 4219; x_wconf 87' lang='lat' dir='ltr'><strong>duplicatis</strong></span> <span class='ocrx_word' id='word_1_342' title='bbox 1461 4148 1554 4202; x_wconf 88' lang='lat' dir='ltr'><strong>natus</strong></span> <span class='ocrx_word' id='word_1_343' title='bbox 1578 4148 1626 4201; x_wconf 88' lang='lat' dir='ltr'><strong>est</strong></span> <span class='ocrx_word' id='word_1_344' title='bbox 1647 4139 1767 4200; x_wconf 81' lang='lat' dir='ltr'><strong>cubus:</strong></span> <span class='ocrx_word' id='word_1_345' title='bbox 1803 4136 1851 4199; x_wconf 86' lang='lat' dir='ltr'><strong>ita</strong></span> 
     </span>
     <span class='ocr_line' id='line_1_39' title="bbox 531 4228 1851 4318; baseline 0 -26"><span class='ocrx_word' id='word_1_346' title='bbox 531 4231 634 4294; x_wconf 88' lang='lat' dir='ltr'><strong>trihus</strong></span> <span class='ocrx_word' id='word_1_347' title='bbox 645 4253 704 4315; x_wconf 90' lang='lat' dir='ltr'><strong>per</strong></span> <span class='ocrx_word' id='word_1_348' title='bbox 712 4233 760 4296; x_wconf 91' lang='lat' dir='ltr'><strong>sui</strong></span> <span class='ocrx_word' id='word_1_349' title='bbox 772 4245 914 4296; x_wconf 90' lang='lat' dir='ltr'><strong>naturam</strong></span> <span class='ocrx_word' id='word_1_350' title='bbox 927 4246 976 4296; x_wconf 89' lang='lat' dir='ltr'><strong>ter</strong></span> <span class='ocrx_word' id='word_1_351' title='bbox 985 4230 1149 4314; x_wconf 89' lang='lat' dir='ltr'><strong>triplicatis</strong></span> <span class='ocrx_word' id='word_1_352' title='bbox 1161 4231 1293 4294; x_wconf 88' lang='lat' dir='ltr'><strong>efficitur</strong></span> <span class='ocrx_word' id='word_1_353' title='bbox 1305 4231 1382 4296; x_wconf 88' lang='lat' dir='ltr'><strong>alius</strong></span> <span class='ocrx_word' id='word_1_354' title='bbox 1393 4233 1492 4295; x_wconf 90' lang='lat' dir='ltr'><strong>cubus</strong></span> <span class='ocrx_word' id='word_1_355' title='bbox 1502 4230 1627 4318; x_wconf 88' lang='lat' dir='ltr'><strong>generis</strong></span> <span class='ocrx_word' id='word_1_356' title='bbox 1642 4228 1772 4314; x_wconf 85' lang='lat' dir='ltr'><strong>imparis</strong></span> <span class='ocrx_word' id='word_1_357' title='bbox 1785 4249 1851 4292; x_wconf 84' lang='lat' dir='ltr'><strong>ma·</strong></span> 
     </span>
     <span class='ocr_line' id='line_1_40' title="bbox 532 4322 1849 4410; baseline 0 -24"><span class='ocrx_word' id='word_1_358' title='bbox 532 4322 683 4388; x_wconf 89' lang='lat' dir='ltr'><strong>sculinus.</strong></span> <span class='ocrx_word' id='word_1_359' title='bbox 726 4327 871 4410; x_wconf 86' lang='lat' dir='ltr'><strong>Namque</strong></span> <span class='ocrx_word' id='word_1_360' title='bbox 893 4337 959 4389; x_wconf 88' lang='lat' dir='ltr'><strong>trcs</strong></span> <span class='ocrx_word' id='word_1_361' title='bbox 981 4325 1092 4388; x_wconf 89' lang='lat' dir='ltr'><strong>lineam</strong></span> <span class='ocrx_word' id='word_1_362' title='bbox 1106 4325 1225 4390; x_wconf 85' lang='lat' dir='ltr'><strong>faciunt</strong></span> <span class='ocrx_word' id='word_1_363' title='bbox 1246 4325 1470 4410; x_wconf 88' lang='lat' dir='ltr'><strong>longitudinis;</strong></span> <span class='ocrx_word' id='word_1_364' title='bbox 1498 4346 1616 4390; x_wconf 83' lang='lat' dir='ltr'><strong>norem</strong></span> <span class='ocrx_word' id='word_1_365' title='bbox 1638 4322 1749 4388; x_wconf 87' lang='lat' dir='ltr'><strong>lincam</strong></span> <span class='ocrx_word' id='word_1_366' title='bbox 1779 4323 1849 4386; x_wconf 82' lang='lat' dir='ltr'><strong>lati·</strong></span> 
     </span>
     <span class='ocr_line' id='line_1_41' title="bbox 490 4417 1850 4505; baseline -0.004 -19"><span class='ocrx_word' id='word_1_367' title='bbox 490 4419 664 4495; x_wconf 78' lang='lat' dir='ltr'><strong>totudinis3</strong></span> <span class='ocrx_word' id='word_1_368' title='bbox 688 4419 802 4505; x_wconf 81' lang='lat' dir='ltr'><strong>viginti</strong></span> <span class='ocrx_word' id='word_1_369' title='bbox 824 4441 902 4485; x_wconf 86' lang='lat' dir='ltr'><strong>vero</strong></span> <span class='ocrx_word' id='word_1_370' title='bbox 925 4431 956 4484; x_wconf 87' lang='lat' dir='ltr'><strong>et</strong></span> <span class='ocrx_word' id='word_1_371' title='bbox 977 4434 1095 4503; x_wconf 86' lang='lat' dir='ltr'><strong>septem</strong></span> <span class='ocrx_word' id='word_1_372' title='bbox 1118 4418 1364 4502; x_wconf 78' lang='lat' dir='ltr'><strong>profunditatem</strong></span> <span class='ocrx_word' id='word_1_373' title='bbox 1386 4419 1470 4486; x_wconf 86' lang='lat' dir='ltr'><strong>illam</strong></span> <span class='ocrx_word' id='word_1_374' title='bbox 1486 4417 1653 4484; x_wconf 88' lang='lat' dir='ltr'><strong>soliditatis</strong></span> <span class='ocrx_word' id='word_1_375' title='bbox 1668 4417 1850 4482; x_wconf 81' lang='lat' dir='ltr'><strong>absolvent.</strong></span> 
     </span>
     <span class='ocr_line' id='line_1_42' title="bbox 534 4511 1178 4598; baseline 0.005 -23"><span class='ocrx_word' id='word_1_376' title='bbox 534 4511 631 4592; x_wconf 85' lang='lat' dir='ltr'><strong>Quod</strong></span> <span class='ocrx_word' id='word_1_377' title='bbox 650 4513 711 4576; x_wconf 92' lang='lat' dir='ltr'><strong>hac</strong></span> <span class='ocrx_word' id='word_1_378' title='bbox 732 4514 943 4598; x_wconf 86' lang='lat' dir='ltr'><strong>descriptione</strong></span> <span class='ocrx_word' id='word_1_379' title='bbox 965 4515 1011 4579; x_wconf 90' lang='lat' dir='ltr'><strong>sic</strong></span> <span class='ocrx_word' id='word_1_380' title='bbox 1030 4515 1178 4578; x_wconf 79' lang='lat' dir='ltr'><strong>intuerer</strong></span> 
     </span>
    </p>
   </div>
   <div class='ocr_carea' id='block_1_5' title="bbox 509 4755 1854 5216">
    <p class='ocr_par' dir='ltr' id='par_1_7' title="bbox 531 4755 1854 5140">
     <span class='ocr_line' id='line_1_43' title="bbox 608 4755 1852 4838; baseline -0.005 -21"><span class='ocrx_word' id='word_1_381' title='bbox 608 4765 635 4817; x_wconf 90' lang='lat'><strong>7.</strong></span> <span class='ocrx_word' id='word_1_382' title='bbox 654 4761 728 4815; x_wconf 80' lang='lat' dir='ltr'><strong>Fore.</strong></span> <span class='ocrx_word' id='word_1_383' title='bbox 748 4767 896 4832; x_wconf 75' lang='lat' dir='ltr'><strong>meusium,</strong></span> <span class='ocrx_word' id='word_1_384' title='bbox 917 4767 1027 4836; x_wconf 81' lang='lat' dir='ltr'><strong>potins,</strong></span> <span class='ocrx_word' id='word_1_385' title='bbox 1044 4769 1281 4836; x_wconf 74' lang='lat' dir='ltr'><strong>septimanarum,</strong></span> <span class='ocrx_word' id='word_1_386' title='bbox 1299 4779 1349 4838; x_wconf 89' lang='lat' dir='ltr'><strong>pro</strong></span> <span class='ocrx_word' id='word_1_387' title='bbox 1361 4765 1593 4835; x_wconf 76' lang='lat' dir='ltr'><strong>septimrstrr‘um,</strong></span> <span class='ocrx_word' id='word_1_388' title='bbox 1613 4775 1643 4814; x_wconf 83' lang='lat' dir='ltr'><strong>rat</strong></span> <span class='ocrx_word' id='word_1_389' title='bbox 1658 4755 1707 4814; x_wconf 87' lang='lat' dir='ltr'><strong>lnl.</strong></span> <span class='ocrx_word' id='word_1_390' title='bbox 1728 4757 1852 4813; x_wconf 75' lang='lat' dir='ltr'><strong>deum.</strong></span> 
     </span>
     <span class='ocr_line' id='line_1_44' title="bbox 533 4833 1853 4911; baseline -0.002 -23"><span class='ocrx_word' id='word_1_391' title='bbox 533 4833 717 4888; x_wconf 83' lang='lat' dir='ltr'><strong>Scribendum</strong></span> <span class='ocrx_word' id='word_1_392' title='bbox 738 4851 823 4908; x_wconf 87' lang='lat' dir='ltr'><strong>pntor</strong></span> <span class='ocrx_word' id='word_1_393' title='bbox 852 4856 886 4891; x_wconf 81' lang='lat' dir='ltr'><strong>ac</strong></span> <span class='ocrx_word' id='word_1_394' title='bbox 912 4839 1023 4908; x_wconf 81' lang='lat' dir='ltr'><strong>plenum</strong></span> <span class='ocrx_word' id='word_1_395' title='bbox 1047 4844 1129 4893; x_wconf 79' lang='lat' dir='ltr'><strong>noret</strong></span> <span class='ocrx_word' id='word_1_396' title='bbox 1147 4841 1355 4911; x_wconf 75' lang='lat' dir='ltr'><strong>legitimamque</strong></span> <span class='ocrx_word' id='word_1_397' title='bbox 1376 4847 1480 4911; x_wconf 73' lang='lat' dir='ltr'><strong>partiar</strong></span> <span class='ocrx_word' id='word_1_398' title='bbox 1498 4837 1748 4889; x_wconf 74' lang='lat' dir='ltr'><strong>dinumerationem</strong></span> <span class='ocrx_word' id='word_1_399' title='bbox 1768 4851 1853 4886; x_wconf 75' lang='lat' dir='ltr'><strong>m-</strong></span> 
     </span>
     <span class='ocr_line' id='line_1_45' title="bbox 531 4911 1854 4988; baseline 0 -28"><span class='ocrx_word' id='word_1_400' title='bbox 531 4928 636 4966; x_wconf 76' lang='lat' dir='ltr'><strong>auram.</strong></span> <span class='ocrx_word' id='word_1_401' title='bbox 656 4911 767 4967; x_wconf 73' lang='lat' dir='ltr'><strong>Birra.</strong></span> <span class='ocrx_word' id='word_1_402' title='bbox 817 4916 862 4970; x_wconf 81' lang='lat'><strong>19.</strong></span> <span class='ocrx_word' id='word_1_403' title='bbox 883 4913 1010 4966; x_wconf 85' lang='lat' dir='ltr'><strong>hlscroh.</strong></span> <span class='ocrx_word' id='word_1_404' title='bbox 1031 4913 1080 4969; x_wconf 77' lang='lat' dir='ltr'><strong>tab.</strong></span> <span class='ocrx_word' id='word_1_405' title='bbox 1101 4917 1124 4970; x_wconf 92' lang='lat' dir='ltr'><strong>l.</strong></span> <span class='ocrx_word' id='word_1_406' title='bbox 1144 4917 1263 4971; x_wconf 79' lang='lat' dir='ltr'><strong>somnii.</strong></span> <span class='ocrx_word' id='word_1_407' title='bbox 1288 4931 1348 4988; x_wconf 87' lang='lat' dir='ltr'><strong>cap.</strong></span> <span class='ocrx_word' id='word_1_408' title='bbox 1368 4919 1395 4974; x_wconf 85' lang='grc'><strong>5.</strong></span> <span class='ocrx_word' id='word_1_409' title='bbox 1424 4915 1544 4968; x_wconf 71' lang='lat' dir='ltr'><strong>Senon.</strong></span> <span class='ocrx_word' id='word_1_410' title='bbox 1593 4915 1640 4968; x_wconf 83' lang='lat'><strong>27.</strong></span> <span class='ocrx_word' id='word_1_411' title='bbox 1660 4915 1704 4965; x_wconf 76' lang='lat' dir='ltr'><strong>An</strong></span> <span class='ocrx_word' id='word_1_412' title='bbox 1722 4911 1806 4962; x_wconf 79' lang='lat' dir='ltr'><strong>lluets</strong></span> <span class='ocrx_word' id='word_1_413' title='bbox 1824 4913 1854 4960; x_wconf 81' lang='lat' dir='ltr'><strong>et</strong></span> 
     </span>
     <span class='ocr_line' id='line_1_46' title="bbox 532 4982 1853 5054; baseline 0.001 -19"><span class='ocrx_word' id='word_1_414' title='bbox 532 4987 666 5054; x_wconf 79' lang='lat' dir='ltr'><strong>nugulis?</strong></span> <span class='ocrx_word' id='word_1_415' title='bbox 696 4989 777 5041; x_wconf 80' lang='lat' dir='ltr'><strong>Bam.</strong></span> <span class='ocrx_word' id='word_1_416' title='bbox 832 4988 1191 5047; x_wconf 74' lang='lat' dir='ltr'><strong>52.1²ou.nonm.nsrr.</strong></span> <span class='ocrx_word' id='word_1_417' title='bbox 1230 4995 1277 5050; x_wconf 78' lang='lat'><strong>55.</strong></span> <span class='ocrx_word' id='word_1_418' title='bbox 1298 4987 1452 5046; x_wconf 81' lang='lat' dir='ltr'><strong>Absurdnm</strong></span> <span class='ocrx_word' id='word_1_419' title='bbox 1472 5003 1515 5042; x_wconf 85' lang='lat' dir='ltr'><strong>cst</strong></span> <span class='ocrx_word' id='word_1_420' title='bbox 1534 4999 1646 5040; x_wconf 82' lang='lat' dir='ltr'><strong>noctem</strong></span> <span class='ocrx_word' id='word_1_421' title='bbox 1668 4982 1777 5039; x_wconf 85' lang='lat' dir='ltr'><strong>dcdlsrs</strong></span> <span class='ocrx_word' id='word_1_422' title='bbox 1795 4983 1853 5038; x_wconf 80' lang='lat' dir='ltr'><strong>dact</strong></span> 
     </span>
     <span class='ocr_line' id='line_1_47' title="bbox 532 5059 1854 5140; baseline 0.001 -28"><span class='ocrx_word' id='word_1_423' title='bbox 532 5060 614 5114; x_wconf 82' lang='lat' dir='ltr'><strong>nehus</strong></span> <span class='ocrx_word' id='word_1_424' title='bbox 634 5060 773 5129; x_wconf 83' lang='lat' dir='ltr'><strong>colorem,</strong></span> <span class='ocrx_word' id='word_1_425' title='bbox 792 5078 861 5134; x_wconf 82' lang='lat' dir='ltr'><strong>qnae</strong></span> <span class='ocrx_word' id='word_1_426' title='bbox 881 5061 1010 5119; x_wconf 81' lang='lat' dir='ltr'><strong>omnibus</strong></span> <span class='ocrx_word' id='word_1_427' title='bbox 1030 5083 1091 5118; x_wconf 84' lang='lat' dir='ltr'><strong>cum</strong></span> <span class='ocrx_word' id='word_1_428' title='bbox 1112 5064 1254 5140; x_wconf 78' lang='lat' dir='ltr'><strong>abstergit.</strong></span> <span class='ocrx_word' id='word_1_429' title='bbox 1292 5063 1491 5119; x_wconf 81' lang='lat' dir='ltr'><strong>Scrlhendnnnt</strong></span> <span class='ocrx_word' id='word_1_430' title='bbox 1509 5061 1583 5132; x_wconf 74' lang='lat' dir='ltr'><strong>quod</strong></span> <span class='ocrx_word' id='word_1_431' title='bbox 1599 5065 1694 5132; x_wconf 65' lang='lat' dir='ltr'><strong>melque</strong></span> <span class='ocrx_word' id='word_1_432' title='bbox 1706 5065 1755 5132; x_wconf 74' lang='lat' dir='ltr'><strong>qni</strong></span> <span class='ocrx_word' id='word_1_433' title='bbox 1765 5059 1854 5114; x_wconf 73' lang='lat' dir='ltr'><strong>dede-</strong></span> 
     </span>
    </p>

    <p class='ocr_par' dir='ltr' id='par_1_8' title="bbox 509 5132 1692 5216">
     <span class='ocr_line' id='line_1_48' title="bbox 509 5132 1692 5216; baseline 0.004 -29"><span class='ocrx_word' id='word_1_434' title='bbox 509 5143 618 5208; x_wconf 82' lang='lat' dir='ltr'><strong>.rnut‚</strong></span> <span class='ocrx_word' id='word_1_435' title='bbox 637 5132 772 5201; x_wconf 69' lang='lat' dir='ltr'><strong>abertate,-</strong></span> <span class='ocrx_word' id='word_1_436' title='bbox 792 5138 853 5210; x_wconf 83' lang='lat' dir='ltr'><strong>rel,</strong></span> <span class='ocrx_word' id='word_1_437' title='bbox 874 5139 1192 5200; x_wconf 66' lang='lat' dir='ltr'><strong>sacramenrorum.</strong></span> <span class='ocrx_word' id='word_1_438' title='bbox 1226 5145 1270 5198; x_wconf 75' lang='lat' dir='ltr'><strong>An</strong></span> <span class='ocrx_word' id='word_1_439' title='bbox 1289 5145 1383 5216; x_wconf 79' lang='lat' dir='ltr'><strong>utique</strong></span> <span class='ocrx_word' id='word_1_440' title='bbox 1403 5139 1462 5193; x_wconf 76' lang='lat' dir='ltr'><strong>diss</strong></span> <span class='ocrx_word' id='word_1_441' title='bbox 1480 5135 1618 5194; x_wconf 74' lang='lat' dir='ltr'><strong>dederat?</strong></span> <span class='ocrx_word' id='word_1_442' title='bbox 1637 5136 1692 5192; x_wconf 75' lang='lat'><strong>01.</strong></span> 
     </span>
    </p>
   </div>
   <div class='ocr_carea' id='block_1_6' title="bbox 0 0 2226 5956">
    <p class='ocr_par' dir='ltr' id='par_1_9' title="bbox 0 0 2226 5956">
     <span class='ocr_line' id='line_1_49' title="bbox 0 0 2226 5956; baseline 0 0"><span class='ocrx_word' id='word_1_443' title='bbox 0 0 2226 5956; x_wconf 95' lang='lat' dir='ltr'><strong> </strong></span> 
     </span>
    </p>
   </div>
  </div>
 </body>
</html>
