4434 5959
570 635 629 696 132
1079 636 1363 701 vtc'routtttts

566 772 742 847 attributa,
756 773 906 838 efficiatltr
926 775 1047 859 negotii
1060 797 1101 839 ex
1123 774 1448 859 attributis'personee
1470 786 1501 837 et
1516 774 1637 860 negotii
1657 776 1869 841 communiter

565 866 764 946 approbatio.

495 1031 499 1035 Α
647 960 833 1041 Quaeritur
853 964 962 1038 enim,
998 975 1115 1026 utrum
1132 962 1285 1024 videatur
1307 960 1488 1045 diligenter
1507 961 1598 1025 ratio
1606 960 1772 1051 faciendi
1792 985 1867 1025 esee

564 1050 680 1125 habito
699 1064 732 1113 et
753 1055 969 1137 excogitator
1002 1077 1048 1117 an
1067 1057 1118 1117 ita
1137 1068 1277 1129 temere,
1311 1067 1350 1116 ut
1374 1074 1442 1117 non
1464 1054 1535 1116 veri
1555 1054 1663 1116 simile
1683 1056 1727 1117 sit
1750 1078 1867 1137 qnem-

541 1150 666 1227 ⁵qunm
683 1154 754 1206 tam
769 1158 893 1210 temere
910 1149 957 1210 od
970 1149 1177 1232 maleficium
1187 1148 1380 1209 accessisse.
1423 1150 1462 1212 ln
1481 1170 1549 1231 quo
1566 1147 1760 1231 quaeritur,
1786 1170 1868 1209 uum

557 1257 631 1317 ⁴quo
648 1238 718 1299 alio
734 1238 834 1302 modo
851 1242 1060 1304 commodius
1073 1239 1324 1323 potireritfieri
1341 1242 1391 1301 nel
1408 1260 1432 1300 a
1444 1236 1597 1327 fortuna
1611 1239 1863 1320 administrari]

564 1332 760 1414 Frequenter
775 1334 867 1406 enim,
881 1334 907 1396 si
924 1333 1067 1415 pecunia,
1091 1333 1117 1394 ιί
1136 1333 1285 1397 adiutoris
1300 1332 1471 1395 adiumenta
1493 1330 1604 1405 desint,
1628 1331 1752 1393 videtur
1764 1331 1866 1395 saeril-

563 1436 610 1485 ιιι
631 1424 763 1485 faciendi
784 1425 936 1488 defuisse:
969 1428 1055 1510 quod
1077 1427 1185 1510 utique
1206 1426 1384 1507 impugnari
1407 1446 1469 1487 uon
1495 1434 1600 1505 potest
1623 1424 1680 1485 nisi
1706 1447 1765 1505 per
1788 1448 1865 1488 coo·

561 1511 679 1590 silinm;
703 1528 737 1578 ut
758 1519 818 1581 elio
841 1522 935 1582 modo
957 1519 1026 1581 fieri
1046 1518 1202 1599 potuerit,
1229 1528 1261 1579 ut
1282 1517 1350 1579 lieri
1371 1538 1387 1578 a
1408 1516 1549 1579 fortuna.
1593 1516 1686 1599 Ergo
1709 1520 1747 1579 ad
1762 1540 1864 1599 expu-

523 1613 699 1692 ¹⁰gnandas
725 1610 890 1674 facultates
921 1634 1001 1695 qnae
1030 1614 1158 1687 desunt,
1196 1611 1222 1673 si
1247 1612 1411 1675 subveniat
1438 1632 1530 1692 saepe
1560 1610 1743 1683 eonsilium,
1768 1633 1863 1693 quum

562 1702 674 1765 dicitnr
698 1716 751 1765 ant
772 1704 834 1766 alio
858 1708 951 1769 modo
973 1705 1042 1768 lieri
1063 1705 1203 1785 potuisse
1225 1716 1278 1779 aut
1299 1725 1359 1784 per
1379 1703 1562 1778 fortunam3
1595 1701 1751 1777 consilio,
1777 1704 1864 1785 quod

561 1816 716 1877 personae
736 1808 783 1858 est
802 1799 1004 1873 attributum,
1029 1819 1078 1859 res
1100 1799 1268 1877 probatur.
1314 1800 1365 1861 Ex
1388 1800 1449 1860 boe
1469 1810 1555 1859 etex
1575 1795 1791 1877 superioribus
1812 1796 1865 1857 illa

561 1891 723 1967 conclusio
744 1903 810 1967 est,
834 1893 919 1953 nasci
939 1913 1033 1973 posse
1050 1892 1255 1954 courmuniter
1279 1902 1460 1974 argumenta
1484 1902 1577 1952 etex
1598 1908 1750 1970 personae
1773 1889 1862 1950 attri-

561 1985 642 2045 butis
665 1994 695 2045 et
716 2004 757 2045 ex
778 1984 990 2068 negotiorum.
1034 1988 1125 2049 Hanc
1147 1984 1242 2067 igitur
1260 1984 1411 2047 rationem
1430 1984 1456 2047 si
1479 1982 1644 2066 diligenter
1668 1980 1861 2042 voluerimus

521 2080 738 2151 t5attendere,
775 2077 833 2139 ista
863 2076 1012 2139 attributa
1043 2079 1124 2142 inter
1152 2098 1186 2139 se
1218 2087 1310 2159 apta,
1348 2076 1450 2139 innota
1477 2087 1508 2138 et
1529 2078 1676 2158 copulata
1697 2094 1862 2136 cernemus

559 2167 759 2251 negotiorum
781 2181 813 2231 et
834 2190 1055 2252 personarum.
1096 2170 1261 2253 Subiungit
1283 2191 1345 2233 non
1369 2181 1519 2251 oportere
1542 2168 1588 2231 bis
1608 2166 1750 2232 omnibus
1769 2188 1864 2248 prae·

559 2259 659 2342 ceptis
686 2262 794 2324 subiici
827 2263 990 2343 exeurpla,
1032 2276 1064 2324 ιιι
1096 2266 1225 2337 doceat,
1267 2263 1527 2345 quemadmodum
1559 2259 1596 2323 iis
1625 2258 1670 2323 nti
1695 2271 1863 2323 accussator

560 2354 689 2427 debeat,
724 2357 982 2439 quemadmodum
1008 2355 1178 2429 defensor,
1215 2367 1250 2419 ut
1278 2356 1308 2417 in
1334 2338 1551 2436 superioribus
1578 2354 1705 2417 docuit:
1741 2365 1771 2415 et
1788 2353 1863 2415 dicit

561 2466 623 2509 non
646 2447 851 2509 necessarium
875 2468 962 2523 esse,
995 2468 1058 2511 non
1079 2446 1189 2522 saeile3
1226 2468 1293 2511 uon
1315 2446 1542 2509 necessarium
1570 2445 1684 2526 [esse,]
1707 2444 1748 2507 ita
1774 2447 1862 2530 quod

517 2537 587 2600 ²⁰si
609 2538 679 2621 quis
700 2538 815 2619 aliquid
837 2540 1015 2622 diligentiae
1036 2541 1150 2603 afferre
1174 2540 1311 2603 voluerit
1331 2541 1369 2601 ad
1389 2538 1448 2601 ista
1466 2551 1652 2621 praecepta,
1676 2538 1734 2601 ista
1756 2538 1862 2601 omnia

517 2624 522 2630 ¹
558 2650 621 2711 pro
645 2632 791 2707 rnateriae
824 2653 938 2715 genere
969 2632 1055 2695 taciti
1077 2631 1257 2718 cognitione
1280 2631 1446 2695 retinebit:
1485 2631 1647 2693 nonenim
1671 2642 1862 2712 praeceptor

560 2721 662 2791 omnia
686 2722 814 2796 tribuit,
839 2726 893 2787 sed
909 2744 949 2786 ex
971 2724 1062 2786 dictis
1084 2729 1124 2788 ad
1145 2726 1371 2788 similitudinem
1394 2746 1456 2787 non
1473 2725 1553 2787 dieta
1568 2724 1766 2807 intelligenda
1785 2745 1861 2805 sup·

488 2816 492 2823 '
558 2815 667 2895 ponit;
700 2836 766 2877 non
782 2813 892 2902 facile
913 2828 1015 2879 autern
1040 2818 1113 2880 ideo
1144 2819 1241 2895 dixit,
1275 2820 1360 2900 quod
1383 2816 1535 2879 inlinitum
1566 2817 1606 2879 sit
1631 2816 1774 2879 omnibus
1798 2815 1859 2879 illis

558 2909 734 2989 praeceptis
767 2910 911 2991 exempla
945 2932 1144 2992 supponere;
1178 2915 1337 2994 quomodo
1367 2922 1437 2972 ante
1466 2930 1531 2972 rem
1565 2910 1650 2972 dieat
1674 2921 1858 2981 accusatum

516 3009 547 3056 2⁵
559 3006 720 3083 quomodo
748 3004 914 3077 defensum
949 3007 1110 3089 quomodo
1132 3006 1162 3068 in
1183 3026 1237 3080 re;
1276 3005 1437 3089 quomodo
1466 3014 1538 3084 post
1560 3023 1646 3065 rem:
1684 3000 1754 3063 item
1777 3001 1857 3076 alia,

559 3116 638 3178 quoe
660 3096 754 3159 multa
776 3109 861 3160 sunt.
906 3100 980 3161 Huc
1001 3099 1138 3173 aceedit,
1163 3121 1227 3181 qno
1254 3099 1354 3161 maior
1376 3096 1535 3158 difficultas
1552 3095 1608 3171 sit,
1646 3096 1732 3176 quod
1754 3094 1859 3155 omnia

557 3186 609 3249 illa
634 3209 692 3269 per
714 3191 866 3271 partium,
890 3190 1008 3266 idest,
1037 3192 1230 3255 accusatoris
1252 3202 1282 3253 et
1308 3180 1482 3253 defensoris
1505 3190 1593 3251 locos
1615 3208 1704 3249 versa
1727 3186 1858 3249 utilitate

559 3291 752 3344 tractantur:
777 3283 933 3345 necerim
955 3283 1105 3346 inutiliter
1127 3281 1329 3346 conveniunt.
1376 3282 1464 3345 Unde
1484 3280 1558 3343 illud
1581 3278 1689 3342 melius
1712 3290 1759 3342 est
1779 3298 1859 3341 eon·

558 3372 696 3434 siderare
721 3387 832 3436 concta
858 3397 898 3441 ex
924 3377 1093 3457 proposito
1123 3379 1256 3438 themate
1292 3374 1411 3458 negotii
1443 3384 1475 3436 et
1509 3394 1594 3437 snam
1624 3384 1655 3435 et
1686 3368 1860 3433 adversarii

515 3470 547 3535 ,30
556 3466 706 3527 rationem
731 3467 896 3550 diligenter
923 3472 1085 3532 attendere
1114 3480 1145 3531 et
1166 3469 1211 3531 sie
1231 3466 1425 3549 suspiciones
1448 3478 1540 3550 atque
1563 3476 1743 3550 argumenta
1766 3462 1858 3525 eolli-

557 3580 652 3641 gere3
686 3580 782 3641 qnare
805 3539 880 3644 qnid
902 3560 1019 3623 factum
1040 3563 1101 3637 sit,
1139 3582 1204 3645 quo
1230 3561 1382 3634 consilio,
1414 3582 1474 3643 qna
1496 3580 1552 3641 spe
1572 3556 1774 3641 perficiendi,
1799 3578 1858 3619 eur

556 3653 618 3714 boe
640 3652 735 3715 modo
757 3652 893 3728 factum,
928 3675 985 3715 eur
1005 3656 1045 3716 ab
1073 3657 1135 3718 boe
1157 3654 1292 3728 iactum,
1316 3674 1372 3715 cnr
1398 3654 1484 3717 nullo
1510 3653 1671 3725 adiutore,
1696 3670 1754 3711 eur
1776 3652 1857 3725 boc,

556 3764 614 3806 eor
638 3764 730 3806 nemo
751 3742 791 3805 sit
812 3744 976 3821 conscius,
1010 3768 1066 3809 eur
1089 3747 1146 3822 sit,
1170 3768 1226 3809 enr
1248 3747 1299 3810 hie
1324 3746 1381 3809 sit:
1405 3766 1462 3808 cnr
1483 3747 1545 3809 hoc
1566 3756 1636 3808 ante
1658 3744 1773 3806 iactum
1796 3742 1855 3819 sit,

556 3856 613 3896 cur
634 3836 696 3899 boe
719 3847 789 3897 ante
817 3835 933 3900 iactum
955 3860 1018 3903 non
1046 3840 1105 3901 sit:
1128 3848 1198 3901 'eur
1218 3840 1280 3901 hoe
1301 3838 1332 3901 in
1355 3840 1424 3921 ipso
1448 3837 1595 3922 negotio,
1623 3858 1679 3900 cur
1701 3838 1762 3897 hoe
1785 3846 1858 3917 post

513 3937 545 3987 ta
556 3928 737 4013 negotium:
775 3948 832 3991 eur
862 3933 899 3993 de
928 3929 1077 3994 industria
1106 3930 1224 3998 sactum
1256 3943 1308 3994 ant
1338 3953 1403 3994 rem
1430 3929 1473 3993 ita
1496 3931 1537 3993 ait
1558 3940 1778 3994 consecutum:
1817 3949 1858 3989 an

555 4032 678 4084 constet
700 4022 802 4085 oratio
827 4024 876 4086 vel
899 4045 968 4086 enm
990 4046 1025 4086 re
1048 4026 1098 4087 vel
1119 4022 1186 4106 ipsa
1209 4045 1332 4087 secum:
1356 4026 1417 4086 hoe
1438 4022 1568 4085 huiusne
1590 4022 1634 4085 rei
1656 4020 1697 4085 sit
1718 4022 1854 4105 signum,

555 4115 715 4205 stu-illius,
740 4136 778 4176 an
799 4108 891 4184 bniirs
913 4116 1065 4192 stillim,
1096 4130 1128 4181 et
1151 4118 1249 4179 utrius
1279 4117 1405 4199 potius:
1439 4117 1513 4200 qnid
1535 4118 1650 4179 laetum
1679 4115 1735 4189 sit,
1769 4118 1857 4198 quod

555 4226 617 4268 non
640 4206 838 4289 oportuerit,
862 4221 914 4272 aut
935 4230 1000 4272 non
1019 4210 1159 4284 factum,
1184 4212 1269 4291 quod
1285 4212 1476 4291 oportuerit.
1520 4210 1591 4273 Hae
1605 4206 1741 4270 adbibita
1763 4205 1857 4269 animi

554 4297 743 4375 intentione,
778 4322 873 4382 quum
904 4294 1118 4365 coniecturam
1154 4323 1246 4366 omne
1272 4303 1390 4385 negotii
1426 4322 1542 4383 eorpus
1570 4300 1751 4375 intraverit,
1788 4311 1855 4361 tum

556 4428 719 4440 0⁸¹⁸-—

643 4494 669 4542 2.
689 4486 725 4542 Et
750 4507 811 4539 cum
832 4486 911 4555 sacti
934 4492 1096 4560 sterpier'one]
1126 4492 1263 4559 Quattuor
1295 4506 1436 4562 sequentes
1463 4508 1569 4557 versus,
1600 4496 1646 4563 qni
1673 4506 1688 4541 a
1713 4506 1764 4542 suo
1792 4489 1856 4543 leco

552 4560 635 4612 ernist
653 4578 745 4627 erant,
777 4565 829 4613 hoc
851 4568 1018 4617 restituimus
1044 4564 1168 4637 inspecto
1197 4581 1223 4618 es
1249 4584 1381 4639 perpetuo
1403 4568 1575 4619 Ciceronieot
1602 4570 1691 4637 operta
1711 4579 1853 4617 contextu.

551 4636 636 4687 Cure.
674 4634 846 4708 (Egotlodd.
872 4654 982 4689 secutus
1001 4655 1070 4691 snm.
1112 4642 1151 4693 Ιιι
1172 4644 1245 4692 enlm
1265 4646 1407 4713 scripsisee
1428 4646 1600 4693 Victorinum
1623 4638 1800 4691 menifestum
1820 4655 1854 4690 ex

552 4712 600 4772 tls,
620 4724 688 4779 quse
708 4716 760 4761 torn
783 4710 818 4760 El
836 4730 895 4761 eum
907 4711 991 4780 facti
1010 4742 1028 4755 -
1047 4744 1065 4755 -
1085 4732 1128 4763 me
1147 4713 1223 4765 bared
1241 4732 1299 4765 rem
1319 4720 1439 4785 proxime
1461 4714 1634 4785 praecedunt.
1657 4714 1723 4781 Oa.)

642 4783 669 4838 lt.
690 4812 725 4825 -
745 4792 836 4834 utrum
856 4784 1006 4852 diligenter
1025 4792 1101 4839 ratio
1112 4788 1246 4857 jaciendi
1264 4789 1396 4841 videatur
1415 4788 1511 4839 tratur
1531 4787 1599 4843 Coti.
1621 4788 1686 4841 Bas.

505 4912 509 4921 ,
555 4913 558 4920 ,
643 4867 669 4911 7.
687 4864 714 4909 et
730 4859 870 4910 adiutoria
888 4859 1061 4932 aduentante]
1083 4864 1155 4914 dore.
1175 4868 1200 4913 ιι·
1219 4862 1346 4927 addictor,
1366 4868 1391 4915 sl
1409 4862 1578 4918 adiumenta.
1596 4863 1649 4916 Οι.

612 4958 616 4970 ’
640 4936 667 4989 9·
687 4960 722 4971 -
742 4933 805 4987 Oui.
824 4952 866 4985 vv.
885 4942 915 4983 ue
934 4934 1000 5001 fieri
1018 4956 1035 4987 a
1052 4934 1172 5001 fortune
1192 4938 1256 4989 Cod.
1281 4942 1339 4991 ilas.

624 5012 667 5064 19.
687 5022 725 5059 ω
743 5007 805 5061 Οιιι.
836 5026 895 5058 essa
923 5006 991 5062 Cod.
1020 5012 1082 5065 Bas.
1111 5012 1179 5063 Mo‘x
1208 5010 1244 5067 ld.
1263 5015 1289 5061 rr·
1307 5016 1360 5082 qeer‘.
1379 5010 1468 5065 Turn:
1496 5039 1534 5053 -
1562 5010 1601 5067 ad
1621 5016 1680 5079 ιἰιᾳ
1700 5018 1854 5080 praecepta

548 5087 656 5140 omniu,
676 5086 767 5132 emula
785 5089 851 5133 ista.
1598 5106 1602 5111 ·

622 5162 668 5217 50.
689 5160 782 5225 atque]
802 5174 836 5207 ae
856 5155 922 5211 Cori.
940 5158 1004 5214 Bas.
1174 5164 1218 5219 57.
1238 5160 1340 5230 utrius]
1362 5162 1422 5213 Ate.
1440 5188 1479 5202 -
1497 5165 1636 5229 istriamque
1655 5158 1726 5215 Cett.
1748 5158 1801 5213 Ort.
