4434 5959
523 605 585 667 150
1028 602 1316 671 vtcuotttnns
1334 664 1336 671 ,

604 746 766 831 Aliquam
796 745 832 809 in
860 743 1154 827 consultationem]
1209 744 1255 811 Ut
1285 740 1523 821 deliberativa,
1557 762 1621 807 ιιοιι
1656 740 1833 805 iudicialis

521 861 614 903 casua
639 840 701 903 sit:
727 842 790 903 boc
811 852 858 902 est
879 840 961 903 enim
984 838 1188 902 consultatio.
1239 846 1246 863 ¹

606 930 784 1023 Defensor
799 944 914 996 autem
929 932 1050 1018 quibus
1061 932 1095 993 in
1109 931 1193 994 locis
1208 928 1250 992 ab
1264 940 1462 993 accusatore
1476 929 1567 993 aliae
1577 930 1840 995 constitutiones

521 1038 622 1089 emant
656 1026 825 1107 intrusae]
876 1025 911 1090 si
948 1037 1114 1088 accusator
1150 1026 1366 1096 coniectura,
1404 1034 1528 1087 retorto
1565 1036 1676 1085 contra
1714 1044 1836 1107 genere

498 1119 661 1194 edicendi,
682 1120 878 1183 coniectura
895 1120 1044 1183 defensor
1060 1130 1184 1181 utetur:
1209 1116 1278 1198 pari
1294 1137 1409 1199 genere
1430 1116 1607 1193 etflnem‚
1631 1114 1702 1197 pari
1718 1136 1838 1198 genere

523 1210 615 1274 etiam
637 1214 925 1294 comparationem
947 1236 987 1275 ex
1009 1211 1172 1275 contrario
1197 1210 1361 1284 tractabit;
1389 1222 1423 1273 ut
1445 1212 1531 1294 quod
1553 1209 1606 1271 ille
1624 1209 1752 1284 inutile,
1784 1209 1840 1271 hia

522 1305 618 1378 utile3
642 1308 728 1388 quod
749 1306 801 1367 ille
823 1307 1037 1380 inhonestum,
1069 1306 1119 1367 bic
1141 1306 1306 1367 honestum
1329 1304 1431 1378 dicat,
1457 1315 1488 1365 et
1509 1314 1615 1363 cetera
1638 1302 1685 1364 bis
1707 1302 1834 1365 similia.

606 1400 690 1463 Loci
706 1410 821 1463 aretem
840 1420 1037 1463 communes
1057 1409 1158 1461 erunt
1179 1396 1391 1459 accusatoris
1413 1395 1448 1457 in
1469 1416 1565 1469 eum,
1589 1397 1647 1478 qui
1668 1418 1773 1479 quum
1794 1396 1839 1457 de

516 1489 626 1582 sacto
653 1494 747 1574 turpi
769 1493 886 1576 aliquo
914 1504 975 1554 aut
1000 1492 1114 1554 inutili
1143 1503 1204 1553 aut
1233 1502 1376 1573 utroque
1406 1488 1581 1577 fateatur]
1639 1489 1703 1568 Qui
1739 1488 1835 1551 dicit:

486 1583 621 1677 inject,
646 1586 706 1647 sed
721 1584 882 1674 profuitr
917 1582 1197 1675 confiteturfeci,
1222 1596 1252 1645 et
1274 1582 1487 1647 defensionem
1515 1581 1637 1645 aliunde
1659 1581 1834 1665 conquirit.

477 1698 482 1709 ’
516 1680 573 1769 'In
591 1677 769 1742 huiusmodi
785 1678 941 1741 bominem
961 1679 1011 1740 vel
1029 1681 1116 1739 reum
1138 1676 1211 1738 dicit
1232 1675 1450 1739 invehendum.

610 1773 746 1837 Relatio
767 1772 921 1834 criminis
941 1782 1010 1845 est,
1034 1792 1138 1854 quum
1163 1791 1241 1832 reus
1260 1770 1296 1831 id
1303 1814 1312 1843 ‚
1336 1770 1428 1853 quoti
1448 1769 1611 1851 arguitur
1632 1764 1837 1857 confessus,

479 1902 488 1918 ·
526 1867 669 1930 alterius
698 1886 734 1928 se
763 1866 938 1927 inductum
963 1876 1102 1946 peccato
1135 1863 1209 1925 iure
1225 1860 1363 1951 secisse
1395 1859 1619 1943 demonstrat]
1664 1862 1840 1923 Secundam

527 1960 662 2041 speciem
684 1958 914 2039 assumptivae
938 1958 1114 2042 qualitatis
1139 1957 1339 2019 relationem
1359 1955 1479 2036 posuit.
1525 1956 1616 2017 Hanc
1645 1954 1754 2017 definit
1779 1976 1839 2036 per

486 2047 759 2137 ¹⁵s'rroppauaipr
780 2052 1005 2114 definitionem.
1064 2051 1153 2130 Qitae
1176 2048 1362 2113 constitutio
1395 2060 1470 2111 tunc
1493 2059 1556 2125 est,
1592 2068 1686 2129 quum
1707 2047 1840 2109 alterius

527 2157 661 2226 peccato
683 2165 718 2206 sc
743 2143 855 2207 fecisse
877 2165 950 2206 reus
973 2142 1066 2217 dicit,
1105 2142 1258 2227 quidquid
1280 2141 1419 2216 admisit3
1449 2142 1538 2205 buius
1560 2141 1739 2221 exemplum
1761 2142 1839 2202 sub-

528 2237 623 2301 iecit:
648 2236 835 2313 Horatius,
865 2238 924 2321 qui
946 2258 1102 2301 sororem
1124 2257 1223 2299 suam
1232 2234 1387 2327 flentem
1406 2231 1596 2322 interfecit.
1642 2234 1685 2295 Et
1707 2234 1840 2297 subiun-

529 2331 575 2417 git
603 2341 792 2411 praecepta3
827 2329 985 2410 primum,
1019 2339 1054 2391 ut
1079 2328 1106 2391 si
1136 2350 1196 2412 qtsa
1225 2328 1410 2392 constitutio
1440 2339 1510 2391 ante
1533 2327 1630 2409 ipsam
1659 2328 1841 2390 relatiuam

529 2422 659 2487 tractari
678 2423 798 2505 possit,
822 2423 1000 2487 excutiatur
1019 2421 1103 2485 circa
1127 2422 1249 2503 ipsum,
1274 2422 1328 2506 qui
1349 2444 1423 2485 reus
1440 2432 1507 2485 est:
1537 2424 1619 2487 Non
1640 2422 1704 2485 froc
1722 2421 1840 2485 aninto

487 2519 520 2569 ²⁰
528 2515 661 2601 fecisti.
705 2518 781 2579 Hoc
801 2516 908 2599 utique
930 2514 957 2577 si
978 2516 1093 2577 fantium
1117 2527 1182 2590 est,
1206 2527 1237 2577 et
1255 2514 1288 2577 in
1302 2516 1569 2597 comparatione.
1613 2512 1735 2576 Deinde
1758 2534 1841 2595 quo·

531 2610 611 2673 niam
633 2611 756 2674 relatio
776 2609 878 2672 refert
900 2622 986 2671 actus
1008 2612 1047 2671 ad
1069 2609 1220 2685 alterum,
1241 2619 1275 2669 ut
1296 2629 1330 2669 se
1345 2609 1511 2679 defendat;
1533 2606 1607 2669 dicit
1628 2607 1729 2669 enim:
1741 2604 1838 2694 feci,

529 2703 591 2767 sed
612 2701 669 2765 itta
689 2701 832 2774 meruit}
862 2699 1047 2764 necessario
1075 2700 1167 2764 etism
1198 2700 1250 2762 liic
1276 2712 1449 2763 ceterarum
1479 2698 1734 2764 constitutionum
1758 2698 1842 2761 ratio

530 2796 729 2864 tractabitur.
774 2794 879 2875 Quum
901 2792 981 2856 enim
1004 2793 1204 2873 coeperimus
1225 2793 1351 2855 dicere:
1384 2793 1453 2858 sed
1472 2794 1529 2856 ille
1550 2814 1619 2857 non
1640 2792 1787 2863 meruit.
1810 2802 1842 2855 et

530 2888 725 2957 coniectura
753 2908 822 2950 case
852 2898 960 2967 potest
988 2896 1021 2948 et
1045 2885 1138 2963 finis
1167 2896 1199 2946 et
1233 2884 1392 2969 quaelibet
1412 2886 1479 2963 ,alia
1504 2885 1701 2950 constitutio.
1747 2888 1840 2969 Erga

488 2980 697 3047 “accinatur
717 2979 750 3042 in
771 2979 1056 3051 defensione-eius,
1082 2980 1111 3040 iu
1133 2999 1225 3063 quem
1251 3000 1325 3041 reus
1343 2980 1511 3042 transierat
1533 2978 1670 3055 crimen,
1692 2978 1843 3041 tractabit

531 3072 607 3137 alias
628 3072 880 3137 constitutiones.
933 3072 1008 3136 Hoc
1036 3083 1132 3152 pacto
1155 3070 1206 3145 lit,
1233 3083 1285 3142 ut,
1317 3071 1391 3134 licet
1413 3062 1535 3135 ielatio
1566 3072 1606 3135 sit
1634 3071 1839 3147 constitutio,

532 3164 562 3235 in
581 3168 662 3229 hanc
682 3177 785 3233 tamen
804 3166 1005 3229 adhibeamus
1032 3165 1107 3227 alias
1127 3161 1369 3228 constitutiones
1391 3165 1515 3228 duobus
1541 3165 1659 3238 modim
1683 3164 1734 3227 vel
1754 3164 1841 3228 circa

532 3279 701 3339 personam
723 3258 818 3339 ipsius
841 3258 906 3333 rei,
943 3280 1010 3342 quo
1027 3258 1146 3331 animo
1166 3253 1309 3338 fecerim
1345 3258 1397 3321 vel
1424 3258 1506 3320 circa
1534 3278 1701 3339 personam
1730 3258 1841 3333 illam,

531 3350 677 3431 inquiam
707 3371 780 3413 reus
814 3351 982 3415 transferet
1003 3349 1134 3414 cumen.
1191 3350 1274 3413 Post
1293 3351 1371 3413 haec
1395 3349 1493 3433 igitur
1518 3354 1679 3413 bacanda
1703 3360 1752 3414 cst
1773 3351 1844 3432 ipsa

491 3452 523 3507 tt
533 3442 656 3508 relatio
677 3442 832 3518 criminis,
871 3447 964 3526 quam
991 3441 1023 3503 in
1047 3432 1225 3525 praeceptis
1248 3444 1288 3505 ab
1318 3445 1429 3507 eodem
1451 3440 1600 3505 subiectis
1625 3442 1726 3508 cnivis
1749 3443 1845 3507 facile

487 3572 490 3578 ·
534 3545 583 3597 est
603 3555 854 3617 recognosceret
878 3554 980 3619 usque
1002 3537 1041 3596 ad
1062 3535 1145 3599 illam
1170 3545 1311 3615 partem,
1335 3554 1416 3618 quae
1436 3555 1578 3616 semper,
1603 3535 1684 3599 sicut
1703 3536 1734 3598 in
1749 3557 1845 3617 supe·

533 3626 620 3696 riare
642 3637 814 3707 praecepto
837 3626 983 3690 traditum
1004 3639 1070 3700 est,
1094 3630 1345 3709 propositionem
1365 3630 1459 3691 habet
1480 3628 1571 3712 quasi
1584 3627 1844 3691 deliberativam:

535 3740 615 3803 quae
637 3738 676 3781 on
706 3720 845 3782 utilitatis
873 3718 1109 3801 honestatisque
1133 3722 1274 3802 partibus
1298 3720 1373 3806 quid
1398 3724 1554 3805 agendum
1577 3732 1643 3797 est,
1678 3720 1769 3803 quasi
1793 3740 1846 3783 res

533 3811 565 3881 in
598 3812 828 3882 constillatione
859 3812 918 3888 sit,
955 3813 1142 3879 declaratur.
1192 3814 1354 3879 Defensor
1375 3814 1502 3877 habebit
1523 3825 1635 3877 cuncta
1656 3812 1846 3876 soumarias

629 4098 655 4152 1.
674 4093 796 4164 eliqrmnr
813 4098 843 4145 ln
865 4093 1109 4161 consnltationans]
1149 4092 1300 4165 Legebatnr
1319 4094 1386 4147 olim
1405 4112 1454 4167 per
1473 4092 1549 4167 ὑφὲν
1564 4092 1844 4147 lmonrultatloaemr

534 4166 584 4223 ssd
601 4166 747 4241 legendnm
766 4185 825 4221 esse
843 4172 873 4219 in
891 4169 1123 4225 consultationem
1142 4186 1190 4239 per
1209 4166 1428 4247 ὺτιοδιαστολὴν
1447 4172 1514 4221 satis
1534 4182 1618 4241 patet.
1638 4171 1721 4221 Care.

628 4248 654 4300 lt.
676 4272 707 4289 ι·
736 4251 826 4300 const.
857 4242 1022 4295 ιἰιᾰιιιιιιιιιι·
1052 4240 1120 4299 Cod.
1152 4243 1214 4297 Bas.
1255 4241 1333 4295 ldem
1377 4246 1483 4296 omittit
1511 4260 1552 4297 ιι.
1581 4246 1647 4313 pari
1675 4258 1779 4311 genere
1815 4250 1844 4295 et

558 4335 629 4371 nem.
650 4316 702 4373 Os.

528 4315 559 4394 fi
631 4395 834 4450 §.causeum
854 4400 949 4443 utetur
976 4426 1040 4448 ...
1067 4398 1095 4441 et
1114 4389 1196 4446 baem
1230 4426 1322 4447 ....
1353 4389 1501 4458 tractabit]
1527 4387 1601 4457 Quid
1619 4388 1666 4442 bia
1685 4388 1845 4461 signficant

534 4472 739 4523 coniecturam
752 4464 842 4537 fiale,
862 4471 916 4525 lam
937 4464 996 4537 plus
1016 4464 1102 4519 semel
1122 4470 1151 4517 in
1170 4463 1396 4535 praecedentibus
1417 4470 1537 4537 expuam.
1559 4464 1645 4521 Care.

629 4542 656 4598 6.
675 4543 921 4610 comparationem]
960 4537 992 4591 ld
1012 4556 1070 4605 est,
1095 4538 1242 4602 qrmlitntis
1262 4545 1459 4609 ‘assremptivae
1491 4542 1628 4611 speciem,
1659 4542 1702 4591 rui
1740 4556 1844 4595 nomen

535 4619 708 4686 comparatio
726 4633 772 4668 sen
792 4620 988 4691 compensatio.
1026 4615 1130 4669 Dicunt
1151 4612 1217 4669 alias
1236 4620 1457 4685 comparativum
1476 4629 1502 4666 et
1514 4617 1757 4685 'compensativum
1775 4622 1846 4665 sta-

536 4698 611 4748 tam:
639 4688 738 4744 Graeci
757 4688 948 4748 ἀντίστασιν,
988 4687 1035 4741 Sin
1063 4703 1156 4741 antem
1181 4687 1345 4741 describitur
1371 4689 1540 4741 aCicerone
1558 4688 1607 4742 lib.
1628 4689 1650 4742 l.
1670 4692 1845 4759 comparatio

536 4772 599 4828 est,
619 4782 699 4834 quum
718 4764 797 4820 aliud
812 4762 926 4834 adescati
942 4764 1060 4814 alieuius
1069 4760 1188 4832 fastaina
1206 4772 1312 4819 rectum
1345 4771 1395 4813 aret
1422 4765 1489 4815 utile
1506 4761 1703 4828 contenditur,
1722 4762 1795 4831 quod
1812 4770 1847 4815 ut

529 4836 638 4919 fieret,
657 4838 744 4905 illud,
763 4839 836 4910 qnod
852 4843 997 4910 argentae,
1016 4838 1120 4889 dicitur
1139 4854 1198 4889 esse
1216 4842 1397 4891 commissura.
1417 4839 1504 4891 Cirr.

630 4920 657 4975 8,
675 4942 714 4961 -ι-
731 4918 841 4968 in'eruni
861 4914 928 4968 cod.
948 4914 1011 4975 Bas.
1030 4912 1099 4969 Mox
1118 4912 1203 4969 idem:
1224 4920 1274 4965 aret
1289 4920 1439 4981 utrumque.
1459 4912 1513 4965 Oa.

614 4992 657 5045 ¹5.
677 4984 913 5063 ἐννοηματικὴν]
942 4987 973 5039 ld
1002 5004 1043 5042 ιιι
1063 4987 1095 5039 ad
1126 4986 1250 5054 verbum,
1276 4991 1491 5049 sententiosamr
1523 5002 1556 5039 co
1584 4982 1658 5057 qnod
1685 4982 1845 5039 bniasmodf

536 5060 661 5122 delinitio
681 5081 714 5114 ex
733 5066 790 5134 ipsa
812 5066 896 5134 ipsius
917 5066 957 5116 rel
978 5058 1038 5113 idea
1058 5058 1225 5123 desumunt.
1245 5062 1332 5119 Care.
1530 5062 1533 5070 '

613 5145 658 5199 20,
676 5140 713 5216 n]
733 5136 802 5196 cad.
822 5142 884 5192 ttae.
904 5166 941 5187 .-
958 5142 999 5191 ιιι
1018 5133 1086 5193 cdd.
1106 5136 1185 5195 ou
