4434 5959
523 583 587 646 tto
931 575 1170 644 Favonltts
1192 575 1427 644 EULOGIUS

523 720 597 809 gine
618 717 858 806 congruentiam
879 720 1029 796 haberet,
1067 738 1180 782 sontum
1215 737 1293 782 rero
1322 739 1386 783 non
1414 716 1538 782 irritum
1568 728 1623 782 ant
1643 717 1846 802 simplicem,

524 819 582 882 sed
604 815 711 899 quiet
732 835 825 878 aures
848 814 987 879 oblectet
1007 824 1040 876 et
1057 809 1194 888 rationi,
1226 813 1264 874 de
1285 833 1347 896 qua
1369 811 1549 897 loquimur,
1572 813 1634 877 rite
1656 813 1844 879 conveniat.

524 913 705 976 Tendamus
732 906 833 992 igitur
852 906 986 991 primam
1008 907 1162 970 chordam
1186 905 1354 970 momentis
1375 928 1451 983 sex,
1486 907 1618 971 alteram
1640 929 1721 974 vero
1744 921 1845 983 octc;

523 1001 720 1087 comparatio
747 1001 875 1064 istarum
905 1001 1096 1065 chordarum
1125 998 1344 1081 symphoniam
1367 998 1467 1064 ellicit
1491 996 1549 1066 διά
1572 996 1751 1092 τεσσάρων.
1799 1005 1848 1068 At

497 1099 551 1168 ssi
572 1097 663 1162 aliam
685 1097 809 1160 duobus
832 1094 1015 1170 momentis,
1049 1093 1141 1158 aliam
1164 1092 1266 1157 trihus
1287 1093 1446 1170 intendas,
1486 1091 1542 1160 διά
1570 1097 1662 1162 πέντε
1688 1097 1847 1179 sympho-

523 1191 605 1256 niam
638 1187 801 1273 utriusque
833 1185 1042 1270 percussione
1070 1187 1246 1252 resonabit.
1307 1187 1343 1252 Si
1375 1209 1457 1253 vcro
1479 1189 1571 1254 aliam
1593 1209 1651 1252 sex
1673 1189 1847 1254 momentis

522 1283 708 1360 intorseris,
732 1282 827 1346 aliam
849 1280 1034 1356 insederim,
1064 1281 1186 1344 dicetur
1208 1282 1286 1345 haec
1304 1283 1491 1365 symphonia
1513 1279 1570 1350 διά
1590 1283 1723 1360 πασῶν,
1747 1302 1846 1368 quam

523 1376 693 1464 duplicatio
716 1398 758 1440 ex
779 1388 913 1460 utraque
935 1374 1082 1457 superius
1104 1376 1319 1440 demonstrata
1341 1377 1515 1460 pepererit.

607 1472 670 1534 Sed
691 1491 730 1533 ne
752 1468 914 1533 confusius
935 1469 1015 1532 haec
1035 1487 1053 1530 a
1076 1466 1169 1533 uobis
1185 1470 1369 1545 tradantur,
1393 1470 1512 1546 dicam,
1544 1479 1625 1555 quot
1644 1467 1744 1533 modis
1759 1471 1846 1534 inter

481 1583 557 1632 tuse
578 1564 700 1631 numeri
720 1573 964 1648 comparentur;
999 1560 1152 1646 denique,
1177 1582 1258 1648 quae
1281 1561 1321 1624 sit
1343 1563 1478 1627 numeris
1502 1564 1667 1647 modisque
1689 1564 1845 1648 cognatio

522 1662 564 1724 ad
595 1657 791 1723 efficiendam
824 1665 1050 1720 consonantem
1082 1653 1201 1739 iugiter
1230 1654 1424 1723 cantilenam.
1473 1657 1634 1721 Numerus
1664 1657 1764 1742 igitur
1786 1673 1844 1724 ant

522 1747 696 1829 διπλάσιος
725 1762 779 1814 aut
800 1744 950 1836 ἡμιόλιος
971 1758 1023 1811 aut
1045 1748 1207 1836 ἐπίτριτος
1235 1759 1287 1811 aut
1309 1744 1467 1836 ἐπόγδοος
1488 1751 1678 1832 appellatur.
1717 1749 1846 1820 Διπλιί-

522 1842 613 1926 σιος,
637 1843 753 1910 Latine
775 1843 831 1929 qui
850 1843 965 1908 dicitur
985 1841 1122 1925 duplex,
1145 1842 1204 1904 suh
1220 1841 1368 1926 exemplo
1390 1842 1506 1907 senarii
1527 1843 1704 1910 duodecimi
1718 1845 1845 1910 numeri

523 1944 736 2016 demonstret,
771 1959 852 2022 qnae
885 1937 969 2001 inter
1001 1957 1037 2002 se
1069 1955 1227 2012 summae,
1269 1946 1304 1999 ut
1335 1935 1440 2016 rides,
1474 1937 1602 2022 longius
1634 1938 1843 2004 diducuntur.

482 2029 702 2121 ιεἩμιόλιος
735 2052 815 2097 vero
843 2029 1056 2115 propinquior
1078 2050 1121 2093 ex
1152 2028 1276 2092 duobus
1301 2051 1338 2093 ac
1360 2030 1462 2094 tribus
1483 2043 1531 2094 est
1551 2031 1709 2108 numeris,
1743 2055 1843 2118 quum

523 2129 680 2194 minorem
702 2147 853 2190 summam
876 2125 977 2190 maior
998 2124 1058 2188 alia
1079 2122 1228 2200 conlata,
1252 2124 1352 2188 media
1375 2123 1505 2190 minoris
1526 2138 1657 2209 superat
1673 2126 1843 2210 portione.

527 2223 675 2306 Namque
703 2221 792 2283 rides
821 2231 887 2284 tres
917 2220 1041 2282 duobus
1069 2239 1134 2281 uno
1157 2217 1275 2281 anteire
1298 2240 1451 2296 numero,
1489 2218 1541 2304 qui
1563 2219 1693 2284 minoris
1715 2218 1845 2283 dimidia

523 2336 597 2398 pars
620 2325 680 2378 est.
736 2311 846 2378 'l'ertia
875 2311 1123 2395 comparationis
1155 2322 1203 2375 est
1234 2311 1318 2377 ratio
1341 2333 1383 2374 ex
1405 2313 1554 2404 ἐπιτρίτῳ
1570 2332 1720 2388 numero,
1746 2335 1844 2398 quum

524 2407 646 2472 scilicet
666 2405 767 2472 maior
789 2405 942 2472 minorem
971 2426 1122 2469 summam
1145 2427 1208 2470 non
1238 2407 1402 2490 medietate
1432 2405 1560 2473 minoris
1592 2406 1751 2484 eiusdem,
1786 2409 1844 2471 sed

481 2516 514 2568 νο
525 2501 618 2566 tertia
639 2512 730 2582 parte
752 2500 982 2586 progreditur:
1018 2511 1228 2584 utquattuor
1250 2503 1288 2566 ad
1309 2501 1370 2564 tria
1399 2512 1485 2566 stant.
1541 2501 1739 2587 Quamquam
1761 2501 1843 2565 eni·

524 2617 589 2659 uno
610 2607 820 2678 superentnr3
860 2606 967 2670 tamen,
995 2592 1048 2658 hic
1069 2615 1151 2657 unus
1180 2615 1243 2660 non
1276 2593 1377 2658 media
1401 2595 1510 2678 portio
1532 2595 1662 2661 minoris
1684 2605 1753 2674 est,
1788 2599 1844 2660 sed

524 2691 619 2752 tertia
647 2689 807 2752 videlicet.
859 2682 1046 2772 Ἐπάγὸοος
1077 2698 1179 2750 autem
1213 2698 1288 2752 tunc
1317 2708 1386 2751 esse
1408 2688 1521 2752 dicitur
1543 2710 1708 2766 numerus,
1745 2711 1842 2774 quum

525 2782 627 2848 maior
649 2782 803 2848 minorem
824 2803 975 2845 summam
998 2793 1111 2846 octava
1133 2792 1225 2864 parte
1241 2780 1370 2845 minoris
1386 2782 1547 2846 antevenit
1562 2803 1571 2856 ;
1591 2794 1625 2846 nt
1639 2793 1711 2845 sunt
1726 2803 1843 2846 norem

525 2879 682 2942 adortos
719 2877 890 2962 quiquam
911 2896 976 2941 uno
998 2873 1164 2951 similiter,
1202 2886 1235 2938 ut
1256 2873 1457 2958 superiores,
1492 2887 1636 2952 anteeat,
1659 2887 1784 2953 tamen,
1809 2888 1844 2940 ut

480 2984 515 3038 as
527 2969 632 3047 vides,
656 2982 769 3034 octava
790 2990 867 3053 pars
888 2967 1020 3034 minoris
1042 2979 1091 3033 est
1114 2989 1214 3033 umus
1238 2992 1301 3054 qua
1323 2969 1562 3052 comparatione
1584 2969 1701 3034 nullam
1722 2971 1843 3036 aretio·

524 3086 590 3129 rem
612 3065 684 3128 fieri
704 3085 800 3148 posse
821 3061 1011 3128 arithmetici
1030 3075 1177 3128 asserunt
1202 3063 1252 3126 vel
1280 3062 1312 3126 in
1333 3063 1471 3128 numeris
1492 3064 1544 3128 rel
1565 3063 1596 3128 in
1618 3065 1717 3130 sonis.
1773 3069 1843 3132 Nec

525 3158 606 3222 enim
636 3179 804 3241 possumus
836 3160 944 3222 decem
973 3159 1013 3220 ad
1034 3156 1237 3222 novenariam
1260 3177 1409 3220 summam
1432 3155 1502 3239 pari
1524 3157 1647 3222 ratione
1668 3159 1840 3237 conferre,

523 3250 715 3336 prohibente
737 3251 878 3336 epogdoi
901 3272 1014 3314 versus
1035 3260 1212 3314 memorato
1234 3250 1380 3332 superius
1401 3249 1513 3315 limite.
1556 3251 1724 3334 Expositis
1746 3253 1841 3339 igitur

524 3344 816 3427 comparationibus
838 3365 1040 3410 numerorum
1064 3343 1222 3422 dicamus,
1258 3365 1339 3428 quae
1360 3365 1431 3408 cum
1452 3343 1564 3408 hisasit
1584 3347 1840 3429 symphoniarum

482 3440 567 3508 soah
587 3439 770 3502 harmonica
802 3437 967 3521 disciplina
990 3437 1186 3502 coniunctio.
1226 3438 1298 3508 Fac
1322 3437 1422 3522 igitur
1451 3441 1687 3505 tetrachordum
1710 3462 1753 3506 ex
1773 3443 1838 3521 his,

525 3551 607 3615 qnos
627 3551 827 3614 proponam,
852 3531 989 3594 numeris
1011 3541 1241 3612 temperatum
1265 3552 1403 3615 quorum
1425 3531 1466 3595 sit
1488 3531 1581 3615 prior
1603 3539 1748 3602 senarius
1769 3560 1842 3621 per·

523 3625 628 3690 lectus
650 3644 687 3687 ac
708 3623 832 3707 sapiens
853 3645 1023 3700 numerus;
1045 3625 1201 3688 secundus
1223 3637 1374 3700 octavuss
1397 3626 1509 3690 tertius
1530 3630 1739 3708 novenariusy
1764 3635 1843 3696 duo·

524 3718 665 3783 decimus
698 3718 754 3802 qui
787 3731 854 3796 est,
889 3719 1014 3782 locetur
1035 3731 1209 3783 extremus.
1267 3719 1305 3782 Iu
1334 3718 1384 3783 his
1408 3731 1561 3806 quattuor
1580 3723 1711 3787 chordis
1732 3743 1841 3790 omues

524 3814 681 3896 simplices
704 3812 912 3897 symphoniae
942 3813 1030 3878 varia
1061 3814 1253 3877 chordarum
1281 3813 1488 3897 percussione
1518 3828 1701 3880 nascuntur.
1761 3819 1841 3883 llam

481 3924 566 3978 ssex
585 3906 756 3971 intervallo
776 3905 916 3970 senariae
943 3918 1039 3991 atque
1061 3905 1246 3970 octonariae
1275 3927 1414 3971 summae
1436 3908 1624 3990 symphonia
1647 3908 1705 3976 διά
1725 3909 1841 3978 τεσσά-

524 4025 591 4091 ρων
611 4000 768 4078 efficitur,
802 4014 897 4087 atque
920 4002 1071 4092 ἐπιτρίτῳ
1092 4020 1226 4065 numero
1249 3999 1439 4064 continetur.
1495 4001 1559 4082 Qui
1588 4003 1682 4066 etiam
1711 4003 1742 4066 in
1766 4006 1841 4070 dua·

524 4097 603 4170 bns,
627 4115 708 4180 quae
735 4107 809 4159 stunt
836 4093 1000 4178 reliquae,
1038 4092 1132 4158 sicuti
1150 4092 1274 4170 cernis,
1311 4105 1459 4176 apparet.
1514 4098 1594 4161 Nam
1614 4097 1784 4162 duodecim
1803 4100 1842 4164 ad

525 4209 642 4252 novem
661 4190 774 4252 eodem
793 4199 1020 4272 comparantur
1035 4187 1204 4278 ἐπιτρίτῳ,
1228 4187 1433 4271 recinuntque
1447 4189 1591 4255 similiter
1606 4193 1838 4273 symphoniam,

526 4302 607 4366 quae
631 4278 687 4348 deci
710 4279 877 4373 τεσσάρων
897 4282 1087 4364 appellatur.
1145 4283 1192 4345 Ar
1212 4279 1238 4344 si
1262 4280 1446 4346 altrinsecus
1469 4283 1572 4366 prima
1597 4283 1743 4362 tertiam,
1767 4286 1840 4350 item

481 4376 661 4446 tosecunda
683 4385 716 4440 et
738 4388 879 4440 extrema
905 4377 1070 4459 pulsetur,
1103 4373 1290 4458 symphonia
1315 4377 1495 4452 resonabit,
1530 4398 1611 4462 quae
1648 4378 1765 4444 dicitnr
1786 4379 1839 4447 διά

523 4472 616 4536 πέντε
638 4490 679 4536 ex
699 4463 836 4561 ἡμιολίῳ
857 4480 927 4535 orta
949 4468 1085 4535 ratione.
1141 4467 1247 4534 Prima
1272 4490 1353 4554 ergo
1380 4481 1412 4534 et
1430 4481 1572 4535 extrema
1594 4492 1765 4555 percussae
1786 4471 1840 4542 διά

523 4563 639 4628 πασῶν
657 4561 801 4628 ellicinot
822 4562 1058 4646 symphoniam,
1096 4585 1137 4626 ex
1160 4561 1295 4645 diplasio
1317 4584 1448 4629 numero
1471 4578 1716 4645 consonantem,
1753 4567 1841 4632 cuins

524 4654 706 4719 umbilicum
728 4659 896 4741 epogdous
918 4657 972 4720 ille
993 4657 1177 4735 contiueat,
1215 4658 1366 4741 quincto
1389 4681 1426 4723 ac
1450 4681 1566 4726 novem
1590 4659 1716 4727 videtur
1740 4656 1842 4724 inser·

479 4829 487 4846 .
523 4759 590 4813 tus.
634 4748 739 4815 Huius
760 4750 859 4836 igitur
878 4751 1015 4836 liguram
1036 4749 1143 4836 aspice
1165 4751 1378 4818 tetrachordia
