4434 5959
812 596 1046 663 BOETHIUS
1069 596 1162 661 ΜΒ.
1184 596 1216 661 Ι.
1608 603 1669 669 tu

353 737 490 801 sedem:
511 747 753 820 argumentum
768 748 884 800 cutem
901 738 1089 813 rationem,
1113 758 1200 820 quoe
1217 738 1269 802 rei
1289 738 1412 803 derbiae
1421 738 1546 833 scelat
1553 743 1670 821 fidem

352 834 442 912 (cap.
466 830 497 891 2.
521 836 553 907 §.
576 831 640 907 8.);
662 831 790 895 secundi
812 832 883 893 libri
904 843 1152 895 commentorum
1175 834 1358 913 explanatio
1379 837 1541 900 subsistat.
1586 841 1671 902 Ter·

352 926 416 985 tius
439 945 518 987 vero
536 936 630 1008 atque
652 936 782 1008 quartus
802 925 1024 989 discretionem
1043 928 1188 989 locorum
1208 928 1290 990 inter
1311 948 1345 990 se
1366 949 1540 1013 eorumque
1561 952 1669 995 exem·

352 1022 405 1099 pla
426 1018 661 1080 multiformiter
682 1030 936 1101 persequuntur:
974 1018 1015 1083 ita
1042 1032 1076 1082 ut
1095 1020 1206 1082 tertius
1231 1023 1357 1104 qtvidem
1385 1023 1528 1085 'stilliana
1549 1025 1608 1087 sibi
1630 1028 1669 1087 de

352 1114 420 1173 iure
444 1125 604 1193 proponat
634 1113 801 1193 caernpla,
839 1124 971 1196 quiartus
996 1134 1075 1176 vero
1109 1116 1237 1176 eosdem
1265 1115 1357 1177 locos
1379 1136 1438 1197 per
1458 1116 1534 1178 alias
1556 1124 1695 1181 rursusi

351 1206 568 1269 similitudines
596 1218 750 1269 monstret
777 1226 816 1271 ex
839 1206 981 1289 Virgilio
1010 1208 1061 1269 vel
1080 1208 1233 1269 Terentio
1255 1207 1383 1289 poie'tis,
1407 1209 1590 1273 oratoribus
1612 1209 1669 1275 Ci-

353 1320 472 1363 cerone
494 1310 525 1362 et
544 1297 691 1363 Catone:
728 1311 762 1361 ut
785 1300 871 1382 quod
889 1300 1066 1382 praeceptis
1086 1299 1283 1376 ostenditur,
1314 1302 1465 1383 exemplis
1489 1303 1669 1385 multipliei-

354 1404 404 1455 ter
426 1393 635 1455 collucescat:
677 1413 778 1473 neque
803 1393 904 1455 abeo
931 1394 1024 1468 loco,
1062 1392 1116 1477 qui
1140 1405 1187 1455 est
1213 1393 1245 1455 in
1269 1394 1422 1476 Topicis:
1459 1396 1526 1459 Sed
1550 1419 1596 1459 ear
1624 1399 1669 1461 iis

353 1485 456 1558 lucis,
495 1486 674 1569 inquibus
698 1496 906 1568 argumenta
930 1486 1062 1547 inclrssn
1080 1498 1160 1547 sunt
1181 1488 1267 1567 (cap.
1291 1488 1323 1549 2.
1346 1494 1377 1564 §.
1401 1489 1467 1564 8.),
1504 1489 1691 1571 expositio*

352 1598 526 1661 progressa
559 1598 628 1641 eum
653 1581 861 1640 transsceudit
888 1579 1011 1655 locum,
1046 1581 1100 1663 qui
1122 1591 1187 1641 est:
1225 1584 1348 1645 Vatear
1372 1582 1549 1666 capacitas,
1579 1598 1710 1668 quaeso
1819 1549 1837 1657 ,¹

347 1673 497 1753 paribus
517 1672 552 1733 in
568 1673 681 1735 cnemis
698 1672 802 1754 pario
820 1671 900 1735 iuro
914 1672 1086 1736 desiderat
1101 1676 1186 1754 (cap.
1210 1676 1241 1736 1.
1265 1681 1293 1752 §.
1316 1675 1399 1753 23.).
1444 1676 1567 1754 Quanta
1587 1698 1667 1740 vero

351 1785 428 1845 pars
446 1764 565 1849 reliqua
588 1766 648 1839 sit,
684 1766 880 1845 'l'opicorum
911 1766 1009 1847 ipsius
1041 1761 1421 1851 volturninis'magnitudo
1450 1771 1665 1844 demonstrat,

351 1880 446 1941 quiam
471 1859 659 1922 Victorinus
682 1880 784 1943 neque
807 1858 930 1943 attingit
954 1880 1057 1944 neque
1079 1861 1234 1943 attingere
1253 1861 1410 1942 potuisset
1426 1860 1469 1924 ita
1491 1866 1587 1925 rebus
1610 1864 1668 1926 mi·

352 1952 444 2014 uinus
473 1952 683 2026 immoratus,
726 1952 783 2014 nisi
811 1972 891 2031 opus
929 1954 1022 2014 multa
1055 1953 1211 2015 librorum
1250 1953 1431 2035 pluralitate
1463 1955 1666 2021 distenderet.

354 2046 425 2107 Nos
447 2065 526 2109 vero
550 2057 580 2107 et
603 2047 681 2107 hanc
704 2045 801 2127 ipsam
827 2045 1031 2125 particulam,
1057 2066 1148 2128 qstam
1171 2047 1359 2110 Victorinus
1385 2047 1508 2132 attigit,
1533 2045 1712 2133 diligen-¹5

351 2150 404 2199 ter
425 2140 471 2217 (ut
495 2142 676 2219 possumus)
699 2141 938 2223 aggrediamur,
962 2149 994 2201 et
1013 2138 1139 2221 longius
1169 2141 1369 2221 expositione
1397 2142 1565 2226 progressi
1595 2163 1666 2206 cum

353 2232 554 2313 'l'opieorum
585 2235 732 2295 debemus
754 2234 814 2295 line
838 2234 1021 2295 consistere.
1080 2232 1188 2310 Quare
1218 2236 1256 2294 de
1287 2245 1355 2295 tota
1388 2236 1495 2315 operis
1516 2237 1668 2318 proposi·

351 2324 440 2385 tione
462 2325 654 2387 conveniens
676 2347 833 2387 sumamus
856 2326 1033 2387 exordium.
1076 2326 1139 2389 Sed
1162 2338 1233 2389 ante
1253 2348 1344 2410 qttam
1366 2328 1403 2389 de
1425 2328 1551 2408 topicae
1566 2330 1668 2392 lacul-

351 2417 426 2479 tatis
449 2418 571 2480 ratione
607 2431 816 2499 pertractem,
851 2418 1072 2499 prooemium,
1104 2422 1231 2504 quoad
1254 2421 1437 2484 'l'rebatiunr
1461 2422 1515 2484 Μ.
1540 2422 1666 2485 Tullius

353 2511 477 2584 sititur,
502 2512 608 2591 paucis
630 2512 805 2576 absolvam.
850 2512 926 2576 Au:
1676 2528 1709 2575 eo

440 2604 536 2686 (Cap.
562 2608 592 2667 1.
617 2613 647 2682 §.
673 2612 703 2668 1.
726 2640 768 2653 ·-
789 2604 872 2688 Cap.
898 2609 929 2668 1.
951 2612 982 2683 §.
1006 2607 1053 2685 5.)
1102 2608 1259 2672 Maiores
1279 2626 1343 2670 nos
1364 2638 1405 2651 ·-
1426 2642 1466 2653 -
1487 2643 1529 2661 ν-
1551 2640 1593 2653 -
1613 2610 1667 2673 in·

349 2698 544 2773 artronum,
566 2700 738 2761 accedere.

440 2794 543 2855 Omne
565 2793 780 2873 prooemium,
812 2794 899 2874 qrtod
923 2794 961 2855 ad
984 2795 1235 2875 componendum
1256 2794 1386 2857 intendit
1405 2794 1607 2871 auditorem,
1628 2808 1665 2859 ut

348 2886 382 2949 in
406 2884 575 2948 rhetoricis
594 2887 741 2960 discitur,
781 2900 832 2947 aut
855 2888 1103 2949 benevolentiam
1128 2899 1252 2969 captat,
1276 2900 1328 2950 aut
1347 2888 1548 2951 attentionem
1570 2911 1664 2972 prae-

349 2990 461 3061 parat,
498 2990 548 3039 aut
571 2978 664 3041 efficit
686 2978 889 3041 docilitatem.
940 2982 1000 3043 His
1028 2982 1130 3043 trihus
1152 2984 1295 3064 partibus
1316 2981 1376 3044 sibi
1399 2980 1517 3046 Cicero
1540 2984 1570 3045 T
1573 2985 1664 3043 reba·
1675 2987 1706 3036 ²⁵

350 3077 427 3135 tium
450 3074 586 3135 format:
623 3094 690 3135 narn
715 3075 801 3157 qtvod
818 3094 852 3135 se
875 3094 891 3133 a
915 3093 1098 3155 magnarum
1123 3096 1228 3137 reuma
1254 3074 1455 3139 inchoatione
1481 3086 1663 3137 revocatum

350 3170 391 3229 ad
420 3167 509 3229 amici
535 3166 667 3229 eontulit
699 3167 911 3239 voluntatens,
945 3166 1088 3229 savorem
1117 3166 1264 3230 'l'rebatii
1286 3168 1373 3231 velut
1392 3166 1502 3230 iudicis
1525 3170 1665 3230 benero-

351 3260 466 3323 lentiac
492 3260 634 3341 partibus
664 3272 835 3322 emeretur.
894 3259 1039 3323 Maiores
1062 3272 1165 3321 autem
1187 3282 1239 3323 res
1261 3272 1352 3337 saint,
1391 3282 1563 3345 aqrrarum
1585 3261 1666 3323 scri·

350 3354 461 3437 ptione
490 3356 528 3417 ad
558 3353 648 3417 arnici
680 3353 814 3415 studium
848 3373 959 3415 versus
988 3364 1054 3427 est,
1091 3355 1220 3417 moralis
1249 3355 1468 3438 philosophiae
1496 3366 1663 3418 tractatus.

350 3450 465 3511 ltlaior
486 3458 534 3509 est
555 3447 634 3508 euim
658 3468 779 3509 morum
802 3446 904 3519 ratio,
929 3468 1020 3530 qrtam
1044 3447 1156 3528 peritia
1179 3448 1364 3512 disserendi.
1408 3450 1447 3512 ld
1468 3461 1569 3511 autem
1585 3459 1712 3511 tem-tt⁴

350 3564 411 3624 pus
434 3540 532 3604 titisse
557 3540 757 3615 coniicimus,
784 3554 1003 3623 quopropter
1025 3543 1206 3605 turbulenta
1229 3542 1276 3606 cei
1298 3544 1443 3626 publicae
1465 3554 1610 3624 tempora
1632 3541 1664 3603 in

350 3636 451 3698 otium
479 3656 512 3696 se
541 3634 673 3697 contulit
703 3645 796 3716 atque
826 3634 865 3695 ad
887 3632 1106 3715 philosophiae
1127 3634 1320 3717 disciplinas.
1378 3638 1441 3699 Sed
1471 3637 1543 3721 quia
1571 3636 1664 3699 nobis

348 3728 538 3791 audientium
572 3740 688 3789 mentes
712 3728 852 3790 veritatis
874 3748 1001 3811 quicque
1023 3728 1132 3812 opinio
1161 3742 1359 3812 praesumpta
1382 3730 1548 3805 conciliat,
1570 3730 1601 3791 in
1624 3750 1664 3792 eo

349 3823 442 3886 ctiam
475 3824 711 3904 praeparandae
733 3818 970 3883 benevolentiae
993 3824 1137 3901 partibus
1159 3826 1275 3899 astitere,
1306 3826 1394 3906 quod
1415 3844 1665 3887 commemoran-

349 3916 399 3978 dis
421 3915 579 3979 veraciter
601 3914 656 3987 iis,
681 3935 761 3997 quae
778 3911 946 3975 Trebatius
969 3929 1119 3991 noverat,
1143 3917 1221 3980 lacit
1235 3918 1296 3980 illis
1319 3918 1428 3992 fidem,
1453 3938 1534 4001 quae
1555 3928 1709 3998 poste-35

348 4009 418 4071 rius
447 4010 573 4070 evenire
602 4020 633 4070 et
669 4007 823 4070 Trebatio
852 4007 960 4087 ignota
991 4029 1060 4071 esse
1092 4022 1279 4091 potuerunt.
1337 4010 1426 4071 Haec
1446 4022 1548 4071 autem
1569 4019 1662 4070 stvnt:

350 4105 438 4187 quod
468 4104 498 4165 in
529 4102 712 4165 'l'useulauo
740 4106 778 4165 ad
799 4124 889 4165 sittim
913 4104 1046 4169 studium
1070 4113 1203 4186 uterque
1229 4105 1330 4165 libros
1351 4102 1529 4175 evolvet-in
1562 4104 1665 4186 quod·

349 4218 413 4281 qtae
435 4195 605 4260 Trebatius
628 4217 700 4258 casu
724 4196 753 4259 in
777 4197 959 4262 Aristotelis
984 4198 1105 4278 'l'opica
1135 4197 1297 4271 inciderit;
1333 4199 1419 4281 quod
1440 4195 1563 4257 titulum
1586 4216 1665 4277 ope·

349 4290 394 4351 ris
430 4292 598 4351 admiratus
630 4310 647 4352 a
680 4292 729 4352 ul.
759 4291 867 4354 'l'ullio
896 4290 1108 4373 inscriptionis
1130 4290 1312 4353 sententiam
1335 4288 1553 4371 perquisierit;
1582 4288 1662 4349 illud
1772 4284 1778 4296 '

349 4382 459 4457 etiam,
484 4386 572 4467 quod
595 4382 623 4445 ei
646 4382 765 4448 Cicero
787 4405 820 4447 sc
843 4385 1028 4467 exposuisse
1051 4395 1298 4457 commemorat,
1329 4382 1587 4445 inveniendorum
1611 4401 1662 4442 ar·
1676 4384 1708 4434 ⁴⁰

351 4488 575 4559 gumentorum
608 4476 669 4541 illis
703 4478 790 4539 libris
819 4477 978 4541 scientiam
1008 4476 1181 4552 contineri,
1218 4488 1253 4539 ut
1287 4476 1354 4539 sine
1383 4474 1450 4538 ullo
1480 4495 1592 4537 errore
1625 4476 1665 4535 ad

350 4582 609 4653 argumentorum
643 4571 851 4634 inventionem
883 4572 930 4633 ria
965 4574 1095 4653 qtradam
1130 4582 1160 4631 et
1197 4580 1287 4631 recto
1318 4568 1373 4633 lilo
1406 4581 1501 4653 atque
1529 4566 1664 4629 artificio

351 4665 526 4727 veniretur.
578 4665 667 4743 Quae
690 4687 740 4727 res
763 4665 904 4727 breviter
925 4664 1082 4726 enuntiata
1108 4664 1193 4724 velut
1215 4662 1417 4727 intentionem
1444 4660 1551 4744 operis
1574 4681 1664 4724 mon·
1741 4744 1744 4751 Ι

349 4767 431 4819 strat
459 4769 490 4821 et
518 4759 654 4822 docilem
677 4758 801 4840 perlicit
830 4759 1016 4821 auditorem.
1062 4755 1098 4819 ln
1122 4756 1184 4819 hoc
1206 4776 1338 4841 namque
1354 4754 1479 4819 videtur
1494 4777 1563 4819 esse
1578 4776 1667 4817 corn·

685 4878 1136 4891 *ιιι-..Μ

427 4932 454 4983 2.
473 4931 699 4997 commentorum]
722 4930 797 4982 Etns.
818 4931 885 4981 vec.
900 4954 933 4971 ··
947 4932 1208 4979 commentariorum
1223 4930 1306 4980 t’arts.
1326 4956 1363 4971 -
1381 4945 1439 4984 om.
1458 4930 1535 4983 Basa.
1556 4933 1601 4985 17.
1612 4926 1666 4978 de-

348 5002 455 5070 bemur]
487 5004 561 5059 Eine.
588 5004 663 5057 Base
691 5032 724 5045 ·-
751 5004 883 5055 habemur
901 5005 957 5055 Vsu
990 5006 1074 5056 Paris.
1127 5009 1172 5057 20.
1194 5000 1259 5073 Au]
1278 5002 1356 5056 Elns.
1375 5004 1445 5058 Ven.
1469 5033 1499 5045 -
1522 5006 1575 5055 At't
1593 5007 1667 5053 esaim

351 5081 428 5133 basa.
449 5106 486 5121 ..
506 5096 562 5131 cm.
584 5081 670 5134 Paris.
710 5084 755 5135 2⁷.
775 5078 901 5131 Trebattt
919 5080 1011 5147 vetant}
1031 5079 1108 5131 basa.
1130 5106 1165 5119 ·-
1183 5080 1263 5130 estut
1283 5077 1410 5132 Tretous
1427 5082 1521 5133 cetert.
1550 5080 1595 5134 32.
1615 5076 1665 5141 adl
1735 5128 1739 5135 .

351 5170 408 5207 orn.
429 5155 496 5207 Ven.
518 5156 603 5209 Parta.
625 5160 672 5216 5'1.
691 5154 764 5225 quod
781 5154 1043 5223 commemorandis]
1060 5155 1135 5207 Eine.
1156 5182 1191 5197 -
1210 5150 1285 5224 quod
1296 5158 1325 5205 tn
1337 5151 1585 5207 commemorando
1597 5151 1667 5205 ssdd.
