4434 5959
540 591 605 658 21⁰
979 594 1021 662 C.
1043 597 1199 665 IULIUS
1221 595 1402 666 VICTOR

539 743 620 796 aunt
635 731 672 795 in
685 733 927 799 dominatione.
969 737 1002 802 A
1018 737 1175 814 eonsdiis,
1197 758 1244 803 ou
1262 749 1355 802 metu
1366 739 1526 822 mppttett
1542 741 1718 810 retardari
1725 755 1848 828 potue-

539 825 606 888 rit:
639 846 686 887 an
704 848 801 888 reum
818 825 986 916 staturum
1005 852 1043 894 se
1062 853 1132 896 non
1153 832 1372 914 sperauerit:¹
1394 845 1428 896 et
1450 834 1482 901 ai
1498 835 1706 918 sperauerit,
1727 857 1850 902 eoam·

539 940 617 982 rum
636 921 818 984 crediderit
825 944 838 993 ,·
872 944 952 1006 quae
976 945 1051 1006 pers
1070 925 1179 988 similis
1200 937 1248 988 est
1269 944 1306 986 ac
1329 945 1430 1006 paene
1444 929 1550 990 eadem
1569 949 1639 990 cum
1661 928 1730 992 veri
1755 931 1850 996 uniti

539 1013 737 1078 defensione.
781 1016 889 1099 Atque
916 1016 1036 1082 iccirco
1058 1019 1193 1088 Marcus
1223 1017 1347 1080 'stellius
1368 1039 1429 1100 pro
1451 1021 1579 1084 Milone
1600 1041 1658 1101 per
1678 1034 1847 1106 utrumque

513 1104 672 1170 ⁵istorum
696 1107 840 1171 locorum
863 1119 1030 1174 tractatum
1052 1110 1257 1175 consiliorum
1274 1110 1390 1175 divisit.
1432 1113 1465 1176 A
1485 1124 1660 1194 potestate,
1682 1133 1728 1176 an
1743 1136 1849 1200 mutan

536 1201 657 1264 nabent
678 1222 839 1284 magnam
858 1223 971 1266 aecum
988 1224 1127 1266 manum
1147 1224 1283 1278 eorum,
1313 1225 1399 1287 quos
1427 1205 1570 1288 recipit:
1615 1207 1655 1268 ab
1683 1204 1776 1272 initio
1807 1209 1849 1270 ad

536 1291 650 1367 finem,
673 1313 719 1354 an
740 1315 844 1377 quum
866 1295 1042 1358 abdicata
1059 1297 1223 1379 recipiat,
1246 1295 1384 1380 signnm
1404 1299 1450 1361 sit
1470 1296 1669 1388 adfectatae
1687 1301 1848 1384 tyranni·

537 1385 609 1461 dis:
629 1406 674 1447 on
694 1408 799 1470 quum
823 1391 961 1452 multos.
1005 1390 1102 1468 Quod
1123 1389 1272 1474 quoniam
1294 1401 1342 1452 est
1364 1411 1424 1472 pro
1446 1403 1651 1468 accusatore,
1682 1393 1846 1458 resolvere

537 1479 569 1543 id
589 1500 663 1542 reus
684 1501 849 1545 causarum
871 1483 1077 1547 translatione
1097 1482 1284 1558 conabitur,
1308 1503 1389 1566 quae
1409 1495 1481 1548 sunt
1495 1486 1586 1549 sedes
1601 1483 1736 1548 coloris.
1771 1485 1846 1564 Quo

456 1563 469 1596 ”
495 1574 527 1622 ¹⁰
537 1573 568 1636 in
589 1573 663 1638 loco
685 1573 916 1639 coniecturales
938 1597 1053 1638 causae
1074 1575 1241 1652 laborant,
1273 1595 1319 1638 an
1340 1575 1417 1640 ideo
1448 1576 1612 1660 recipiat,
1635 1577 1727 1661 quod
1746 1578 1848 1642 mise.

536 1678 656 1731 reatur
682 1667 806 1730 civium
834 1669 1137 1745 calamitosorum,
1171 1668 1337 1752 simulque
1366 1690 1425 1733 eos
1450 1670 1649 1760 suqtinendo
1681 1669 1847 1736 innoxiae

531 1772 698 1844 praestet.
741 1761 827 1825 Huic
848 1762 930 1844 parti
954 1763 1134 1827 necessario
1154 1761 1299 1824 adiicitur
1313 1761 1384 1824 ueri
1399 1761 1509 1826 similis
1531 1760 1686 1828 defensio.
1729 1763 1762 1826 A
1778 1763 1847 1828 veri

535 1853 628 1916 simili
646 1854 847 1918 defensione:
874 1877 920 1918 an
941 1857 973 1921 si
993 1858 1056 1920 hoc
1079 1855 1283 1932 destinaret,
1307 1877 1374 1919 non
1396 1856 1512 1940 utique
1529 1858 1648 1938 palam
1668 1854 1845 1919 abdicatos

423 1944 425 1947 ’
534 1948 719 2030 reciperet,
749 1948 810 2010 sed
834 1971 894 2013 eos
927 1952 1016 2012 ciam
1038 1949 1103 2012 sibi
1113 1946 1343 2038 foederaret:
1364 1971 1405 2011 ac
1429 1970 1498 2012 non
1526 1951 1620 2012 solos
1647 1949 1843 2027 abdicatos,

494 2041 596 2104 ttsed
612 2052 645 2103 et
665 2040 754 2104 alios
777 2041 942 2106 homines.
996 2045 1091 2108 Hunc
1112 2044 1217 2105 locam
1246 2043 1319 2126 qnia
1350 2043 1469 2106 resolvi
1494 2041 1627 2106 diximus
1649 2043 1690 2104 ab
1716 2035 1845 2105 acc'nss-

469 2129 472 2132 ’
535 2145 605 2195 tore
632 2133 852 2216 ignoratione,
887 2156 980 2213 casu,
1017 2134 1220 2210 necessitate,
1257 2147 1425 2198 nascentur
1453 2133 1653 2219 quaestiones
1680 2136 1762 2198 hae:
1798 2155 1846 2197 an

533 2225 691 2288 nescierit
710 2247 810 2309 posse
837 2249 875 2291 se
898 2229 1078 2292 mensori:
1112 2248 1158 2290 an
1184 2227 1299 2291 divino
1325 2246 1412 2292 casu
1429 2231 1492 2290 hoc
1512 2227 1614 2291 modo
1635 2228 1845 2291 instruxerit

534 2319 818 2397 dominationem,
841 2334 881 2385 ut
896 2324 1007 2405 possit
1031 2322 1159 2386 teneri:
1193 2341 1238 2382 an
1257 2333 1290 2385 et
1308 2321 1504 2384 necessitate
1522 2323 1586 2384 iaoc
1604 2340 1714 2404 genus
1733 2320 1846 2384 honri·

517 2434 616 2476 ·num
634 2415 841 2502 sussceperit,
877 2416 959 2500 quia
982 2418 1079 2481 aliud
1106 2437 1174 2478 non
1195 2415 1349 2478 habebnt.
1394 2415 1447 2478 Sic
1466 2412 1617 2477 dividitur
1642 2414 1757 2496 plena,
1779 2413 1845 2477 hoc

491 2510 524 2560 ²⁰
534 2517 603 2583 est,
627 2506 711 2584 iiia,
748 2507 781 2570 in
794 2520 863 2593 'qua
885 2521 917 2572 ct
939 2530 1044 2573 rerum
1065 2521 1097 2572 et
1118 2529 1324 2593 personarum
1349 2506 1485 2572 vertitur
1504 2505 1668 2591 quaestio,
1701 2509 1842 2570 sednon

532 2598 710 2680 plenarum.
753 2601 864 2664 Altera
884 2615 954 2680 est,
978 2601 1111 2688 quaein
1133 2600 1278 2684 personis
1297 2600 1376 2664 solis
1398 2601 1484 2664 litent
1507 2599 1643 2684 patitur,
1667 2611 1703 2663 nt
1727 2600 1759 2663 io
1781 2602 1844 2662 hae

533 2693 772 2758 controuersia:
805 2698 870 2762 Vir
886 2695 1009 2788 sortis
1027 2697 1149 2759 habeat
1171 2693 1387 2776 praemium:
1407 2693 1547 2778 quidam
1555 2689 1842 2784 fortiterseeite

529 2787 686 2869 praemio
707 2788 859 2872 captiuae
881 2789 1034 2854 mulieris
1060 2787 1199 2871 nuptias
1220 2786 1367 2869 accepit,
1403 2806 1530 2850 veneno
1548 2783 1673 2868 periit:
1707 2806 1769 2848 rea
1788 2796 1842 2849 est

532 2881 666 2962 captiua
686 2882 855 2959 ueneficii.
908 2885 940 2946 A
968 2901 1128 2966 persona:
1160 2899 1206 2942 an
1233 2878 1403 2942 credibilis
1427 2877 1600 2942 homicidii
1623 2879 1782 2940 volmar
1804 2877 1842 2940 in

490 2974 691 3051 ²⁵muiiere,
714 2997 760 3038 an
784 2976 961 3055 veneficii,
991 2998 1037 3038 an
1063 2976 1100 3039 in
1123 2973 1279 3055 captiua,
1302 2993 1349 3034 an
1374 2971 1411 3035 in
1424 2993 1559 3036 uxore.
1601 2971 1634 3034 A
1655 2990 1772 3034 causa:
1794 2991 1843 3034 an

532 3085 671 3131 causam
684 3069 846 3153 inabsaeritu
858 3070 994 3134 sceleris
1012 3069 1130 3135 odium
1151 3066 1236 3129 iliud
1252 3065 1398 3138 hostile:
1419 3065 1455 3128 in
1469 3084 1590 3150 quoan
1602 3075 1684 3146 post
1700 3065 1844 3148 nuptiae

529 3161 681 3242 potuerit
710 3184 926 3244 permonere.
985 3162 1126 3228 Consilia
1159 3161 1251 3222 etiarn
1276 3157 1499 3234 tractabimus,
1536 3159 1622 3242 quod
1650 3158 1778 3242 quidem
1806 3157 1842 3221 in

532 3253 709 3316 huiusmodi
737 3255 963 3320 controversiis
995 3257 1066 3320 viee
1094 3253 1163 3317 veri
1190 3252 1299 3316 similis
1329 3251 1517 3316 defensionis
1538 3252 1600 3313 hoc
1621 3248 1652 3312 in
1673 3251 1749 3314 loeo
1770 3251 1842 3334 pie·

531 3344 601 3406 nitu
623 3347 844 3429 exsequimur:
882 3369 928 3412 an
958 3349 1148 3430 sperauerit
1164 3349 1343 3410 ‘occuitum
1359 3342 1534 3435 futurum
1563 3343 1690 3418 scetus,
1724 3363 1773 3404 on
1802 3365 1841 3408 se

480 3441 522 3533 '³⁰
532 3459 626 3500 ream
646 3459 713 3501 non
725 3437 916 3529 futuram,
950 3463 997 3504 an
1017 3461 1206 3524 prosperae
1235 3440 1420 3503 sententias
1442 3441 1643 3502 relaturam.
1687 3436 1720 3499 A
1744 3447 1842 3518 pote-

531 3541 631 3594 state:
652 3553 697 3593 nn
713 3535 870 3616 potuerit
892 3556 1054 3598 uenenum
1069 3555 1197 3618 parare
1215 3533 1251 3596 in
1271 3534 1386 3596 aliena
1403 3532 1557 3603 ciuitate:
1577 3549 1624 3593 an
1644 3528 1680 3592 in
1700 3551 1744 3592 ea
1757 3530 1841 3594 ciui-

530 3632 618 3697 tate,
642 3624 799 3710 inquam
817 3629 951 3711 captiua
968 3639 1187 3711 pervenerat:
1207 3647 1254 3688 an
1274 3626 1427 3710 potuerit
1452 3626 1536 3688 dare
1554 3623 1604 3700 ei,
1627 3642 1651 3683 a
1669 3641 1738 3705 quo
1760 3623 1840 3686 dili·

530 3717 691 3796 gebatur,
714 3732 747 3781 et
761 3741 827 3802 per
842 3723 905 3784 iane
924 3742 993 3786 non
1011 3721 1206 3785 timebatur.
1252 3721 1394 3804 Sequens
1421 3729 1529 3782 estex
1551 3737 1616 3778 non
1636 3713 1737 3796 plenis
1759 3737 1840 3780 eoa·

529 3810 666 3886 iectura,
701 3813 732 3876 in
764 3834 825 3898 qua
855 3817 893 3878 de
919 3835 956 3878 re
983 3814 1167 3899 quaeritur,
1204 3812 1276 3898 quia
1296 3832 1433 3894 persona
1460 3809 1621 3874 manifesta
1652 3819 1712 3871 est.
1771 3811 1837 3888 Ut,

488 3904 668 3988 ”quidum
687 3907 843 3972 inuentus
870 3921 918 3972 est
938 3928 1054 3972 recens
1077 3907 1224 3971 cadaver
1247 3907 1282 3969 in
1309 3906 1366 3969 oin
1390 3907 1482 3969 solus
1510 3901 1694 3986 sepeliens:
1720 3904 1844 3968 caedis

529 4023 609 4064 reus
627 4012 691 4065 est.
748 4001 811 4065 Hic
829 3995 949 4065 scilicet
972 4000 1079 4065 senice
1108 4001 1141 4064 io
1166 3999 1418 4064 controversiam
1440 4017 1578 4080 persona
1609 4013 1672 4058 non
1697 3997 1838 4077 poterit:

529 4107 614 4157 certa
641 4094 721 4158 enim
752 4107 818 4169 est,
856 4093 1031 4158 cuiusmodi
1059 4094 1119 4170 sit:
1156 4103 1187 4156 et
1217 4093 1289 4157 ideo
1315 4115 1374 4156 nec
1410 4089 1564 4156 voluntati
1593 4089 1684 4151 locus
1706 4103 1757 4154 est
1778 4113 1841 4156 nee

527 4187 688 4269 potestati.
731 4189 814 4251 'l'res
836 4186 933 4272 igitur
953 4187 1068 4274 retiqui
1093 4185 1157 4252 loci
1177 4186 1363 4249 divisionem
1385 4185 1569 4270 iungentur.
1613 4182 1668 4244 Ab
1684 4181 1777 4250 initio
1796 4189 1838 4250 ad

527 4281 639 4343 tinem:
668 4301 714 4343 on
737 4302 841 4364 quum
864 4280 968 4344 iuxta
995 4302 1112 4346 recens
1135 4279 1279 4343 cadaver
1311 4281 1405 4342 solus
1428 4279 1473 4343 sit
1500 4277 1676 4351 inuentus,
1711 4277 1768 4340 ieie
1790 4280 1839 4344 sit

484 4373 638 4437 tteaeciis
658 4385 798 4448 auctor:
831 4395 877 4437 on
894 4396 998 4459 quum
1018 4375 1054 4437 in
1069 4373 1144 4450 ‚oia,
1168 4393 1214 4434 an
1234 4392 1339 4455 quum
1355 4370 1531 4453 sepeliens.
1574 4369 1607 4430 A
1627 4371 1837 4439 translatione

527 4485 713 4530 causarum:
735 4487 781 4530 on
796 4489 895 4531 omne
915 4468 1001 4531 iliud
1016 4465 1147 4530 iniuria
1160 4461 1308 4556 secerit.
1361 4465 1394 4528 A
1421 4463 1489 4527 reri
1509 4460 1605 4526 simili
1625 4462 1834 4531 defensione:

524 4579 571 4622 an
592 4557 624 4621 si
643 4559 715 4642 ipse
735 4571 822 4624 esset
840 4559 1063 4651 interfector,
1087 4560 1203 4643 utique
1219 4555 1386 4650 fugisset
1397 4557 1535 4641 potius,
1559 4573 1661 4643 quam
1685 4556 1734 4622 tte·
1754 4561 1837 4624 sub.

524 4649 684 4724 retrimen-
718 4672 764 4713 cn
794 4675 873 4717 oeno
899 4654 1069 4717 neminem
1086 4653 1258 4737 putauerit
1276 4650 1424 4742 affore:
1446 4655 1496 4715 nel
1518 4655 1683 4721 tutiorem
1707 4655 1836 4719 existi-

524 4743 667 4809 rnooerit
681 4747 857 4810 cadaueris
868 4747 1150 4811 obliterationem.
1175 4747 1212 4808 ln
1226 4747 1426 4810 coniecturae
1441 4745 1597 4811 divisione
1613 4749 1786 4814 voluntatis
1800 4759 1837 4812 ct

481 4839 514 4893 ὕ
523 4837 689 4918 potestatis
699 4838 761 4901 ioci
775 4860 956 4903 communes
971 4851 1043 4903 suot
1059 4852 1091 4903 et
1105 4839 1299 4903 accusatoris
1314 4851 1346 4902 et
1368 4839 1565 4914 defensoris.
1581 4841 1713 4923 Perinde
1736 4841 1833 4906 etiam

505 4929 562 4992 ‘ab
583 4928 674 4994 initio
700 4933 741 4993 ad
761 4931 877 5006 tineam
908 4955 990 5018 qnae
1019 4955 1101 4996 nune
1121 4945 1212 4997 recto
1239 4931 1462 5016 prosequimur
1483 4933 1613 5011 ordine,
1645 4955 1729 4998 nunc
1750 4953 1832 5000 sero

523 5059 1828 5092 —w——b—-———————-——-———-

588 5129 630 5180 ss.
648 5133 806 5195 anement
824 5136 859 5180 tu
876 5137 937 5182 cot.
