<?xml version="1.0" encoding="UTF-8"?>
<!DOCTYPE html PUBLIC "-//W3C//DTD XHTML 1.0 Transitional//EN"
    "http://www.w3.org/TR/xhtml1/DTD/xhtml1-transitional.dtd">
<html xmlns="http://www.w3.org/1999/xhtml" xml:lang="en" lang="en">
 <head>
  <title>
</title>
<meta http-equiv="Content-Type" content="text/html;charset=utf-8" />
  <meta name='ocr-system' content='tesseract 3.04.00' />
  <meta name='ocr-capabilities' content='ocr_page ocr_carea ocr_par ocr_line ocrx_word'/>
</head>
<body>
  <div class='ocr_page' id='page_1' title='image "./operaquaesupers09halmgoog_0266.png"; bbox 0 0 4434 5959; ppageno 0'>
   <div class='ocr_carea' id='block_1_1' title="bbox 553 550 1434 671">
    <p class='ocr_par' dir='ltr' id='par_1_1' title="bbox 553 550 1434 671">
     <span class='ocr_line' id='line_1_1' title="bbox 553 550 1434 671; baseline 0 -2"><span class='ocrx_word' id='word_1_1' title='bbox 553 604 616 671; x_wconf 74' lang='lat'>250</span> <span class='ocrx_word' id='word_1_2' title='bbox 997 550 1044 669; x_wconf 48' lang='lat' dir='ltr'>·c·</span> <span class='ocrx_word' id='word_1_3' title='bbox 1069 604 1226 671; x_wconf 86' lang='lat' dir='ltr'>IULIUS</span> <span class='ocrx_word' id='word_1_4' title='bbox 1248 600 1434 669; x_wconf 85' lang='lat' dir='ltr'><strong>VICTOR</strong></span> 
     </span>
    </p>
   </div>
   <div class='ocr_carea' id='block_1_2' title="bbox 513 741 1961 4946">
    <p class='ocr_par' dir='ltr' id='par_1_2' title="bbox 513 741 1961 4946">
     <span class='ocr_line' id='line_1_2' title="bbox 554 741 1874 828; baseline -0.006 -15"><span class='ocrx_word' id='word_1_5' title='bbox 554 759 586 813; x_wconf 90' lang='lat' dir='ltr'>et</span> <span class='ocrx_word' id='word_1_6' title='bbox 606 745 835 813; x_wconf 88' lang='lat' dir='ltr'>contrariarum</span> <span class='ocrx_word' id='word_1_7' title='bbox 857 744 1089 827; x_wconf 85' lang='lat' dir='ltr'>comparatio,¹</span> <span class='ocrx_word' id='word_1_8' title='bbox 1121 755 1154 809; x_wconf 92' lang='lat' dir='ltr'>et</span> <span class='ocrx_word' id='word_1_9' title='bbox 1181 766 1276 828; x_wconf 87' lang='lat' dir='ltr'>quum</span> <span class='ocrx_word' id='word_1_10' title='bbox 1300 753 1383 806; x_wconf 89' lang='lat' dir='ltr'>tuam</span> <span class='ocrx_word' id='word_1_11' title='bbox 1407 741 1527 808; x_wconf 78' lang='lat' dir='ltr'>dixeris</span> <span class='ocrx_word' id='word_1_12' title='bbox 1549 744 1874 826; x_wconf 68' lang='lat' dir='ltr'>argumentationem,</span> 
     </span>
     <span class='ocr_line' id='line_1_3' title="bbox 553 836 1873 923; baseline -0.005 -17"><span class='ocrx_word' id='word_1_13' title='bbox 553 855 629 906; x_wconf 89' lang='lat' dir='ltr'>tune</span> <span class='ocrx_word' id='word_1_14' title='bbox 653 852 763 905; x_wconf 89' lang='lat' dir='ltr'>contra</span> <span class='ocrx_word' id='word_1_15' title='bbox 790 861 876 913; x_wconf 82' lang='lat' dir='ltr'>earn,</span> <span class='ocrx_word' id='word_1_16' title='bbox 916 860 998 923; x_wconf 89' lang='lat' dir='ltr'>quae</span> <span class='ocrx_word' id='word_1_17' title='bbox 1021 840 1209 910; x_wconf 79' lang='lat' dir='ltr'>afferretur,</span> <span class='ocrx_word' id='word_1_18' title='bbox 1248 840 1511 921; x_wconf 77' lang='lat' dir='ltr'>quemadmodum</span> <span class='ocrx_word' id='word_1_19' title='bbox 1534 836 1682 909; x_wconf 87' lang='lat' dir='ltr'>dilueris‚</span> <span class='ocrx_word' id='word_1_20' title='bbox 1717 839 1873 900; x_wconf 74' lang='lat' dir='ltr'>ostensio.</span> 
     </span>
     <span class='ocr_line' id='line_1_4' title="bbox 554 929 1874 1017; baseline -0.007 -17"><span class='ocrx_word' id='word_1_21' title='bbox 554 937 607 1001; x_wconf 91' lang='lat' dir='ltr'>Sic</span> <span class='ocrx_word' id='word_1_22' title='bbox 633 937 842 1017; x_wconf 85' lang='lat' dir='ltr'>perbrevem</span> <span class='ocrx_word' id='word_1_23' title='bbox 871 932 1129 1015; x_wconf 78' lang='lat' dir='ltr'>conparationem</span> <span class='ocrx_word' id='word_1_24' title='bbox 1156 929 1307 993; x_wconf 84' lang='lat' dir='ltr'>auditoris</span> <span class='ocrx_word' id='word_1_25' title='bbox 1338 931 1488 993; x_wconf 88' lang='lat' dir='ltr'>memoria</span> <span class='ocrx_word' id='word_1_26' title='bbox 1517 942 1548 991; x_wconf 91' lang='lat' dir='ltr'>et</span> <span class='ocrx_word' id='word_1_27' title='bbox 1570 933 1608 992; x_wconf 92' lang='lat' dir='ltr'>de</span> <span class='ocrx_word' id='word_1_28' title='bbox 1630 930 1874 993; x_wconf 84' lang='lat' dir='ltr'>confirmatione</span> 
     </span>
     <span class='ocr_line' id='line_1_5' title="bbox 553 1023 1874 1109; baseline -0.005 -17"><span class='ocrx_word' id='word_1_29' title='bbox 553 1040 585 1092; x_wconf 92' lang='lat' dir='ltr'>et</span> <span class='ocrx_word' id='word_1_30' title='bbox 613 1031 652 1091; x_wconf 90' lang='lat' dir='ltr'>de</span> <span class='ocrx_word' id='word_1_31' title='bbox 676 1026 925 1109; x_wconf 88' lang='lat' dir='ltr'>reprehensione</span> <span class='ocrx_word' id='word_1_32' title='bbox 949 1024 1231 1109; x_wconf 84' lang='lat' dir='ltr'>redintegrabitur.</span> <span class='ocrx_word' id='word_1_33' title='bbox 1275 1026 1351 1087; x_wconf 89' lang='lat' dir='ltr'>Hoc</span> <span class='ocrx_word' id='word_1_34' title='bbox 1374 1023 1442 1086; x_wconf 89' lang='lat' dir='ltr'>aliis</span> <span class='ocrx_word' id='word_1_35' title='bbox 1465 1046 1592 1107; x_wconf 90' lang='lat' dir='ltr'>qnoque</span> <span class='ocrx_word' id='word_1_36' title='bbox 1612 1024 1746 1087; x_wconf 89' lang='lat' dir='ltr'>actionis</span> <span class='ocrx_word' id='word_1_37' title='bbox 1773 1025 1874 1085; x_wconf 87' lang='lat' dir='ltr'>modis</span> 
     </span>
     <span class='ocr_line' id='line_1_6' title="bbox 530 1119 1875 1202; baseline -0.003 -19"><span class='ocrx_word' id='word_1_38' title='bbox 530 1120 671 1183; x_wconf 79' lang='lat' dir='ltr'>tvariari</span> <span class='ocrx_word' id='word_1_39' title='bbox 695 1119 872 1200; x_wconf 78' lang='lat' dir='ltr'>oportebit.</span> <span class='ocrx_word' id='word_1_40' title='bbox 918 1120 997 1181; x_wconf 88' lang='lat' dir='ltr'>Nam</span> <span class='ocrx_word' id='word_1_41' title='bbox 1020 1131 1084 1181; x_wconf 90' lang='lat' dir='ltr'>tum</span> <span class='ocrx_word' id='word_1_42' title='bbox 1105 1140 1146 1181; x_wconf 82' lang='lat' dir='ltr'>ex</span> <span class='ocrx_word' id='word_1_43' title='bbox 1169 1130 1221 1179; x_wconf 88' lang='lat' dir='ltr'>tua</span> <span class='ocrx_word' id='word_1_44' title='bbox 1243 1138 1383 1199; x_wconf 89' lang='lat' dir='ltr'>persona</span> <span class='ocrx_word' id='word_1_45' title='bbox 1407 1138 1590 1180; x_wconf 86' lang='lat' dir='ltr'>eorrmerare</span> <span class='ocrx_word' id='word_1_46' title='bbox 1609 1130 1722 1199; x_wconf 88' lang='lat' dir='ltr'>potes,</span> <span class='ocrx_word' id='word_1_47' title='bbox 1749 1120 1875 1202; x_wconf 89' lang='lat' dir='ltr'>utquid</span> 
     </span>
     <span class='ocr_line' id='line_1_7' title="bbox 555 1210 1875 1298; baseline -0.005 -21"><span class='ocrx_word' id='word_1_48' title='bbox 555 1227 586 1277; x_wconf 91' lang='lat' dir='ltr'>et</span> <span class='ocrx_word' id='word_1_49' title='bbox 610 1235 673 1298; x_wconf 92' lang='lat' dir='ltr'>quo</span> <span class='ocrx_word' id='word_1_50' title='bbox 697 1210 771 1295; x_wconf 94' lang='lat' dir='ltr'>quid</span> <span class='ocrx_word' id='word_1_51' title='bbox 794 1212 867 1275; x_wconf 91' lang='lat' dir='ltr'>loco</span> <span class='ocrx_word' id='word_1_52' title='bbox 891 1210 1010 1283; x_wconf 85' lang='lat' dir='ltr'>dixeris</span> <span class='ocrx_word' id='word_1_53' title='bbox 1036 1213 1226 1275; x_wconf 77' lang='lat' dir='ltr'>admoneas:</span> <span class='ocrx_word' id='word_1_54' title='bbox 1270 1222 1335 1272; x_wconf 91' lang='lat' dir='ltr'>tum</span> <span class='ocrx_word' id='word_1_55' title='bbox 1364 1232 1442 1273; x_wconf 83' lang='lat' dir='ltr'>vero</span> <span class='ocrx_word' id='word_1_56' title='bbox 1470 1231 1639 1291; x_wconf 75' lang='lat' dir='ltr'>personam</span> <span class='ocrx_word' id='word_1_57' title='bbox 1669 1211 1822 1275; x_wconf 88' lang='lat' dir='ltr'>inducere</span> <span class='ocrx_word' id='word_1_58' title='bbox 1844 1222 1875 1273; x_wconf 93' lang='lat' dir='ltr'>et</span> 
     </span>
     <span class='ocr_line' id='line_1_8' title="bbox 555 1303 1876 1387; baseline -0.003 -16"><span class='ocrx_word' id='word_1_59' title='bbox 555 1308 585 1371; x_wconf 91' lang='lat' dir='ltr'>ei</span> <span class='ocrx_word' id='word_1_60' title='bbox 605 1306 870 1369; x_wconf 85' lang='lat' dir='ltr'>enumerationem</span> <span class='ocrx_word' id='word_1_61' title='bbox 902 1317 999 1368; x_wconf 87' lang='lat' dir='ltr'>totam</span> <span class='ocrx_word' id='word_1_62' title='bbox 1022 1304 1176 1367; x_wconf 90' lang='lat' dir='ltr'>tribuere.</span> <span class='ocrx_word' id='word_1_63' title='bbox 1225 1304 1319 1387; x_wconf 81' lang='lat' dir='ltr'>Quid</span> <span class='ocrx_word' id='word_1_64' title='bbox 1340 1304 1372 1374; x_wconf 85' lang='lat' dir='ltr'>si</span> <span class='ocrx_word' id='word_1_65' title='bbox 1393 1303 1480 1386; x_wconf 79' lang='lat' dir='ltr'>legis</span> <span class='ocrx_word' id='word_1_66' title='bbox 1502 1303 1651 1387; x_wconf 85' lang='lat' dir='ltr'>scriptor</span> <span class='ocrx_word' id='word_1_67' title='bbox 1671 1305 1822 1366; x_wconf 72' lang='lat' dir='ltr'>exsistat</span> <span class='ocrx_word' id='word_1_68' title='bbox 1844 1317 1876 1367; x_wconf 82' lang='lat' dir='ltr'>et</span> 
     </span>
     <span class='ocr_line' id='line_1_9' title="bbox 554 1396 1875 1486; baseline -0.004 -22"><span class='ocrx_word' id='word_1_69' title='bbox 554 1411 697 1486; x_wconf 82' lang='lat' dir='ltr'>quaerat</span> <span class='ocrx_word' id='word_1_70' title='bbox 719 1420 742 1461; x_wconf 85' lang='lat' dir='ltr'><strong><em>a</em></strong></span> <span class='ocrx_word' id='word_1_71' title='bbox 763 1400 874 1473; x_wconf 87' lang='lat' dir='ltr'>uobis,</span> <span class='ocrx_word' id='word_1_72' title='bbox 905 1399 989 1483; x_wconf 83' lang='lat' dir='ltr'>quid</span> <span class='ocrx_word' id='word_1_73' title='bbox 1016 1397 1197 1472; x_wconf 81' lang='lat' dir='ltr'>dubitetis,</span> <span class='ocrx_word' id='word_1_74' title='bbox 1221 1396 1305 1480; x_wconf 81' lang='lat' dir='ltr'>quid</span> <span class='ocrx_word' id='word_1_75' title='bbox 1323 1396 1465 1477; x_wconf 75' lang='lat' dir='ltr'>poenitio</span> <span class='ocrx_word' id='word_1_76' title='bbox 1489 1397 1619 1470; x_wconf 81' lang='lat' dir='ltr'>dicere,</span> <span class='ocrx_word' id='word_1_77' title='bbox 1653 1419 1759 1480; x_wconf 80' lang='lat' dir='ltr'>petrem</span> <span class='ocrx_word' id='word_1_78' title='bbox 1783 1398 1875 1459; x_wconf 87' lang='lat' dir='ltr'>nobis</span> 
     </span>
     <span class='ocr_line' id='line_1_10' title="bbox 554 1490 1875 1573; baseline -0.002 -16"><span class='ocrx_word' id='word_1_79' title='bbox 554 1498 617 1558; x_wconf 82' lang='lat' dir='ltr'>boe</span> <span class='ocrx_word' id='word_1_80' title='bbox 637 1506 670 1557; x_wconf 87' lang='lat' dir='ltr'>et</span> <span class='ocrx_word' id='word_1_81' title='bbox 690 1497 752 1556; x_wconf 86' lang='lat' dir='ltr'>boe</span> <span class='ocrx_word' id='word_1_82' title='bbox 773 1493 818 1557; x_wconf 84' lang='lat' dir='ltr'>sit</span> <span class='ocrx_word' id='word_1_83' title='bbox 838 1492 1138 1557; x_wconf 73' lang='lat' dir='ltr'>demonstratum?</span> <span class='ocrx_word' id='word_1_84' title='bbox 1182 1493 1288 1573; x_wconf 75' lang='lat' dir='ltr'>Atque</span> <span class='ocrx_word' id='word_1_85' title='bbox 1314 1492 1365 1553; x_wconf 89' lang='lat' dir='ltr'>bic</span> <span class='ocrx_word' id='word_1_86' title='bbox 1388 1490 1491 1564; x_wconf 79' lang='lat' dir='ltr'>item,</span> <span class='ocrx_word' id='word_1_87' title='bbox 1521 1503 1555 1554; x_wconf 91' lang='lat' dir='ltr'>ut</span> <span class='ocrx_word' id='word_1_88' title='bbox 1574 1491 1604 1551; x_wconf 90' lang='lat' dir='ltr'>in</span> <span class='ocrx_word' id='word_1_89' title='bbox 1630 1503 1739 1553; x_wconf 89' lang='lat' dir='ltr'>nostra</span> <span class='ocrx_word' id='word_1_90' title='bbox 1763 1513 1875 1570; x_wconf 88' lang='lat' dir='ltr'>perso·</span> 
     </span>
     <span class='ocr_line' id='line_1_11' title="bbox 514 1582 1873 1669; baseline 0 -24"><span class='ocrx_word' id='word_1_91' title='bbox 514 1598 616 1661; x_wconf 86' lang='lat' dir='ltr'>ttna,</span> <span class='ocrx_word' id='word_1_92' title='bbox 649 1586 756 1650; x_wconf 86' lang='lat' dir='ltr'>iicebit</span> <span class='ocrx_word' id='word_1_93' title='bbox 788 1586 864 1649; x_wconf 89' lang='lat' dir='ltr'>alias</span> <span class='ocrx_word' id='word_1_94' title='bbox 893 1584 1053 1669; x_wconf 77' lang='lat' dir='ltr'>sigillatim</span> <span class='ocrx_word' id='word_1_95' title='bbox 1083 1582 1219 1646; x_wconf 86' lang='lat' dir='ltr'>transire</span> <span class='ocrx_word' id='word_1_96' title='bbox 1245 1605 1353 1645; x_wconf 88' lang='lat' dir='ltr'>omnes</span> <span class='ocrx_word' id='word_1_97' title='bbox 1381 1584 1694 1667; x_wconf 84' lang='lat' dir='ltr'>argrrmentationes,</span> <span class='ocrx_word' id='word_1_98' title='bbox 1733 1584 1811 1647; x_wconf 70' lang='lat' dir='ltr'>alias</span> <span class='ocrx_word' id='word_1_99' title='bbox 1837 1588 1873 1645; x_wconf 85' lang='lat' dir='ltr'>ad</span> 
     </span>
     <span class='ocr_line' id='line_1_12' title="bbox 556 1671 1876 1763; baseline -0.003 -20"><span class='ocrx_word' id='word_1_100' title='bbox 556 1680 735 1763; x_wconf 87' lang='lat' dir='ltr'>partitionis</span> <span class='ocrx_word' id='word_1_101' title='bbox 768 1679 890 1763; x_wconf 85' lang='lat' dir='ltr'>singula</span> <span class='ocrx_word' id='word_1_102' title='bbox 927 1698 1044 1761; x_wconf 84' lang='lat' dir='ltr'>genera</span> <span class='ocrx_word' id='word_1_103' title='bbox 1078 1677 1223 1749; x_wconf 78' lang='lat' dir='ltr'>deferre,</span> <span class='ocrx_word' id='word_1_104' title='bbox 1263 1671 1338 1737; x_wconf 87' lang='lat' dir='ltr'>alias</span> <span class='ocrx_word' id='word_1_105' title='bbox 1373 1672 1419 1738; x_wconf 84' lang='lat' dir='ltr'>ub¹</span> <span class='ocrx_word' id='word_1_106' title='bbox 1449 1678 1592 1740; x_wconf 89' lang='lat' dir='ltr'>auditore</span> <span class='ocrx_word' id='word_1_107' title='bbox 1625 1676 1700 1760; x_wconf 90' lang='lat' dir='ltr'>quid</span> <span class='ocrx_word' id='word_1_108' title='bbox 1732 1680 1876 1739; x_wconf 81' lang='lat' dir='ltr'>tenderet</span> 
     </span>
     <span class='ocr_line' id='line_1_13' title="bbox 555 1770 1874 1859; baseline -0.005 -22"><span class='ocrx_word' id='word_1_109' title='bbox 555 1795 727 1859; x_wconf 86' lang='lat' dir='ltr'>quaerere,</span> <span class='ocrx_word' id='word_1_110' title='bbox 750 1775 826 1837; x_wconf 90' lang='lat' dir='ltr'>alias</span> <span class='ocrx_word' id='word_1_111' title='bbox 852 1776 914 1837; x_wconf 88' lang='lat' dir='ltr'>boe</span> <span class='ocrx_word' id='word_1_112' title='bbox 935 1773 1041 1835; x_wconf 83' lang='lat' dir='ltr'>lacere</span> <span class='ocrx_word' id='word_1_113' title='bbox 1064 1792 1123 1852; x_wconf 94' lang='lat' dir='ltr'>per</span> <span class='ocrx_word' id='word_1_114' title='bbox 1144 1770 1412 1849; x_wconf 89' lang='lat' dir='ltr'>comparationem</span> <span class='ocrx_word' id='word_1_115' title='bbox 1435 1792 1561 1833; x_wconf 90' lang='lat' dir='ltr'>suarum</span> <span class='ocrx_word' id='word_1_116' title='bbox 1585 1782 1617 1833; x_wconf 92' lang='lat' dir='ltr'>et</span> <span class='ocrx_word' id='word_1_117' title='bbox 1641 1770 1874 1833; x_wconf 86' lang='lat' dir='ltr'>contrariarum</span> 
     </span>
     <span class='ocr_line' id='line_1_14' title="bbox 555 1863 1874 1952; baseline -0.002 -22"><span class='ocrx_word' id='word_1_118' title='bbox 555 1867 873 1952; x_wconf 84' lang='lat' dir='ltr'>argumentationum.</span> <span class='ocrx_word' id='word_1_119' title='bbox 917 1868 987 1929; x_wconf 84' lang='lat' dir='ltr'>Nec</span> <span class='ocrx_word' id='word_1_120' title='bbox 1002 1876 1122 1927; x_wconf 90' lang='lat' dir='ltr'>tantum</span> <span class='ocrx_word' id='word_1_121' title='bbox 1143 1884 1279 1943; x_wconf 89' lang='lat' dir='ltr'>persona</span> <span class='ocrx_word' id='word_1_122' title='bbox 1300 1864 1418 1943; x_wconf 92' lang='lat' dir='ltr'>poterit</span> <span class='ocrx_word' id='word_1_123' title='bbox 1436 1864 1559 1938; x_wconf 89' lang='lat' dir='ltr'>induri,</span> <span class='ocrx_word' id='word_1_124' title='bbox 1584 1867 1638 1927; x_wconf 87' lang='lat' dir='ltr'>sed</span> <span class='ocrx_word' id='word_1_125' title='bbox 1654 1876 1685 1925; x_wconf 88' lang='lat' dir='ltr'>et</span> <span class='ocrx_word' id='word_1_126' title='bbox 1699 1863 1750 1927; x_wconf 90' lang='lat' dir='ltr'>cui</span> <span class='ocrx_word' id='word_1_127' title='bbox 1770 1865 1874 1927; x_wconf 88' lang='lat' dir='ltr'>oratio</span> 
     </span>
     <span class='ocr_line' id='line_1_15' title="bbox 556 1956 1876 2043; baseline -0.005 -18"><span class='ocrx_word' id='word_1_128' title='bbox 556 1961 759 2025; x_wconf 88' lang='lat' dir='ltr'>attrilmetur.</span> <span class='ocrx_word' id='word_1_129' title='bbox 806 1962 865 2035; x_wconf 92' lang='lat' dir='ltr'>Ut,</span> <span class='ocrx_word' id='word_1_130' title='bbox 896 1959 978 2043; x_wconf 84' lang='lat' dir='ltr'>qreid</span> <span class='ocrx_word' id='word_1_131' title='bbox 1006 1958 1037 2021; x_wconf 86' lang='lat' dir='ltr'>ei</span> <span class='ocrx_word' id='word_1_132' title='bbox 1059 1961 1152 2039; x_wconf 80' lang='lat' dir='ltr'>leges</span> <span class='ocrx_word' id='word_1_133' title='bbox 1174 1956 1267 2039; x_wconf 82' lang='lat' dir='ltr'>loqui</span> <span class='ocrx_word' id='word_1_134' title='bbox 1286 1957 1438 2037; x_wconf 86' lang='lat' dir='ltr'>possint,</span> <span class='ocrx_word' id='word_1_135' title='bbox 1474 1980 1587 2021; x_wconf 88' lang='lat' dir='ltr'>nonne</span> <span class='ocrx_word' id='word_1_136' title='bbox 1611 1961 1674 2020; x_wconf 82' lang='lat' dir='ltr'>boc</span> <span class='ocrx_word' id='word_1_137' title='bbox 1700 1959 1798 2040; x_wconf 73' lang='lat' dir='ltr'>aprini</span> <span class='ocrx_word' id='word_1_138' title='bbox 1818 1981 1876 2019; x_wconf 87' lang='lat' dir='ltr'>uos</span> 
     </span>
     <span class='ocr_line' id='line_1_16' title="bbox 514 2050 1875 2140; baseline -0.004 -22"><span class='ocrx_word' id='word_1_139' title='bbox 514 2052 771 2140; x_wconf 70' lang='lat' dir='ltr'>ttqrnrantnr?</span> <span class='ocrx_word' id='word_1_140' title='bbox 811 2054 976 2138; x_wconf 80' lang='lat' dir='ltr'>quidnam</span> <span class='ocrx_word' id='word_1_141' title='bbox 1006 2051 1156 2133; x_wconf 73' lang='lat' dir='ltr'>nunptios</span> <span class='ocrx_word' id='word_1_142' title='bbox 1192 2050 1414 2127; x_wconf 84' lang='lat' dir='ltr'>desideratis,</span> <span class='ocrx_word' id='word_1_143' title='bbox 1452 2051 1601 2127; x_wconf 82' lang='lat' dir='ltr'>indices,</span> <span class='ocrx_word' id='word_1_144' title='bbox 1638 2074 1745 2135; x_wconf 66' lang='lat' dir='ltr'>detrun</span> <span class='ocrx_word' id='word_1_145' title='bbox 1783 2051 1875 2114; x_wconf 87' lang='lat' dir='ltr'>nobis</span> 
     </span>
     <span class='ocr_line' id='line_1_17' title="bbox 555 2144 1875 2237; baseline -0.006 -26"><span class='ocrx_word' id='word_1_146' title='bbox 555 2152 618 2212; x_wconf 82' lang='lat' dir='ltr'>hoc</span> <span class='ocrx_word' id='word_1_147' title='bbox 636 2158 669 2209; x_wconf 85' lang='lat' dir='ltr'>et</span> <span class='ocrx_word' id='word_1_148' title='bbox 683 2149 746 2209; x_wconf 82' lang='lat' dir='ltr'>boc</span> <span class='ocrx_word' id='word_1_149' title='bbox 764 2149 904 2227; x_wconf 79' lang='lat' dir='ltr'>planiam</span> <span class='ocrx_word' id='word_1_150' title='bbox 925 2144 1148 2237; x_wconf 66' lang='lat' dir='ltr'>sitfoctnm?</span> <span class='ocrx_word' id='word_1_151' title='bbox 1171 2144 1208 2205; x_wconf 91' lang='lat' dir='ltr'>In</span> <span class='ocrx_word' id='word_1_152' title='bbox 1232 2144 1294 2206; x_wconf 88' lang='lat' dir='ltr'>hoc</span> <span class='ocrx_word' id='word_1_153' title='bbox 1309 2165 1439 2227; x_wconf 89' lang='lat' dir='ltr'>quoque</span> <span class='ocrx_word' id='word_1_154' title='bbox 1457 2166 1574 2227; x_wconf 83' lang='lat' dir='ltr'>genere</span> <span class='ocrx_word' id='word_1_155' title='bbox 1594 2145 1743 2219; x_wconf 75' lang='lat' dir='ltr'>oninibus</span> <span class='ocrx_word' id='word_1_156' title='bbox 1766 2144 1875 2207; x_wconf 86' lang='lat' dir='ltr'>iisdem</span> 
     </span>
     <span class='ocr_line' id='line_1_18' title="bbox 557 2239 1876 2319; baseline -0.003 -15"><span class='ocrx_word' id='word_1_157' title='bbox 557 2240 658 2305; x_wconf 88' lang='lat' dir='ltr'>modis</span> <span class='ocrx_word' id='word_1_158' title='bbox 684 2240 729 2303; x_wconf 92' lang='lat' dir='ltr'>uti</span> <span class='ocrx_word' id='word_1_159' title='bbox 751 2240 870 2303; x_wconf 87' lang='lat' dir='ltr'>licebit.</span> <span class='ocrx_word' id='word_1_160' title='bbox 917 2240 1093 2303; x_wconf 84' lang='lat' dir='ltr'>Cornuutne</span> <span class='ocrx_word' id='word_1_161' title='bbox 1123 2248 1228 2300; x_wconf 89' lang='lat' dir='ltr'>autem</span> <span class='ocrx_word' id='word_1_162' title='bbox 1251 2249 1455 2319; x_wconf 87' lang='lat' dir='ltr'>praeceptum</span> <span class='ocrx_word' id='word_1_163' title='bbox 1480 2239 1544 2302; x_wconf 87' lang='lat' dir='ltr'>boe</span> <span class='ocrx_word' id='word_1_164' title='bbox 1569 2240 1662 2301; x_wconf 91' lang='lat' dir='ltr'>datur</span> <span class='ocrx_word' id='word_1_165' title='bbox 1680 2243 1720 2301; x_wconf 89' lang='lat' dir='ltr'>ad</span> <span class='ocrx_word' id='word_1_166' title='bbox 1749 2261 1876 2302; x_wconf 88' lang='lat' dir='ltr'>enume-</span> 
     </span>
     <span class='ocr_line' id='line_1_19' title="bbox 556 2329 1877 2419; baseline -0.005 -20"><span class='ocrx_word' id='word_1_167' title='bbox 556 2334 731 2414; x_wconf 78' lang='lat' dir='ltr'>rationem,</span> <span class='ocrx_word' id='word_1_168' title='bbox 756 2346 789 2397; x_wconf 93' lang='lat' dir='ltr'>ut</span> <span class='ocrx_word' id='word_1_169' title='bbox 811 2358 851 2397; x_wconf 83' lang='lat' dir='ltr'>ex</span> <span class='ocrx_word' id='word_1_170' title='bbox 878 2354 1063 2419; x_wconf 80' lang='lat' dir='ltr'>tanaquaque</span> <span class='ocrx_word' id='word_1_171' title='bbox 1086 2329 1380 2414; x_wconf 80' lang='lat' dir='ltr'>argrrmeutatione,</span> <span class='ocrx_word' id='word_1_172' title='bbox 1412 2331 1562 2417; x_wconf 74' lang='lat' dir='ltr'>quioniam</span> <span class='ocrx_word' id='word_1_173' title='bbox 1590 2344 1654 2395; x_wconf 89' lang='lat' dir='ltr'>tota</span> <span class='ocrx_word' id='word_1_174' title='bbox 1679 2334 1796 2395; x_wconf 89' lang='lat' dir='ltr'>iterum</span> <span class='ocrx_word' id='word_1_175' title='bbox 1817 2332 1877 2393; x_wconf 89' lang='lat' dir='ltr'>dici</span> 
     </span>
     <span class='ocr_line' id='line_1_20' title="bbox 557 2423 1877 2513; baseline -0.005 -22"><span class='ocrx_word' id='word_1_176' title='bbox 557 2450 620 2493; x_wconf 90' lang='lat' dir='ltr'>uon</span> <span class='ocrx_word' id='word_1_177' title='bbox 644 2440 768 2509; x_wconf 86' lang='lat' dir='ltr'>potest,</span> <span class='ocrx_word' id='word_1_178' title='bbox 807 2428 838 2491; x_wconf 91' lang='lat' dir='ltr'>id</span> <span class='ocrx_word' id='word_1_179' title='bbox 864 2429 1017 2513; x_wconf 80' lang='lat' dir='ltr'>eligatur,</span> <span class='ocrx_word' id='word_1_180' title='bbox 1056 2428 1145 2509; x_wconf 86' lang='lat' dir='ltr'>quod</span> <span class='ocrx_word' id='word_1_181' title='bbox 1170 2423 1230 2488; x_wconf 88' lang='lat' dir='ltr'>crit</span> <span class='ocrx_word' id='word_1_182' title='bbox 1253 2423 1494 2507; x_wconf 86' lang='lat' dir='ltr'>gravissimum,</span> <span class='ocrx_word' id='word_1_183' title='bbox 1530 2436 1561 2488; x_wconf 90' lang='lat' dir='ltr'>ct</span> <span class='ocrx_word' id='word_1_184' title='bbox 1595 2447 1690 2490; x_wconf 81' lang='lat' dir='ltr'>tinruu</span> <span class='ocrx_word' id='word_1_185' title='bbox 1723 2427 1877 2509; x_wconf 89' lang='lat' dir='ltr'>quodque</span> 
     </span>
     <span class='ocr_line' id='line_1_21' title="bbox 513 2518 1878 2607; baseline -0.005 -21"><span class='ocrx_word' id='word_1_186' title='bbox 513 2537 650 2607; x_wconf 78' lang='lat' dir='ltr'>tequam</span> <span class='ocrx_word' id='word_1_187' title='bbox 678 2522 861 2584; x_wconf 87' lang='lat' dir='ltr'>brevissime</span> <span class='ocrx_word' id='word_1_188' title='bbox 889 2534 1085 2595; x_wconf 83' lang='lat' dir='ltr'>transeatur,</span> <span class='ocrx_word' id='word_1_189' title='bbox 1123 2529 1156 2581; x_wconf 92' lang='lat' dir='ltr'>ut</span> <span class='ocrx_word' id='word_1_190' title='bbox 1176 2518 1347 2593; x_wconf 86' lang='lat' dir='ltr'>memoria,</span> <span class='ocrx_word' id='word_1_191' title='bbox 1371 2540 1436 2583; x_wconf 91' lang='lat' dir='ltr'>non</span> <span class='ocrx_word' id='word_1_192' title='bbox 1459 2520 1564 2583; x_wconf 88' lang='lat' dir='ltr'>oratio</span> <span class='ocrx_word' id='word_1_193' title='bbox 1587 2531 1743 2582; x_wconf 84' lang='lat' dir='ltr'>renovata</span> <span class='ocrx_word' id='word_1_194' title='bbox 1772 2518 1878 2580; x_wconf 80' lang='lat' dir='ltr'>ridea-</span> 
     </span>
     <span class='ocr_line' id='line_1_22' title="bbox 558 2611 1961 2699; baseline -0.006 -19"><span class='ocrx_word' id='word_1_195' title='bbox 558 2629 622 2680; x_wconf 84' lang='lat' dir='ltr'>tur·</span> <span class='ocrx_word' id='word_1_196' title='bbox 666 2616 847 2699; x_wconf 85' lang='lat' dir='ltr'>Indignatio</span> <span class='ocrx_word' id='word_1_197' title='bbox 871 2628 919 2679; x_wconf 84' lang='lat' dir='ltr'>est</span> <span class='ocrx_word' id='word_1_198' title='bbox 941 2614 1069 2689; x_wconf 82' lang='lat' dir='ltr'>oratio&#39;,</span> <span class='ocrx_word' id='word_1_199' title='bbox 1094 2611 1236 2696; x_wconf 90' lang='lat' dir='ltr'>quumin</span> <span class='ocrx_word' id='word_1_200' title='bbox 1260 2611 1394 2693; x_wconf 85' lang='lat' dir='ltr'>aliquem</span> <span class='ocrx_word' id='word_1_201' title='bbox 1423 2612 1580 2675; x_wconf 85' lang='lat' dir='ltr'>bominern</span> <span class='ocrx_word' id='word_1_202' title='bbox 1603 2634 1750 2690; x_wconf 77' lang='lat' dir='ltr'>ruagorsm</span> <span class='ocrx_word' id='word_1_203' title='bbox 1771 2614 1877 2675; x_wconf 91' lang='lat' dir='ltr'>odimn</span> <span class='ocrx_word' id='word_1_204' title='bbox 1960 2683 1961 2690; x_wconf 8' lang='grc' dir='ltr'>ἵ</span> 
     </span>
     <span class='ocr_line' id='line_1_23' title="bbox 557 2704 1879 2791; baseline -0.003 -20"><span class='ocrx_word' id='word_1_205' title='bbox 557 2720 609 2773; x_wconf 77' lang='lat' dir='ltr'>arnt</span> <span class='ocrx_word' id='word_1_206' title='bbox 631 2708 677 2771; x_wconf 87' lang='lat' dir='ltr'>ira</span> <span class='ocrx_word' id='word_1_207' title='bbox 698 2720 750 2771; x_wconf 92' lang='lat' dir='ltr'>aut</span> <span class='ocrx_word' id='word_1_208' title='bbox 772 2710 879 2791; x_wconf 73' lang='lat' dir='ltr'>gravis</span> <span class='ocrx_word' id='word_1_209' title='bbox 902 2707 1035 2772; x_wconf 79' lang='lat' dir='ltr'>offensio</span> <span class='ocrx_word' id='word_1_210' title='bbox 1061 2706 1252 2769; x_wconf 88' lang='lat' dir='ltr'>concitatur.</span> <span class='ocrx_word' id='word_1_211' title='bbox 1309 2704 1507 2787; x_wconf 86' lang='lat' dir='ltr'>Conquestio</span> <span class='ocrx_word' id='word_1_212' title='bbox 1532 2718 1579 2769; x_wconf 92' lang='lat' dir='ltr'>est</span> <span class='ocrx_word' id='word_1_213' title='bbox 1599 2708 1705 2769; x_wconf 85' lang='lat' dir='ltr'>oratio</span> <span class='ocrx_word' id='word_1_214' title='bbox 1724 2706 1879 2769; x_wconf 85' lang='lat' dir='ltr'>auditoris</span> 
     </span>
     <span class='ocr_line' id='line_1_24' title="bbox 557 2798 1877 2883; baseline -0.005 -18"><span class='ocrx_word' id='word_1_215' title='bbox 557 2801 803 2867; x_wconf 77' lang='lat' dir='ltr'>inisericordiam</span> <span class='ocrx_word' id='word_1_216' title='bbox 828 2814 969 2883; x_wconf 85' lang='lat' dir='ltr'>captans.</span> <span class='ocrx_word' id='word_1_217' title='bbox 1014 2800 1051 2863; x_wconf 91' lang='lat' dir='ltr'>ln</span> <span class='ocrx_word' id='word_1_218' title='bbox 1071 2801 1131 2861; x_wconf 90' lang='lat' dir='ltr'>bac</span> <span class='ocrx_word' id='word_1_219' title='bbox 1152 2798 1287 2881; x_wconf 89' lang='lat' dir='ltr'>primum</span> <span class='ocrx_word' id='word_1_220' title='bbox 1311 2800 1444 2861; x_wconf 90' lang='lat' dir='ltr'>animum</span> <span class='ocrx_word' id='word_1_221' title='bbox 1468 2798 1619 2862; x_wconf 89' lang='lat' dir='ltr'>auditoris</span> <span class='ocrx_word' id='word_1_222' title='bbox 1642 2800 1748 2862; x_wconf 82' lang='lat' dir='ltr'>mitens</span> <span class='ocrx_word' id='word_1_223' title='bbox 1774 2811 1806 2862; x_wconf 91' lang='lat' dir='ltr'>et</span> <span class='ocrx_word' id='word_1_224' title='bbox 1822 2798 1877 2861; x_wconf 89' lang='lat' dir='ltr'>mi-</span> 
     </span>
     <span class='ocr_line' id='line_1_25' title="bbox 556 2890 1876 2975; baseline -0.004 -18"><span class='ocrx_word' id='word_1_225' title='bbox 556 2894 749 2958; x_wconf 88' lang='lat' dir='ltr'>sericordem</span> <span class='ocrx_word' id='word_1_226' title='bbox 780 2896 938 2960; x_wconf 85' lang='lat' dir='ltr'>conticere</span> <span class='ocrx_word' id='word_1_227' title='bbox 971 2903 1120 2975; x_wconf 86' lang='lat' dir='ltr'>oportet,</span> <span class='ocrx_word' id='word_1_228' title='bbox 1161 2912 1225 2973; x_wconf 90' lang='lat' dir='ltr'>quo</span> <span class='ocrx_word' id='word_1_229' title='bbox 1250 2891 1436 2974; x_wconf 89' lang='lat' dir='ltr'>plerumque</span> <span class='ocrx_word' id='word_1_230' title='bbox 1466 2890 1590 2955; x_wconf 81' lang='lat' dir='ltr'>facilius</span> <span class='ocrx_word' id='word_1_231' title='bbox 1616 2893 1876 2975; x_wconf 81' lang='lat' dir='ltr'>conquestionem</span> 
     </span>
     <span class='ocr_line' id='line_1_26' title="bbox 513 2985 1878 3070; baseline -0.005 -18"><span class='ocrx_word' id='word_1_232' title='bbox 513 3006 761 3057; x_wconf 77' lang='lat' dir='ltr'>tseommovcre</span> <span class='ocrx_word' id='word_1_233' title='bbox 785 2988 898 3070; x_wconf 89' lang='lat' dir='ltr'>possit.</span> <span class='ocrx_word' id='word_1_234' title='bbox 943 2989 982 3052; x_wconf 92' lang='lat' dir='ltr'>Id</span> <span class='ocrx_word' id='word_1_235' title='bbox 1004 2985 1084 3050; x_wconf 88' lang='lat' dir='ltr'>locis</span> <span class='ocrx_word' id='word_1_236' title='bbox 1110 2986 1329 3049; x_wconf 89' lang='lat' dir='ltr'>communibus</span> <span class='ocrx_word' id='word_1_237' title='bbox 1355 2986 1480 3049; x_wconf 87' lang='lat' dir='ltr'>efficere</span> <span class='ocrx_word' id='word_1_238' title='bbox 1503 2985 1683 3066; x_wconf 82' lang='lat' dir='ltr'>oportebit,</span> <span class='ocrx_word' id='word_1_239' title='bbox 1708 3007 1768 3066; x_wconf 91' lang='lat' dir='ltr'>per</span> <span class='ocrx_word' id='word_1_240' title='bbox 1797 3005 1878 3067; x_wconf 90' lang='lat' dir='ltr'>quos</span> 
     </span>
     <span class='ocr_line' id='line_1_27' title="bbox 557 3076 1877 3161; baseline -0.005 -15"><span class='ocrx_word' id='word_1_241' title='bbox 557 3083 705 3146; x_wconf 82' lang='lat' dir='ltr'>fortunae</span> <span class='ocrx_word' id='word_1_242' title='bbox 729 3082 775 3145; x_wconf 88' lang='lat' dir='ltr'>vis</span> <span class='ocrx_word' id='word_1_243' title='bbox 803 3083 832 3144; x_wconf 90' lang='lat' dir='ltr'>iu</span> <span class='ocrx_word' id='word_1_244' title='bbox 856 3103 965 3147; x_wconf 88' lang='lat' dir='ltr'>omnes</span> <span class='ocrx_word' id='word_1_245' title='bbox 986 3094 1016 3144; x_wconf 93' lang='lat' dir='ltr'>et</span> <span class='ocrx_word' id='word_1_246' title='bbox 1039 3080 1200 3143; x_wconf 90' lang='lat' dir='ltr'>hominum</span> <span class='ocrx_word' id='word_1_247' title='bbox 1223 3076 1388 3142; x_wconf 81' lang='lat' dir='ltr'>iufirmitas</span> <span class='ocrx_word' id='word_1_248' title='bbox 1411 3080 1610 3143; x_wconf 86' lang='lat' dir='ltr'>ostenditur:</span> <span class='ocrx_word' id='word_1_249' title='bbox 1647 3100 1710 3161; x_wconf 85' lang='lat' dir='ltr'>qna</span> <span class='ocrx_word' id='word_1_250' title='bbox 1730 3078 1877 3141; x_wconf 89' lang='lat' dir='ltr'>oratione</span> 
     </span>
     <span class='ocr_line' id='line_1_28' title="bbox 558 3168 1878 3261; baseline -0.006 -22"><span class='ocrx_word' id='word_1_251' title='bbox 558 3178 663 3242; x_wconf 89' lang='lat' dir='ltr'>habita</span> <span class='ocrx_word' id='word_1_252' title='bbox 695 3179 838 3261; x_wconf 69' lang='lat' dir='ltr'>graviter</span> <span class='ocrx_word' id='word_1_253' title='bbox 871 3190 903 3241; x_wconf 92' lang='lat' dir='ltr'>et</span> <span class='ocrx_word' id='word_1_254' title='bbox 932 3177 1125 3241; x_wconf 88' lang='lat' dir='ltr'>sententiose</span> <span class='ocrx_word' id='word_1_255' title='bbox 1159 3172 1293 3235; x_wconf 79' lang='lat' dir='ltr'>manuue</span> <span class='ocrx_word' id='word_1_256' title='bbox 1320 3168 1493 3236; x_wconf 85' lang='lat' dir='ltr'>demittitur</span> <span class='ocrx_word' id='word_1_257' title='bbox 1515 3174 1634 3235; x_wconf 87' lang='lat' dir='ltr'>animus</span> <span class='ocrx_word' id='word_1_258' title='bbox 1662 3171 1827 3233; x_wconf 87' lang='lat' dir='ltr'>bominum</span> <span class='ocrx_word' id='word_1_259' title='bbox 1848 3181 1878 3231; x_wconf 84' lang='lat' dir='ltr'>et</span> 
     </span>
     <span class='ocr_line' id='line_1_29' title="bbox 557 3264 1877 3353; baseline -0.007 -21"><span class='ocrx_word' id='word_1_260' title='bbox 557 3273 598 3333; x_wconf 89' lang='lat' dir='ltr'>ad</span> <span class='ocrx_word' id='word_1_261' title='bbox 621 3271 865 3335; x_wconf 76' lang='lat' dir='ltr'>misericordiam</span> <span class='ocrx_word' id='word_1_262' title='bbox 889 3282 1111 3353; x_wconf 87' lang='lat' dir='ltr'>eomparatur,</span> <span class='ocrx_word' id='word_1_263' title='bbox 1147 3288 1243 3351; x_wconf 94' lang='lat' dir='ltr'>quum</span> <span class='ocrx_word' id='word_1_264' title='bbox 1266 3266 1296 3329; x_wconf 91' lang='lat' dir='ltr'>iu</span> <span class='ocrx_word' id='word_1_265' title='bbox 1323 3267 1427 3331; x_wconf 91' lang='lat' dir='ltr'>alieno</span> <span class='ocrx_word' id='word_1_266' title='bbox 1449 3268 1532 3331; x_wconf 81' lang='lat' dir='ltr'>rianio</span> <span class='ocrx_word' id='word_1_267' title='bbox 1555 3288 1642 3330; x_wconf 91' lang='lat' dir='ltr'>suam</span> <span class='ocrx_word' id='word_1_268' title='bbox 1662 3264 1877 3328; x_wconf 83' lang='lat' dir='ltr'>inlirmitstem</span> 
     </span>
     <span class='ocr_line' id='line_1_30' title="bbox 558 3358 1876 3447; baseline -0.008 -22"><span class='ocrx_word' id='word_1_269' title='bbox 558 3363 784 3428; x_wconf 82' lang='lat' dir='ltr'>considerabit.</span> <span class='ocrx_word' id='word_1_270' title='bbox 829 3368 872 3429; x_wconf 90' lang='lat' dir='ltr'>Et</span> <span class='ocrx_word' id='word_1_271' title='bbox 893 3364 1069 3447; x_wconf 85' lang='lat' dir='ltr'>indignatio</span> <span class='ocrx_word' id='word_1_272' title='bbox 1098 3374 1200 3425; x_wconf 90' lang='lat' dir='ltr'>autem</span> <span class='ocrx_word' id='word_1_273' title='bbox 1234 3373 1265 3422; x_wconf 91' lang='lat' dir='ltr'>et</span> <span class='ocrx_word' id='word_1_274' title='bbox 1291 3360 1479 3443; x_wconf 86' lang='lat' dir='ltr'>conquestio</span> <span class='ocrx_word' id='word_1_275' title='bbox 1510 3373 1541 3425; x_wconf 89' lang='lat' dir='ltr'>et</span> <span class='ocrx_word' id='word_1_276' title='bbox 1570 3358 1674 3424; x_wconf 78' lang='lat' dir='ltr'>ornantia</span> <span class='ocrx_word' id='word_1_277' title='bbox 1710 3370 1876 3437; x_wconf 85' lang='lat' dir='ltr'>praeterea</span> 
     </span>
     <span class='ocr_line' id='line_1_31' title="bbox 514 3451 1879 3537; baseline -0.004 -20"><span class='ocrx_word' id='word_1_278' title='bbox 514 3470 546 3517; x_wconf 82' lang='lat'>3⁰</span> <span class='ocrx_word' id='word_1_279' title='bbox 558 3456 747 3520; x_wconf 87' lang='lat' dir='ltr'>adiuvantur</span> <span class='ocrx_word' id='word_1_280' title='bbox 772 3458 904 3525; x_wconf 83' lang='lat' dir='ltr'>maxirne</span> <span class='ocrx_word' id='word_1_281' title='bbox 927 3459 1006 3522; x_wconf 92' lang='lat' dir='ltr'>loeis</span> <span class='ocrx_word' id='word_1_282' title='bbox 1026 3457 1171 3522; x_wconf 91' lang='lat' dir='ltr'>omnibus</span> <span class='ocrx_word' id='word_1_283' title='bbox 1187 3466 1469 3537; x_wconf 87' lang='lat' dir='ltr'>argumentorum,</span> <span class='ocrx_word' id='word_1_284' title='bbox 1495 3476 1576 3536; x_wconf 91' lang='lat' dir='ltr'>quae</span> <span class='ocrx_word' id='word_1_285' title='bbox 1596 3451 1749 3535; x_wconf 83' lang='lat' dir='ltr'>accepisti</span> <span class='ocrx_word' id='word_1_286' title='bbox 1767 3474 1784 3514; x_wconf 91' lang='lat' dir='ltr'>a</span> <span class='ocrx_word' id='word_1_287' title='bbox 1805 3473 1879 3533; x_wconf 87' lang='lat' dir='ltr'>per-</span> 
     </span>
     <span class='ocr_line' id='line_1_32' title="bbox 558 3544 1878 3629; baseline -0.008 -15"><span class='ocrx_word' id='word_1_288' title='bbox 558 3572 659 3627; x_wconf 88' lang='lat' dir='ltr'>sona,</span> <span class='ocrx_word' id='word_1_289' title='bbox 696 3572 712 3613; x_wconf 91' lang='lat' dir='ltr'>a</span> <span class='ocrx_word' id='word_1_290' title='bbox 743 3552 834 3625; x_wconf 91' lang='lat' dir='ltr'>loco,</span> <span class='ocrx_word' id='word_1_291' title='bbox 867 3572 999 3615; x_wconf 90' lang='lat' dir='ltr'>acausa</span> <span class='ocrx_word' id='word_1_292' title='bbox 1020 3564 1050 3614; x_wconf 91' lang='lat' dir='ltr'>et</span> <span class='ocrx_word' id='word_1_293' title='bbox 1071 3572 1089 3613; x_wconf 92' lang='lat' dir='ltr'>a</span> <span class='ocrx_word' id='word_1_294' title='bbox 1112 3563 1255 3629; x_wconf 89' lang='lat' dir='ltr'>tempore</span> <span class='ocrx_word' id='word_1_295' title='bbox 1281 3559 1311 3610; x_wconf 92' lang='lat' dir='ltr'>et</span> <span class='ocrx_word' id='word_1_296' title='bbox 1336 3547 1451 3609; x_wconf 87' lang='lat' dir='ltr'>ceteris</span> <span class='ocrx_word' id='word_1_297' title='bbox 1478 3548 1537 3614; x_wconf 91' lang='lat' dir='ltr'>bis.</span> <span class='ocrx_word' id='word_1_298' title='bbox 1591 3548 1633 3609; x_wconf 91' lang='lat' dir='ltr'>Et</span> <span class='ocrx_word' id='word_1_299' title='bbox 1654 3546 1811 3628; x_wconf 87' lang='lat' dir='ltr'>probatio</span> <span class='ocrx_word' id='word_1_300' title='bbox 1833 3544 1878 3605; x_wconf 90' lang='lat' dir='ltr'>in·</span> 
     </span>
     <span class='ocr_line' id='line_1_33' title="bbox 557 3640 1879 3724; baseline -0.008 -17"><span class='ocrx_word' id='word_1_301' title='bbox 557 3642 691 3707; x_wconf 87' lang='lat' dir='ltr'>struitur</span> <span class='ocrx_word' id='word_1_302' title='bbox 710 3655 740 3706; x_wconf 92' lang='lat' dir='ltr'>et</span> <span class='ocrx_word' id='word_1_303' title='bbox 768 3643 969 3724; x_wconf 80' lang='lat' dir='ltr'>amplificatio</span> <span class='ocrx_word' id='word_1_304' title='bbox 999 3656 1030 3707; x_wconf 89' lang='lat' dir='ltr'>et</span> <span class='ocrx_word' id='word_1_305' title='bbox 1053 3642 1224 3707; x_wconf 88' lang='lat' dir='ltr'>deminutio</span> <span class='ocrx_word' id='word_1_306' title='bbox 1252 3640 1456 3723; x_wconf 83' lang='lat' dir='ltr'>operabitur,</span> <span class='ocrx_word' id='word_1_307' title='bbox 1483 3654 1515 3703; x_wconf 96' lang='lat' dir='ltr'>et</span> <span class='ocrx_word' id='word_1_308' title='bbox 1535 3640 1654 3704; x_wconf 84' lang='lat' dir='ltr'>auiuurs</span> <span class='ocrx_word' id='word_1_309' title='bbox 1679 3650 1832 3703; x_wconf 85' lang='lat' dir='ltr'>monetur</span> <span class='ocrx_word' id='word_1_310' title='bbox 1849 3647 1879 3697; x_wconf 88' lang='lat' dir='ltr'>et</span> 
     </span>
     <span class='ocr_line' id='line_1_34' title="bbox 557 3732 1877 3819; baseline -0.005 -21"><span class='ocrx_word' id='word_1_311' title='bbox 557 3737 724 3802; x_wconf 86' lang='lat' dir='ltr'>delectatio</span> <span class='ocrx_word' id='word_1_312' title='bbox 751 3738 878 3802; x_wconf 89' lang='lat' dir='ltr'>mulcet.</span> <span class='ocrx_word' id='word_1_313' title='bbox 939 3740 985 3801; x_wconf 90' lang='lat' dir='ltr'>lta</span> <span class='ocrx_word' id='word_1_314' title='bbox 1008 3750 1039 3801; x_wconf 93' lang='lat' dir='ltr'>et</span> <span class='ocrx_word' id='word_1_315' title='bbox 1062 3758 1243 3802; x_wconf 89' lang='lat' dir='ltr'>communes</span> <span class='ocrx_word' id='word_1_316' title='bbox 1268 3748 1526 3819; x_wconf 86' lang='lat' dir='ltr'>argumentorum</span> <span class='ocrx_word' id='word_1_317' title='bbox 1549 3732 1631 3808; x_wconf 86' lang='lat' dir='ltr'>loci,</span> <span class='ocrx_word' id='word_1_318' title='bbox 1656 3734 1782 3796; x_wconf 84' lang='lat' dir='ltr'>tametsi</span> <span class='ocrx_word' id='word_1_319' title='bbox 1800 3752 1877 3813; x_wconf 86' lang='lat' dir='ltr'>pro·</span> 
     </span>
     <span class='ocr_line' id='line_1_35' title="bbox 557 3824 1877 3915; baseline -0.008 -22"><span class='ocrx_word' id='word_1_320' title='bbox 557 3830 720 3895; x_wconf 87' lang='lat' dir='ltr'>bationnm</span> <span class='ocrx_word' id='word_1_321' title='bbox 744 3844 816 3895; x_wconf 90' lang='lat' dir='ltr'>sunt</span> <span class='ocrx_word' id='word_1_322' title='bbox 848 3832 992 3915; x_wconf 90' lang='lat' dir='ltr'>proprii,</span> <span class='ocrx_word' id='word_1_323' title='bbox 1031 3830 1170 3895; x_wconf 89' lang='lat' dir='ltr'>inomni</span> <span class='ocrx_word' id='word_1_324' title='bbox 1200 3842 1301 3891; x_wconf 90' lang='lat' dir='ltr'>tamen</span> <span class='ocrx_word' id='word_1_325' title='bbox 1326 3828 1480 3892; x_wconf 87' lang='lat' dir='ltr'>orationis</span> <span class='ocrx_word' id='word_1_326' title='bbox 1507 3826 1638 3911; x_wconf 89' lang='lat' dir='ltr'>specie,</span> <span class='ocrx_word' id='word_1_327' title='bbox 1675 3824 1709 3887; x_wconf 91' lang='lat' dir='ltr'>in</span> <span class='ocrx_word' id='word_1_328' title='bbox 1730 3824 1877 3889; x_wconf 89' lang='lat' dir='ltr'>omnibus</span> 
     </span>
     <span class='ocr_line' id='line_1_36' title="bbox 515 3917 1875 4008; baseline -0.007 -21"><span class='ocrx_word' id='word_1_329' title='bbox 515 3938 546 3989; x_wconf 81' lang='lat'>³⁵</span> <span class='ocrx_word' id='word_1_330' title='bbox 560 3926 725 4001; x_wconf 89' lang='lat' dir='ltr'>membris,</span> <span class='ocrx_word' id='word_1_331' title='bbox 749 3925 780 3987; x_wconf 89' lang='lat' dir='ltr'>in</span> <span class='ocrx_word' id='word_1_332' title='bbox 807 3925 891 3987; x_wconf 89' lang='lat' dir='ltr'>omni</span> <span class='ocrx_word' id='word_1_333' title='bbox 917 3947 1034 4008; x_wconf 83' lang='lat' dir='ltr'>genere</span> <span class='ocrx_word' id='word_1_334' title='bbox 1057 3925 1215 3988; x_wconf 88' lang='lat' dir='ltr'>actionum</span> <span class='ocrx_word' id='word_1_335' title='bbox 1235 3921 1406 4007; x_wconf 87' lang='lat' dir='ltr'>praecipue</span> <span class='ocrx_word' id='word_1_336' title='bbox 1430 3934 1502 3985; x_wconf 89' lang='lat' dir='ltr'>suut</span> <span class='ocrx_word' id='word_1_337' title='bbox 1525 3920 1661 3995; x_wconf 89' lang='lat' dir='ltr'>tenendi,</span> <span class='ocrx_word' id='word_1_338' title='bbox 1682 3917 1875 4001; x_wconf 83' lang='lat' dir='ltr'>recipiendi,</span> 
     </span>
     <span class='ocr_line' id='line_1_37' title="bbox 558 4012 1876 4101; baseline -0.011 -16"><span class='ocrx_word' id='word_1_339' title='bbox 558 4018 720 4097; x_wconf 90' lang='lat' dir='ltr'>intuendi,</span> <span class='ocrx_word' id='word_1_340' title='bbox 746 4018 976 4101; x_wconf 77' lang='lat' dir='ltr'>amplificandi,</span> <span class='ocrx_word' id='word_1_341' title='bbox 1008 4015 1212 4083; x_wconf 84' lang='lat' dir='ltr'>observandi.</span> <span class='ocrx_word' id='word_1_342' title='bbox 1266 4014 1349 4078; x_wconf 87' lang='lat' dir='ltr'>Satis</span> <span class='ocrx_word' id='word_1_343' title='bbox 1369 4015 1495 4098; x_wconf 91' lang='lat' dir='ltr'>quidem</span> <span class='ocrx_word' id='word_1_344' title='bbox 1514 4018 1551 4077; x_wconf 91' lang='lat' dir='ltr'>de</span> <span class='ocrx_word' id='word_1_345' title='bbox 1574 4014 1758 4079; x_wconf 73' lang='lat' dir='ltr'>inventione</span> <span class='ocrx_word' id='word_1_346' title='bbox 1781 4012 1876 4074; x_wconf 87' lang='lat' dir='ltr'>tradi·</span> 
     </span>
     <span class='ocr_line' id='line_1_38' title="bbox 558 4105 1873 4199; baseline -0.008 -22"><span class='ocrx_word' id='word_1_347' title='bbox 558 4113 678 4189; x_wconf 78' lang='lat' dir='ltr'>ditans,</span> <span class='ocrx_word' id='word_1_348' title='bbox 717 4135 797 4199; x_wconf 88' lang='lat' dir='ltr'>quae</span> <span class='ocrx_word' id='word_1_349' title='bbox 819 4112 996 4197; x_wconf 83' lang='lat' dir='ltr'>excogitari</span> <span class='ocrx_word' id='word_1_350' title='bbox 1023 4110 1146 4195; x_wconf 89' lang='lat' dir='ltr'>possint</span> <span class='ocrx_word' id='word_1_351' title='bbox 1169 4118 1207 4173; x_wconf 91' lang='lat' dir='ltr'>ad</span> <span class='ocrx_word' id='word_1_352' title='bbox 1237 4109 1454 4191; x_wconf 84' lang='lat' dir='ltr'>explicandam</span> <span class='ocrx_word' id='word_1_353' title='bbox 1478 4108 1674 4183; x_wconf 67' lang='lat' dir='ltr'>orationem</span> <span class='ocrx_word' id='word_1_354' title='bbox 1698 4105 1873 4191; x_wconf 87' lang='lat' dir='ltr'>principia,</span> 
     </span>
     <span class='ocr_line' id='line_1_39' title="bbox 559 4198 1876 4291; baseline -0.011 -19"><span class='ocrx_word' id='word_1_355' title='bbox 559 4206 714 4281; x_wconf 86' lang='lat' dir='ltr'>narratio,</span> <span class='ocrx_word' id='word_1_356' title='bbox 740 4228 910 4281; x_wconf 84' lang='lat' dir='ltr'>excessus,</span> <span class='ocrx_word' id='word_1_357' title='bbox 935 4205 1156 4291; x_wconf 90' lang='lat' dir='ltr'>quaestiones,</span> <span class='ocrx_word' id='word_1_358' title='bbox 1182 4201 1342 4287; x_wconf 87' lang='lat' dir='ltr'>epilogus.</span> <span class='ocrx_word' id='word_1_359' title='bbox 1387 4204 1452 4266; x_wconf 88' lang='lat' dir='ltr'>Sed</span> <span class='ocrx_word' id='word_1_360' title='bbox 1478 4224 1572 4287; x_wconf 91' lang='lat' dir='ltr'>quum</span> <span class='ocrx_word' id='word_1_361' title='bbox 1602 4204 1642 4264; x_wconf 85' lang='lat' dir='ltr'>ad</span> <span class='ocrx_word' id='word_1_362' title='bbox 1667 4202 1747 4265; x_wconf 86' lang='lat' dir='ltr'>baec</span> <span class='ocrx_word' id='word_1_363' title='bbox 1773 4198 1876 4266; x_wconf 82' lang='lat' dir='ltr'>omnia</span> 
     </span>
     <span class='ocr_line' id='line_1_40' title="bbox 558 4296 1875 4383; baseline -0.008 -20"><span class='ocrx_word' id='word_1_364' title='bbox 558 4298 738 4383; x_wconf 87' lang='lat' dir='ltr'>praeceptis</span> <span class='ocrx_word' id='word_1_365' title='bbox 762 4299 860 4364; x_wconf 77' lang='lat' dir='ltr'>laseris</span> <span class='ocrx_word' id='word_1_366' title='bbox 883 4299 1072 4373; x_wconf 87' lang='lat' dir='ltr'>instructus,</span> <span class='ocrx_word' id='word_1_367' title='bbox 1097 4296 1217 4361; x_wconf 89' lang='lat' dir='ltr'>srnstra</span> <span class='ocrx_word' id='word_1_368' title='bbox 1237 4297 1355 4375; x_wconf 87' lang='lat' dir='ltr'>luerit,</span> <span class='ocrx_word' id='word_1_369' title='bbox 1379 4296 1439 4360; x_wconf 92' lang='lat' dir='ltr'>uisi</span> <span class='ocrx_word' id='word_1_370' title='bbox 1461 4309 1492 4361; x_wconf 87' lang='lat' dir='ltr'>ct</span> <span class='ocrx_word' id='word_1_371' title='bbox 1513 4297 1656 4381; x_wconf 86' lang='lat' dir='ltr'>legendis</span> <span class='ocrx_word' id='word_1_372' title='bbox 1679 4308 1711 4359; x_wconf 92' lang='lat' dir='ltr'>et</span> <span class='ocrx_word' id='word_1_373' title='bbox 1725 4304 1875 4380; x_wconf 88' lang='lat' dir='ltr'>quantum</span> 
     </span>
     <span class='ocr_line' id='line_1_41' title="bbox 517 4390 1878 4474; baseline -0.008 -15"><span class='ocrx_word' id='word_1_374' title='bbox 517 4412 549 4461; x_wconf 84' lang='lat' dir='ltr'>te</span> <span class='ocrx_word' id='word_1_375' title='bbox 560 4394 627 4457; x_wconf 86' lang='lat' dir='ltr'>lieri</span> <span class='ocrx_word' id='word_1_376' title='bbox 649 4404 755 4474; x_wconf 89' lang='lat' dir='ltr'>potest</span> <span class='ocrx_word' id='word_1_377' title='bbox 780 4394 918 4456; x_wconf 83' lang='lat' dir='ltr'>tenendis</span> <span class='ocrx_word' id='word_1_378' title='bbox 943 4392 1141 4457; x_wconf 89' lang='lat' dir='ltr'>orationibus</span> <span class='ocrx_word' id='word_1_379' title='bbox 1165 4390 1407 4453; x_wconf 90' lang='lat' dir='ltr'>lectissimorum</span> <span class='ocrx_word' id='word_1_380' title='bbox 1430 4401 1596 4455; x_wconf 86' lang='lat' dir='ltr'>auctorum</span> <span class='ocrx_word' id='word_1_381' title='bbox 1622 4402 1718 4473; x_wconf 90' lang='lat' dir='ltr'>atque</span> <span class='ocrx_word' id='word_1_382' title='bbox 1739 4409 1878 4453; x_wconf 87' lang='lat' dir='ltr'>summo·</span> 
     </span>
     <span class='ocr_line' id='line_1_42' title="bbox 559 4482 1872 4571; baseline -0.007 -22"><span class='ocrx_word' id='word_1_383' title='bbox 559 4508 628 4550; x_wconf 89' lang='lat' dir='ltr'>rum</span> <span class='ocrx_word' id='word_1_384' title='bbox 650 4487 844 4571; x_wconf 86' lang='lat' dir='ltr'>singularum</span> <span class='ocrx_word' id='word_1_385' title='bbox 867 4488 1045 4569; x_wconf 85' lang='lat' dir='ltr'>specierum</span> <span class='ocrx_word' id='word_1_386' title='bbox 1073 4485 1216 4566; x_wconf 80' lang='lat' dir='ltr'>exerupla</span> <span class='ocrx_word' id='word_1_387' title='bbox 1239 4484 1443 4561; x_wconf 87' lang='lat' dir='ltr'>consideres,</span> <span class='ocrx_word' id='word_1_388' title='bbox 1467 4482 1680 4568; x_wconf 84' lang='lat' dir='ltr'>intuearisque</span> <span class='ocrx_word' id='word_1_389' title='bbox 1700 4506 1773 4546; x_wconf 91' lang='lat' dir='ltr'>eum</span> <span class='ocrx_word' id='word_1_390' title='bbox 1788 4500 1872 4554; x_wconf 85' lang='lat' dir='ltr'>cura,</span> 
     </span>
     <span class='ocr_line' id='line_1_43' title="bbox 561 4575 1873 4664; baseline -0.005 -22"><span class='ocrx_word' id='word_1_391' title='bbox 561 4600 641 4663; x_wconf 91' lang='lat' dir='ltr'>quae</span> <span class='ocrx_word' id='word_1_392' title='bbox 661 4578 727 4643; x_wconf 89' lang='lat' dir='ltr'>illic</span> <span class='ocrx_word' id='word_1_393' title='bbox 749 4579 790 4643; x_wconf 90' lang='lat' dir='ltr'>sit</span> <span class='ocrx_word' id='word_1_394' title='bbox 805 4582 835 4643; x_wconf 91' lang='lat' dir='ltr'>in</span> <span class='ocrx_word' id='word_1_395' title='bbox 857 4580 1048 4664; x_wconf 88' lang='lat' dir='ltr'>prohoemio</span> <span class='ocrx_word' id='word_1_396' title='bbox 1067 4578 1257 4645; x_wconf 84' lang='lat' dir='ltr'>conciliandi</span> <span class='ocrx_word' id='word_1_397' title='bbox 1277 4578 1389 4644; x_wconf 89' lang='lat' dir='ltr'>iudicis</span> <span class='ocrx_word' id='word_1_398' title='bbox 1410 4576 1514 4657; x_wconf 92' lang='lat' dir='ltr'>ratio,</span> <span class='ocrx_word' id='word_1_399' title='bbox 1538 4599 1619 4663; x_wconf 90' lang='lat' dir='ltr'>quae</span> <span class='ocrx_word' id='word_1_400' title='bbox 1641 4575 1873 4645; x_wconf 71' lang='lat' dir='ltr'>armandins,</span> 
     </span>
     <span class='ocr_line' id='line_1_44' title="bbox 561 4667 1876 4759; baseline -0.007 -23"><span class='ocrx_word' id='word_1_401' title='bbox 561 4671 721 4749; x_wconf 87' lang='lat' dir='ltr'>brevitas,</span> <span class='ocrx_word' id='word_1_402' title='bbox 750 4673 847 4751; x_wconf 84' lang='lat' dir='ltr'>fides,</span> <span class='ocrx_word' id='word_1_403' title='bbox 885 4679 973 4759; x_wconf 93' lang='lat' dir='ltr'>quod</span> <span class='ocrx_word' id='word_1_404' title='bbox 1007 4674 1190 4748; x_wconf 88' lang='lat' dir='ltr'>eonsilium,</span> <span class='ocrx_word' id='word_1_405' title='bbox 1225 4695 1317 4757; x_wconf 86' lang='lat' dir='ltr'>quam</span> <span class='ocrx_word' id='word_1_406' title='bbox 1351 4674 1474 4737; x_wconf 80' lang='lat' dir='ltr'>occulta</span> <span class='ocrx_word' id='word_1_407' title='bbox 1500 4672 1671 4747; x_wconf 86' lang='lat' dir='ltr'>calliditas,</span> <span class='ocrx_word' id='word_1_408' title='bbox 1706 4681 1823 4754; x_wconf 82' lang='lat' dir='ltr'>quanta</span> <span class='ocrx_word' id='word_1_409' title='bbox 1847 4667 1876 4728; x_wconf 92' lang='lat' dir='ltr'>in</span> 
     </span>
     <span class='ocr_line' id='line_1_45' title="bbox 560 4766 1877 4854; baseline -0.006 -24"><span class='ocrx_word' id='word_1_410' title='bbox 560 4767 748 4846; x_wconf 85' lang='lat' dir='ltr'>diuidendo,</span> <span class='ocrx_word' id='word_1_411' title='bbox 781 4790 873 4854; x_wconf 88' lang='lat' dir='ltr'>quam</span> <span class='ocrx_word' id='word_1_412' title='bbox 893 4770 1017 4835; x_wconf 87' lang='lat' dir='ltr'>subtilis</span> <span class='ocrx_word' id='word_1_413' title='bbox 1039 4781 1070 4833; x_wconf 90' lang='lat' dir='ltr'>et</span> <span class='ocrx_word' id='word_1_414' title='bbox 1096 4770 1210 4833; x_wconf 87' lang='lat' dir='ltr'>crebra</span> <span class='ocrx_word' id='word_1_415' title='bbox 1232 4767 1480 4853; x_wconf 82' lang='lat' dir='ltr'>argumentatio,</span> <span class='ocrx_word' id='word_1_416' title='bbox 1504 4789 1566 4852; x_wconf 83' lang='lat' dir='ltr'>qna</span> <span class='ocrx_word' id='word_1_417' title='bbox 1591 4766 1785 4831; x_wconf 86' lang='lat' dir='ltr'>iocunditate</span> <span class='ocrx_word' id='word_1_418' title='bbox 1805 4784 1877 4845; x_wconf 90' lang='lat' dir='ltr'>per·</span> 
     </span>
     <span class='ocr_line' id='line_1_46' title="bbox 518 4853 1876 4946; baseline -0.002 -27"><span class='ocrx_word' id='word_1_419' title='bbox 518 4872 549 4920; x_wconf 78' lang='lat' dir='ltr'>ts</span> <span class='ocrx_word' id='word_1_420' title='bbox 561 4862 716 4941; x_wconf 88' lang='lat' dir='ltr'>mulceat,</span> <span class='ocrx_word' id='word_1_421' title='bbox 738 4874 853 4946; x_wconf 90' lang='lat' dir='ltr'>quauta</span> <span class='ocrx_word' id='word_1_422' title='bbox 871 4862 901 4926; x_wconf 92' lang='lat' dir='ltr'>iu</span> <span class='ocrx_word' id='word_1_423' title='bbox 923 4862 1094 4927; x_wconf 82' lang='lat' dir='ltr'>uraledictis</span> <span class='ocrx_word' id='word_1_424' title='bbox 1115 4861 1289 4946; x_wconf 82' lang='lat' dir='ltr'>asperitas,</span> <span class='ocrx_word' id='word_1_425' title='bbox 1313 4862 1343 4924; x_wconf 90' lang='lat' dir='ltr'>in</span> <span class='ocrx_word' id='word_1_426' title='bbox 1360 4860 1439 4927; x_wconf 92' lang='lat' dir='ltr'>iocis</span> <span class='ocrx_word' id='word_1_427' title='bbox 1457 4859 1642 4936; x_wconf 83' lang='lat' dir='ltr'>urbanitas,</span> <span class='ocrx_word' id='word_1_428' title='bbox 1666 4882 1748 4943; x_wconf 73' lang='lat' dir='ltr'>quiae</span> <span class='ocrx_word' id='word_1_429' title='bbox 1767 4853 1876 4938; x_wconf 82' lang='lat' dir='ltr'>ampli·</span> 
     </span>
    </p>
   </div>
   <div class='ocr_carea' id='block_1_3' title="bbox 630 5034 1873 5250">
    <p class='ocr_par' dir='ltr' id='par_1_3' title="bbox 630 5034 1873 5250">
     <span class='ocr_line' id='line_1_47' title="bbox 630 5034 1873 5099; baseline -0.011 -10"><span class='ocrx_word' id='word_1_430' title='bbox 630 5036 671 5089; x_wconf 75' lang='lat' dir='ltr'>li.</span> <span class='ocrx_word' id='word_1_431' title='bbox 691 5040 750 5099; x_wconf 59' lang='lat' dir='ltr'>Lep.</span> <span class='ocrx_word' id='word_1_432' title='bbox 777 5039 823 5085; x_wconf 82' lang='lat' dir='ltr'>ssd</span> <span class='ocrx_word' id='word_1_433' title='bbox 844 5044 868 5083; x_wconf 86' lang='lat' dir='ltr'>st</span> <span class='ocrx_word' id='word_1_434' title='bbox 885 5054 946 5093; x_wconf 81' lang='lat' dir='ltr'>ree,</span> <span class='ocrx_word' id='word_1_435' title='bbox 973 5042 1025 5086; x_wconf 75' lang='lat' dir='ltr'>eni.</span> <span class='ocrx_word' id='word_1_436' title='bbox 1045 5040 1093 5085; x_wconf 84' lang='lat' dir='ltr'>Os.</span> <span class='ocrx_word' id='word_1_437' title='bbox 1131 5038 1173 5086; x_wconf 74' lang='lat'>23.</span> <span class='ocrx_word' id='word_1_438' title='bbox 1202 5036 1380 5085; x_wconf 71' lang='lat' dir='ltr'>commonentis</span> <span class='ocrx_word' id='word_1_439' title='bbox 1403 5053 1417 5081; x_wconf 83' lang='grc' dir='ltr'>ι</span> <span class='ocrx_word' id='word_1_440' title='bbox 1440 5052 1478 5083; x_wconf 82' lang='lat' dir='ltr'>sne</span> <span class='ocrx_word' id='word_1_441' title='bbox 1498 5038 1600 5081; x_wconf 75' lang='lat' dir='ltr'>additur.</span> <span class='ocrx_word' id='word_1_442' title='bbox 1626 5036 1688 5083; x_wconf 69' lang='lat' dir='ltr'>tter.</span> <span class='ocrx_word' id='word_1_443' title='bbox 1726 5036 1807 5079; x_wconf 74' lang='lat' dir='ltr'>Voluit</span> <span class='ocrx_word' id='word_1_444' title='bbox 1824 5034 1873 5075; x_wconf 78' lang='lat' dir='ltr'>sins</span> 
     </span>
     <span class='ocr_line' id='line_1_48' title="bbox 697 5098 1873 5166; baseline -0.009 -11"><span class='ocrx_word' id='word_1_445' title='bbox 697 5112 769 5155; x_wconf 84' lang='lat' dir='ltr'>dubio</span> <span class='ocrx_word' id='word_1_446' title='bbox 787 5121 958 5163; x_wconf 70' lang='lat' dir='ltr'>cainaeorum</span> <span class='ocrx_word' id='word_1_447' title='bbox 981 5112 1022 5155; x_wconf 84' lang='lat' dir='ltr'>sad</span> <span class='ocrx_word' id='word_1_448' title='bbox 1038 5124 1066 5155; x_wconf 82' lang='lat' dir='ltr'>an</span> <span class='ocrx_word' id='word_1_449' title='bbox 1085 5110 1138 5157; x_wconf 83' lang='lat' dir='ltr'>Cir.</span> <span class='ocrx_word' id='word_1_450' title='bbox 1158 5113 1186 5155; x_wconf 80' lang='lat' dir='ltr'>de</span> <span class='ocrx_word' id='word_1_451' title='bbox 1205 5111 1255 5156; x_wconf 85' lang='lat' dir='ltr'>ins.</span> <span class='ocrx_word' id='word_1_452' title='bbox 1277 5109 1301 5155; x_wconf 84' lang='lat' dir='ltr'>l.</span> <span class='ocrx_word' id='word_1_453' title='bbox 1322 5106 1364 5155; x_wconf 76' lang='lat'>⁵5.</span> <span class='ocrx_word' id='word_1_454' title='bbox 1383 5122 1429 5166; x_wconf 66' lang='lat' dir='ltr'>ego</span> <span class='ocrx_word' id='word_1_455' title='bbox 1447 5108 1552 5163; x_wconf 76' lang='lat' dir='ltr'>supplevi</span> <span class='ocrx_word' id='word_1_456' title='bbox 1568 5111 1684 5164; x_wconf 79' lang='lat' dir='ltr'>replens.</span> <span class='ocrx_word' id='word_1_457' title='bbox 1703 5106 1751 5150; x_wconf 70' lang='lat' dir='ltr'>oa.</span> <span class='ocrx_word' id='word_1_458' title='bbox 1794 5098 1873 5149; x_wconf 64' lang='grc' dir='ltr'>2λὶ</span> 
     </span>
     <span class='ocr_line' id='line_1_49' title="bbox 700 5173 1800 5250; baseline -0.006 -23"><span class='ocrx_word' id='word_1_459' title='bbox 700 5181 753 5227; x_wconf 85' lang='lat' dir='ltr'>Cir.</span> <span class='ocrx_word' id='word_1_460' title='bbox 769 5182 814 5239; x_wconf 72' lang='lat' dir='ltr'>teg.</span> <span class='ocrx_word' id='word_1_461' title='bbox 829 5179 1002 5239; x_wconf 77' lang='lat' dir='ltr'>conquestione</span> <span class='ocrx_word' id='word_1_462' title='bbox 1020 5184 1177 5227; x_wconf 74' lang='lat' dir='ltr'>annumerari.</span> <span class='ocrx_word' id='word_1_463' title='bbox 1196 5182 1244 5250; x_wconf 79' lang='lat' dir='ltr'>Os.</span> <span class='ocrx_word' id='word_1_464' title='bbox 1281 5177 1323 5228; x_wconf 76' lang='lat'>3³.</span> <span class='ocrx_word' id='word_1_465' title='bbox 1343 5180 1405 5227; x_wconf 80' lang='lat' dir='ltr'>Cael.</span> <span class='ocrx_word' id='word_1_466' title='bbox 1423 5191 1467 5237; x_wconf 76' lang='lat' dir='ltr'>pro</span> <span class='ocrx_word' id='word_1_467' title='bbox 1485 5173 1598 5225; x_wconf 75' lang='lat' dir='ltr'>adam</span> <span class='ocrx_word' id='word_1_468' title='bbox 1615 5176 1687 5225; x_wconf 76' lang='lat' dir='ltr'>babet</span> <span class='ocrx_word' id='word_1_469' title='bbox 1703 5182 1728 5221; x_wconf 86' lang='lat' dir='ltr'>st</span> <span class='ocrx_word' id='word_1_470' title='bbox 1743 5173 1800 5221; x_wconf 68' lang='lat' dir='ltr'>hoc.</span> 
     </span>
    </p>
   </div>
   <div class='ocr_carea' id='block_1_4' title="bbox 0 0 2224 5956">
    <p class='ocr_par' dir='ltr' id='par_1_4' title="bbox 0 0 2224 5956">
     <span class='ocr_line' id='line_1_50' title="bbox 0 0 2224 5956; baseline 0 0"><span class='ocrx_word' id='word_1_471' title='bbox 0 0 2224 5956; x_wconf 95' lang='lat' dir='ltr'> </span> 
     </span>
    </p>
   </div>
  </div>
 </body>
</html>
