4434 5959
927 539 1020 606 LlB.
1043 539 1113 604 lv.
1621 537 1685 602 335

363 682 463 748 modis
485 693 553 758 est3
588 694 642 745 aut
664 681 746 746 euim
769 680 1050 768 consanguinitatis
1073 681 1174 763 gradu
1197 688 1251 742 aut
1274 687 1460 766 patronatus
1482 673 1550 742 inre
1578 677 1683 740 deler-

242 778 249 818 '·
363 791 434 851 tur,
466 789 521 839 aut
548 788 739 842 testamento
768 779 869 859 patris
898 789 987 838 tutor
1009 775 1156 858 eligitur,
1192 787 1244 838 aut
1272 773 1385 837 urbani
1406 773 1565 856 pincionis
1590 773 1684 834 inris-

363 872 500 936 dirtioue
522 870 699 933 formatur:
729 883 761 933 et
789 872 852 933 sint
883 869 1018 934 forsitan
1046 869 1177 949 plures,
1215 871 1272 930 sed
1299 889 1380 930 utine
1407 869 1485 930 istae
1508 865 1683 928 sufficiunt.

240 974 242 1009 ⁵
362 966 429 1030 Hic
449 963 550 1046 igitur
573 973 605 1025 et
626 984 745 1044 paucac
766 976 874 1046 partes
897 975 930 1026 et
948 959 1041 1024 facile
1061 961 1377 1042 comprehensibiles.
1431 961 1477 1024 At
1499 958 1526 1020 si
1552 958 1684 1039 stipula·

363 1057 485 1119 tinum
508 1055 663 1118 formulas
691 1067 723 1118 et
750 1056 939 1123 iudiciorum
962 1056 1234 1136 comprehendere
1256 1055 1357 1130 uelis,
1394 1051 1542 1137 quioniam
1570 1053 1709 1114 multaes

240 1164 247 1202 ¹-
363 1151 394 1212 in
419 1149 467 1210 his
486 1161 595 1229 partes
614 1159 707 1224 sum,
742 1170 805 1212 oon
832 1149 893 1212 erit
913 1149 1081 1222 vitiosum,
1119 1147 1245 1231 siquid
1269 1148 1423 1211 omiseris.
1469 1147 1683 1229 improprium

364 1263 445 1305 vero
466 1253 515 1303 est
547 1241 724 1321 exemplum
753 1243 908 1323 partium,
939 1244 1027 1328 quod
1050 1243 1088 1303 de
1112 1242 1216 1304 tutelis
1239 1254 1285 1305 est
1311 1242 1446 1316 dintum3
1484 1242 1582 1324 magis
1603 1240 1683 1302 enim

240 1338 244 1389 ὲ
362 1346 399 1412 ut
422 1356 523 1418 genus
541 1334 575 1396 in
595 1333 736 1410 formas,
760 1357 853 1418 quaro
872 1349 906 1397 ut
927 1347 1027 1399 totum
1048 1334 1081 1397 iu
1102 1346 1226 1417 partes,
1251 1337 1347 1400 tutela
1372 1335 1471 1397 divisa
1498 1345 1557 1396 cst.
1603 1333 1683 1394 Nam
1759 1349 1762 1354 '

363 1428 434 1490 sive
456 1448 515 1509 per
537 1426 840 1511 consanguinitatem
866 1429 906 1491 sit
928 1441 1035 1503 tutor,
1071 1428 1138 1490 sire
1157 1442 1343 1510 patronatus
1365 1429 1451 1501 iure,
1477 1428 1543 1491 sive
1566 1426 1684 1490 ceteris

364 1521 487 1596 modis,
510 1518 671 1603 integrum
694 1521 810 1584 tutelae
831 1521 881 1590 ius
899 1522 1012 1596 habet,
1037 1521 1172 1605 quodie
1195 1523 1328 1607 singulis
1350 1523 1491 1603 partibus
1516 1542 1578 1583 non
1601 1520 1682 1580 solet
1697 1526 1727 1576 ¹⁰

363 1613 518 1688 evenire,
544 1625 577 1674 ut
598 1612 695 1675 totins
716 1613 879 1698 integrum
904 1614 1030 1697 capiant
1050 1636 1178 1678 nomen.
1223 1619 1284 1678 Sed
1308 1627 1341 1678 ut
1360 1615 1552 1679 conveniens
1574 1613 1681 1674 videa-

243 1746 248 1758 ·
362 1719 418 1769 tur
437 1706 637 1786 exemplum,
671 1707 880 1790 requirendae
909 1721 982 1778 saint
1007 1709 1086 1770 tales
1112 1710 1279 1773 tutelarum
1304 1723 1430 1792 partes,
1456 1727 1536 1792 quae
1558 1707 1683 1768 iunctae

360 1799 480 1861 tutelas
498 1798 627 1860 efficere
649 1800 788 1879 possint,
820 1821 884 1862 oon
904 1823 986 1885 quae
1006 1801 1150 1884 singulae
1177 1806 1293 1866 tutelae
1315 1805 1439 1866 noniine
1463 1801 1682 1884 designentur,

240 1932 242 1965 e
362 1894 452 1975 qnod
482 1891 590 1954 nescio
619 1912 658 1953 au
684 1893 849 1977 quisquam
872 1893 1085 1978 iurisperitiao
1116 1898 1338 1977 professorum
1358 1897 1445 1958 ‘tales
1473 1897 1588 1959 tutelae
1611 1913 1683 1975 par·

360 1998 413 2049 tes
432 1983 581 2049 ediderit.
637 1986 856 2050 Merobaudes
885 2010 964 2052 vero
984 1990 1097 2052 rhetor
1119 1989 1160 2050 ita
1183 1989 1419 2072 intelligendum
1444 1991 1624 2071 probabat,
1650 1995 1681 2047 ut
1695 1997 1726 2046 ¹5

241 2117 245 2147 ,-
360 2079 413 2152 id,
438 2079 527 2161 qirod
549 2077 611 2150 ait,
646 2080 836 2143 Partitione
859 2081 910 2143 sic
932 2081 1097 2144 utendum
1115 2093 1188 2156 est,
1220 2085 1349 2145 niellam
1371 2095 1408 2146 ut
1427 2094 1563 2165 partem
1584 2099 1684 2162 proe-

240 2226 243 2250 ζ
360 2173 553 2247 terminas,
590 2172 628 2233 de
651 2171 804 2236 divisione
827 2174 962 2250 dixerit,
987 2173 1107 2250 idest,
1140 2176 1178 2236 de
1198 2195 1257 2236 una
1283 2188 1373 2258 parte
1399 2174 1588 2257 propositae
1610 2192 1685 2253 par-

242 2309 246 2325 .
360 2266 499 2338 titionis,
545 2267 624 2326 Nam
651 2279 683 2326 et
697 2267 814 2330 divisio
831 2279 862 2328 et
880 2289 940 2349 per
956 2270 1095 2330 membra
1120 2267 1301 2332 distributio
1321 2269 1448 2352 partitio
1470 2276 1682 2346 nuncupatur.

240 2386 244 2439 ’ς
361 2361 401 2424 lo
424 2359 581 2422 divisione
608 2360 687 2424 enirn
723 2361 870 2423 vitiosum
904 2374 952 2424 est
974 2360 1111 2443 aliquid
1140 2363 1413 2444 praetermittere,
1449 2360 1481 2424 in
1514 2359 1684 2442 partitione

363 2455 579 2516 membrorum
603 2452 740 2516 minime.
795 2455 843 2516 lta
866 2455 1042 2537 exemplum
1073 2455 1112 2517 de
1138 2455 1243 2516 tutelis
1266 2456 1293 2518 ei
1314 2453 1479 2538 partitioni
1504 2471 1728 2521 accommo-‘et

241 2602 242 2607 ,
363 2549 470 2608 datum
491 2547 594 2617 dedit,
619 2557 766 2627 quaeest
789 2548 965 2611 divisionis.
1012 2549 1058 2608 At
1078 2547 1107 2608 si
1129 2548 1314 2612 divisionem
1336 2549 1453 2622 facias,
1476 2547 1591 2621 idest,
1616 2547 1685 2610 l'or·

362 2660 485 2701 marum
516 2659 673 2722 ageucrc
696 2640 922 2720 partitionem,
953 2661 1105 2703 summum
1129 2651 1178 2704 est
1198 2643 1310 2705 vitium
1338 2642 1454 2724 aliquid
1484 2638 1682 2720 praetermit-

240 2782 242 2817 ᾖ
362 2743 457 2805 tere,
493 2732 659 2815 qnoniam,
693 2754 789 2814 quum
808 2735 851 2795 sit
874 2733 979 2796 linitus
1001 2732 1176 2797 formarum
1199 2758 1362 2810 numerus,
1387 2737 1412 2798 si
1435 2734 1512 2817 quid
1535 2733 1683 2795 omissum

240 2877 244 2909 ,
363 2826 421 2899 sit,
447 2824 569 2886 inscitia
591 2826 803 2906 praeteritur:
829 2839 881 2902 ut,
905 2827 931 2890 si
951 2828 1111 2891 oratorias
1133 2831 1332 2912 quaestiones
1356 2831 1386 2892 in
1407 2830 1527 2892 formas
1543 2825 1684 2888 dividere

240 2972 242 3003 ζ
365 2919 519 2992 velimus,
558 2917 695 2979 dicemus
727 2939 850 2990 omnem
883 2922 1073 2985 rhetoricam
1103 2925 1316 3004 quaestionem
1346 2934 1399 2986 ant
1432 2927 1469 2984 de
1492 2920 1578 2982 lacto
1615 2930 1726 2979 essere

240 3064 243 3097 :
364 3021 419 3073 ant
440 3013 478 3072 de
499 3009 650 3093 qualitate
672 3010 751 3072 l'acti
773 3023 826 3073 aut
849 3015 888 3076 de
912 3015 1049 3078 nomine.
1094 3017 1141 3083 At
1163 3015 1190 3078 si
1212 3015 1405 3079 locutionum
1422 3017 1541 3100 ligurus
1558 3022 1685 3072 senten-

240 3158 243 3169 ,
363 3105 543 3187 tiaruruque
566 3104 769 3180 distribuam,
803 3126 866 3169 non
895 3109 975 3182 erit,
1008 3121 1042 3170 ut
1060 3107 1175 3171 dictum
1202 3121 1268 3184 est,
1310 3109 1437 3182 vitium,
1472 3105 1608 3168 transire
1627 3103 1685 3165 ali·

240 3252 242 3283 z
364 3199 458 3284 quid,
483 3198 736 3281 quandoquidem
758 3201 982 3263 sententiarum
1005 3200 1088 3262 inter
1108 3221 1143 3263 se
1173 3212 1266 3285 atque
1290 3202 1486 3266 locutionum
1509 3201 1631 3282 ligneae
1654 3207 1685 3258 et

365 3292 555 3372 multiplices
577 3302 610 3354 et
633 3292 720 3354 varia
742 3294 865 3356 ratione
886 3294 1030 3356 diversae
1051 3291 1126 3355 siut.
1183 3296 1246 3357 Hic
1265 3315 1394 3379 quoque
1414 3294 1586 3378 figurarum
1609 3310 1684 3372 par-

365 3396 414 3447 tes
436 3405 499 3448 non
522 3383 565 3446 ita
589 3383 735 3448 ridentur
756 3385 856 3468 accipi
880 3408 998 3468 posse,
1027 3388 1290 3468 quemadmodum
1312 3387 1429 3460 totius,
1453 3389 1509 3450 sed
1531 3396 1565 3447 ut
1587 3403 1728 3468 gene-to

366 3479 413 3540 ris
437 3479 572 3558 species.
618 3480 846 3564 Unaquaeque
866 3478 948 3544 enim
970 3480 1164 3563 figurarum,
1199 3501 1280 3563 quae
1301 3480 1440 3544 infinitae
1466 3491 1560 3552 erint,
1598 3477 1686 3539 velut

363 3572 490 3654 figurae
512 3571 672 3654 generalis
694 3572 817 3653 species
839 3583 908 3635 est:
944 3574 1030 3655 qirod
1055 3591 1222 3654 possumus
1245 3573 1425 3657 intelligere
1457 3594 1499 3636 ex
1535 3571 1572 3634 iis
1595 3568 1686 3633 libris

363 3665 551 3739 rhetorum,
576 3664 630 3726 irbi
649 3668 691 3726 de
714 3665 896 3730 elocutione
913 3676 1080 3728 tractatur.
1126 3667 1240 3730 Nullae
1265 3689 1399 3752 iramque
1419 3678 1493 3730 seint
1511 3667 1685 3749 figurarum

363 3769 492 3840 partes,
529 3779 609 3840 quae
631 3757 751 3842 ligneas
771 3757 902 3842 iungant
926 3759 989 3834 ita,
1013 3772 1048 3822 ut
1069 3758 1210 3844 singulae
1235 3761 1359 3844 figurae
1383 3781 1497 3825 nomen
1523 3756 1687 3820 universa·

364 3851 404 3913 lia
426 3850 551 3934 figurae
580 3871 643 3912 uon
667 3851 790 3932 possint
813 3852 992 3918 admittere.
1052 3855 1115 3917 Sed
1140 3854 1235 3918 obiici
1256 3856 1350 3918 nobis
1372 3865 1501 3937 potest:
1540 3853 1730 3930 thuoos

364 3946 463 4008 modo
484 3943 623 4007 infinitae
644 3958 719 4007 siant
741 3945 882 4028 figurae,
908 3949 935 4010 si
955 3947 1079 4030 species
1101 3947 1201 4011 sunt?
1244 3951 1308 4012 Sed
1330 3947 1534 4029 respondebo
1557 3941 1684 4012 leviter,

363 4039 548 4101 elocutione
578 4050 695 4100 mutata
723 4039 860 4124 liguram
889 4061 1018 4125 quoque
1047 4041 1179 4116 mutari,
1213 4054 1307 4125 atque
1329 4041 1450 4105 idcirco
1473 4038 1505 4100 in
1527 4041 1686 4118 potestate

364 4151 438 4195 esse
459 4132 608 4207 dicentis,
646 4131 766 4215 ligurus
788 4133 913 4211 iacere,
948 4155 1026 4216 quas
1047 4133 1093 4207 is,
1117 4135 1170 4218 qui
1192 4144 1325 4210 tractat,
1349 4132 1496 4204 difficile,
1520 4139 1685 4209 antequam

363 4223 464 4300 nant,
486 4224 589 4307 possit
610 4247 805 4310 agnoscerer
837 4229 897 4290 bae
920 4247 1001 4291 vero
1021 4227 1364 4292 consubstantialibus
1388 4223 1571 4308 quibusdam
1594 4216 1687 4280 dill‘e·

363 4317 478 4382 tentiis
506 4319 758 4398 constituuntur,
793 4323 849 4383 sed
880 4319 988 4403 potius
1011 4319 1226 4384 accidentibus
1250 4319 1461 4402 explicantur.
1515 4316 1607 4380 Unde
1628 4313 1733 4384 limo

363 4421 402 4474 ut
436 4419 513 4473 tunc
544 4412 721 4474 conanimis
749 4413 885 4476 nominis
913 4413 945 4476 in
977 4411 1225 4497 significationes
1260 4413 1392 4496 partitio
1423 4408 1494 4474 lieri
1524 4409 1685 4480 videatur,

364 4524 464 4588 quum
485 4503 589 4588 ligura
614 4503 783 4580 dividitur,
820 4507 1043 4591 potiusquam
1070 4507 1196 4590 generis
1225 4506 1257 4570 in
1282 4506 1419 4588 speeies.
1471 4501 1582 4569 Omnia
1609 4519 1687 4563 vero

364 4596 546 4680 significata
565 4599 718 4681 cuiusque
739 4598 874 4661 nominis
894 4599 1048 4663 divisione
1070 4600 1231 4664 includere
1254 4599 1381 4664 difficile
1403 4608 1469 4674 est,
1508 4595 1580 4682 quia
1603 4611 1687 4656 nova

363 4695 556 4776 plerumque
578 4693 759 4776 linguntur,
797 4693 854 4754 sed
875 4712 913 4755 ne
935 4692 969 4756 id
989 4693 1114 4778 quidem
1144 4715 1250 4758 rerum
1278 4693 1362 4757 ratio
1384 4691 1550 4776 permittit.
1606 4689 1687 4754 Nam

364 4805 429 4846 una
447 4806 593 4869 quaeque
615 4787 719 4869 ligura
742 4783 900 4869 generalis
928 4785 1050 4869 figurae
1073 4787 1198 4851 nomine
1220 4799 1251 4850 et
1274 4786 1457 4850 delinitione
1478 4782 1731 4865 comprehco-,5

441 5014 471 5070 ὅ.
490 5015 564 5084 sint]
592 5013 669 5067 Eine.
696 5041 731 5054 -
757 5021 822 5064 suut
848 5009 921 5067 ΕΜ.
970 5013 999 5070 6.
1028 5010 1230 5086 Ιηφνορνίκηι]
1252 5018 1319 5067 Vno.
1345 5015 1432 5069 Parti.
1451 5041 1488 5054 -
1506 5009 1541 5064 Irt
1556 5015 1688 5080 proseqens

365 5087 447 5141 Base.
488 5093 533 5146 21.
554 5088 794 5141 accommodatum
814 5105 871 5141 oni.
891 5090 978 5141 Paris.
