4434 5959
552 605 612 670 1⁷2
1039 599 1326 668 VICTORIN'US

634 747 729 828 Lege
748 743 804 806 ins
824 745 893 816 ert,
916 741 1008 825 quod
1026 740 1063 803 in
1083 763 1125 804 eo
1144 742 1289 824 scripto,
1316 741 1408 825 prod
1426 745 1552 825 populo
1571 745 1766 826 expositum
1787 747 1854 827 est]

556 842 729 919 Hucusque
750 837 894 900 iustitiam
916 834 1147 897 consuetudinis
1169 835 1266 896 dixit:
1292 855 1373 897 uiroc
1393 835 1500 915 incipit
1522 838 1637 920 legum.

636 931 789 996 Fidentia
815 941 885 1001 est,
907 951 970 1010 per
990 949 1091 1012 quom
1120 927 1255 1009 magnis
1282 937 1315 990 et
1341 929 1490 991 honestis
1514 923 1671 992 in'rebns
1692 928 1771 1008 cet.]
1816 931 1853 992 ln

555 1025 696 1090 honestis
721 1025 842 1084 actibus
861 1021 987 1084 fidentia
1010 1031 1077 1083 est:
1107 1033 1243 1083 ceterum
1266 1020 1296 1082 in
1320 1021 1406 1083 malis
1428 1022 1626 1087 confidentia.
1670 1025 1750 1084 Nam
1775 1025 1855 1084 mul·

529 1129 617 1180 stum
639 1117 707 1198 ipse
730 1116 848 1178 anianus
870 1117 900 1176 in
923 1135 956 1177 se
977 1113 1110 1176 fiduciae
1132 1125 1219 1176 certa
1242 1134 1310 1177 cnm
1332 1133 1389 1194 spe
1410 1113 1598 1188 collocavit,
1629 1127 1662 1177 ut
1690 1129 1736 1177 est
1757 1116 1853 1180 illud:

555 1215 690 1284 Turne,
713 1212 769 1274 sni
789 1208 910 1271 merito
930 1207 962 1269 si
982 1227 1049 1290 quo
1069 1217 1121 1269 eat
1134 1205 1274 1282 fidncia
1283 1203 1397 1295 forti.
1440 1209 1537 1284 (Aen.
1561 1208 1625 1271 Xl.
1648 1207 1738 1286 502.)

635 1306 754 1386 Neque
782 1302 829 1364 ad
854 1303 916 1365 hoc
943 1312 1099 1363 nostrum
1128 1299 1319 1362 institutum
1343 1299 1503 1380 pertinet]
1548 1300 1696 1380 Epicurei
1718 1299 1857 1362 enimet

552 1396 650 1480 ipsam
673 1397 818 1460 virtutem
839 1396 944 1457 dicunt
966 1403 1100 1476 propter
1122 1413 1156 1453 se
1178 1412 1239 1455 non
1262 1391 1385 1473 expeti,
1409 1395 1463 1454 sed
1485 1405 1617 1473 propter
1632 1391 1852 1473 voluptatem:

553 1512 633 1575 quae
654 1502 738 1554 secta
762 1491 992 1572 Epicureorum
1015 1496 1074 1548 est.
1119 1485 1193 1547 Hoc
1216 1482 1321 1568 utique
1343 1485 1586 1548 revincendum:
1611 1488 1664 1548 sed
1687 1483 1760 1568 quia
1784 1486 1855 1547 lon-

513 1591 543 1638 ¹⁰
556 1584 655 1669 gioria
692 1595 840 1646 tractatus
869 1593 917 1645 est
944 1593 976 1644 et
998 1578 1124 1642 alterius
1148 1577 1251 1659 operis
1274 1577 1445 1657 (rhetorica
1467 1577 1545 1640 enim
1568 1597 1649 1640 nuuc
1670 1579 1857 1661 exponitur)

553 1677 626 1742 ideo
647 1690 679 1740 et
699 1680 750 1739 hic
772 1677 878 1738 dicere
902 1672 1121 1756 praetermisit.

637 1774 781 1852 Propter
801 1791 838 1832 se
858 1781 972 1832 maen:
990 1767 1129 1830 uitanda
1149 1764 1243 1845 sunt]
1284 1763 1403 1829 Docuit
1424 1765 1619 1828 honestatem
1641 1767 1853 1845 sequendam,

555 1864 718 1954 subiungit
742 1863 898 1925 vitandam
919 1860 1159 1944 turpitudinem:
1197 1859 1252 1922 sed
1274 1857 1435 1938 turpitudo
1456 1858 1486 1920 in
1515 1857 1552 1920 iis
1576 1869 1641 1932 est,
1675 1879 1756 1941 quiae
1777 1879 1855 1920 eon-

554 1957 650 2020 traria
678 1966 749 2017 sum
777 1953 959 2016 virtutihus.
1010 1951 1171 2027 Fidentia,
1208 1961 1244 2013 ut
1274 1972 1369 2032 supra
1397 1951 1519 2032 posuit,
1555 1951 1654 2013 virtus
1683 1961 1751 2012 cst:
1783 1951 1856 2012 huic

515 2048 710 2114 tscontraria
733 2059 779 2110 est
802 2047 986 2110 diffidentia:
1010 2057 1041 2108 et
1062 2045 1188 2108 audacia
1212 2044 1353 2107 vitanda:
1376 2045 1508 2128 parique
1527 2048 1621 2108 modo
1645 2045 1724 2105 inter
1754 2043 1854 2104 virtu-

555 2155 602 2206 tes
624 2153 655 2206 et
682 2141 838 2204 contraria
870 2139 968 2202 media
993 2138 1212 2213 inveniuntur,
1250 2157 1329 2218 quae
1358 2138 1430 2201 licet
1451 2138 1550 2201 vicina
1580 2139 1640 2200 sint
1661 2137 1851 2211 virtutibus,

554 2247 656 2298 tamen
689 2233 812 2295 vitanda
839 2245 929 2306 strat,
966 2244 1000 2295 nt
1028 2232 1165 2294 vitantur
1193 2229 1269 2311 ipsa·
1285 2231 1456 2293 contraria.
1501 2233 1590 2294 Haec
1610 2241 1732 2304 autem,
1773 2252 1854 2313 qnae

554 2327 656 2391 vicina
687 2335 775 2401 sum,
809 2346 890 2388 nunc
915 2325 957 2389 ita
985 2337 1074 2399 sunt,
1111 2337 1144 2388 ut
1170 2334 1287 2386 certum
1310 2345 1422 2387 nomen
1450 2334 1591 2398 teneant:
1625 2324 1782 2394 nirncita,
1821 2339 1854 2386 ut

556 2419 742 2483 vocabulum
758 2439 820 2481 uon
839 2419 983 2480 habeant.
1028 2417 1203 2480 Fidentiam
1226 2416 1358 2478 diximus
1379 2437 1447 2479 esse
1470 2416 1633 2492 virtutem,
1657 2418 1853 2480 diffidentiam

514 2511 678 2575 20νίιίιιιιι.
722 2513 766 2575 m
788 2513 838 2587 id,
862 2512 947 2596 quod
966 2511 1110 2574 lidentiae
1133 2509 1264 2571 vicinum
1280 2521 1343 2584 est,
1368 2511 1461 2572 habet
1480 2530 1615 2583 nomen,
1639 2512 1725 2592 quod
1744 2511 1855 2590 appel·

556 2606 640 2669 latur
667 2604 805 2668 audacia.
850 2605 929 2668 Item
963 2605 1077 2688 religio
1108 2603 1208 2666 virtus
1237 2613 1305 2676 est,
1343 2603 1560 2686 irreligiositas
1594 2603 1720 2675 vitium:
1761 2616 1854 2686 atque

555 2697 703 2782 religioni
734 2697 869 2760 vicinum
900 2697 1006 2760 vitium
1037 2710 1140 2759 tamen
1171 2705 1236 2768 est,
1275 2705 1306 2756 ct
1328 2696 1511 2775 superstitio
1547 2693 1740 2768 nominatur,
1774 2717 1855 2778 qliae

556 2793 645 2853 ctiam
675 2790 739 2871 ipsa
771 2790 812 2854 sit
843 2789 980 2852 vitanda.
1038 2790 1102 2852 Sed
1122 2789 1204 2850 haec
1238 2789 1284 2866 (ut
1311 2787 1390 2866 dixi)
1413 2789 1509 2850 media
1538 2789 1588 2851 vel
1617 2787 1715 2849 vicina
1740 2791 1855 2850 habent

555 2881 692 2948 nomina.
737 2883 815 2945 Nam
835 2895 907 2946 sunt
927 2881 1050 2966 aliqua,
1085 2901 1164 2965 qliae
1184 2901 1246 2943 uon
1270 2882 1399 2944 habent:
1434 2892 1481 2958 ut,
1505 2879 1621 2943 iustitia
1639 2902 1734 2963 quum
1755 2883 1855 2944 virtus

514 2985 545 3034 25
556 2977 613 3050 sit,
635 2976 781 3040 iniustitia
801 2976 931 3050 -vitium,
968 2974 1080 3057 punire
1101 2975 1209 3036 hostes
1230 2975 1320 3036 etiam
1347 2973 1450 3038 victos
1474 2973 1607 3036 vicinum
1629 2974 1764 3038 iustitiae
1787 2987 1853 3038 est:

556 3081 656 3132 tamen
676 3070 747 3151 qiria
770 3071 957 3152 parcendum
981 3067 1072 3130 victis
1094 3076 1162 3140 est,
1187 3066 1295 3129 vitium
1317 3077 1363 3128 est
1382 3066 1565 3149 aliq'uandor
1589 3065 1640 3128 cui
1658 3068 1702 3130 rei
1723 3089 1788 3130 non
1807 3079 1854 3130 est

556 3164 763 3238 vocabulum,
788 3173 822 3226 ut
843 3161 994 3243 asperitas
1016 3173 1070 3222 aut
1091 3159 1275 3234 crudelitas,
1299 3160 1498 3241 superstitio,
1524 3162 1662 3223 audacia.

638 3259 724 3320 Sunt
746 3254 854 3339 igitur
873 3258 997 3328 merita,
1020 3274 1106 3336 qnae
1127 3275 1308 3337 nosquam
1327 3254 1511 3337 dignitate,
1536 3266 1607 3317 tum
1624 3275 1755 3336 qnoqroe
1763 3253 1856 3342 frn-

556 3359 613 3410 ctn
630 3369 694 3412 sno
711 3349 838 3410 ducunt
857 3348 904 3410 ad
923 3349 973 3428 se]
1017 3347 1135 3411 Docuit
1155 3369 1234 3431 quae
1256 3358 1389 3428 propter
1411 3369 1445 3410 se
1467 3349 1640 3428 expetenda
1661 3358 1732 3407 sum
1753 3347 1854 3423 (item-

515 3447 618 3525 llque
637 3439 714 3502 dixit
730 3461 809 3524 quae
828 3453 960 3522 propter
982 3463 1015 3505 se
1031 3442 1154 3504 vitanda
1169 3444 1192 3517 :)
1215 3461 1294 3524 quae
1311 3442 1439 3503 honesta
1454 3461 1532 3521 pura
1554 3439 1738 3504 nominarit.
1764 3443 1857 3502 Nunc

557 3537 651 3598 docet
672 3535 743 3608 illa,
766 3555 846 3617 quae
867 3535 962 3597 mixta
985 3547 1057 3598 sunt
1078 3545 1110 3598 et
1133 3535 1248 3596 habent
1270 3543 1389 3615 partem
1413 3533 1602 3608 honestatis,
1632 3545 1752 3613 partem
1776 3553 1856 3596 vero

556 3626 717 3689 utilitatis:
747 3649 827 3712 quac
851 3638 952 3690 tamen
981 3628 1072 3691 etiam
1094 3630 1160 3709 ipsa
1189 3627 1311 3690 nomine
1341 3625 1511 3692 honestatis
1534 3625 1718 3707 appellavit.
1777 3627 1857 3689 Sunt

556 3730 658 3782 autem
679 3721 800 3804 gloria,
837 3721 869 3782 di
894 3721 993 3794 nitas,
1030 3722 1219 3802 amplitudo,
1253 3720 1395 3786 amicitia.
1438 3721 1526 3784 Haec
1550 3719 1707 3782 delinivit:
1738 3719 1770 3780 iu
1792 3739 1855 3802 qim

557 3811 649 3876 simili
668 3815 763 3878 modo
786 3743 948 3877 amiAEiam
970 3817 1064 3878 docet
1085 3837 1154 3879 esse
1180 3817 1371 3878 honestatem
1394 3815 1517 3898 qrridem
1545 3812 1673 3887 mentis,
1710 3802 1766 3875 sed
1786 3835 1855 3875 cum

515 3906 660 3990 ttaliqua
681 3907 813 3970 utilitate
835 3907 995 3971 sociatam.
1039 3908 1199 3992 Loquitur
1217 3907 1297 3971 enim
1320 3910 1357 3972 de
1380 3907 1513 3970 amicitia
1535 3906 1636 3982 civili,
1671 3925 1750 3988 quac
1772 3906 1856 3969 utili·

559 4012 623 4063 tatc
644 4022 707 4062 non
726 4012 825 4064 caret.
868 4001 990 4064 Deinde
1012 4013 1118 4083 partes
1140 4003 1206 4066 eius
1225 4001 1377 4065 amicitiae
1398 4013 1520 4064 enarrat
1538 4012 1570 4064 et
1593 4021 1713 4064 canisae.
1757 4001 1856 4064 Post·

559 4115 649 4159 remo
668 4094 808 4178 adiungit
836 4092 913 4158 illud
943 4096 1087 4169 tertium,
1119 4097 1164 4158 uti
1188 4108 1361 4177 separatam
1389 4094 1550 4157 utilitatem
1576 4115 1593 4156 c
1625 4093 1688 4158 suis
1716 4095 1857 4177 partibus

563 4180 674 4250 doceat
702 4208 788 4263 esse,
824 4210 919 4274 qtttrm
939 4187 1007 4271 ipsa
1033 4189 1083 4251 illa
1112 4189 1316 4252 commoditas
1336 4189 1499 4250 honestate
1528 4207 1638 4250 carens
1666 4187 1858 4271 perspicitur

558 4281 663 4344 telin
686 4283 866 4363 republica
896 4284 945 4346 vel
966 4284 997 4345 in
1023 4281 1153 4365 siugulis
1181 4281 1321 4346 civilius:
1360 4283 1435 4344 haec
1466 4293 1568 4344 alitem
1598 4280 1630 4343 ia
1664 4302 1700 4344 re
1731 4281 1857 4364 publica

516 4370 640 4435 ⁴⁰nnnc
658 4376 697 4436 ad
713 4374 796 4438 vires
810 4375 946 4456 pertinet
965 4375 1118 4450 civitatis,
1143 4397 1223 4438 nunc
1244 4377 1283 4439 ad
1307 4387 1540 4440 oruamentum:
1564 4395 1644 4458 qiiae
1665 4373 1732 4455 ipsa
1754 4385 1857 4435 tamen

558 4467 589 4529 in
611 4479 746 4550 utroque
769 4469 884 4532 utilitas
906 4471 1130 4533 convenienter
1151 4467 1342 4530 nominatur.
1388 4467 1450 4530 Sed
1472 4464 1556 4528 vires
1578 4466 1704 4528 nomine
1722 4464 1858 4548 appellat

557 4557 799 4625 incolumitatis:
822 4572 853 4624 at
875 4581 954 4625 vero
976 4573 1190 4624 oruamentum
1213 4561 1382 4644 potentiam
1404 4581 1472 4624 esse
1494 4561 1585 4636 dicit,
1610 4571 1644 4622 ut
1666 4559 1726 4622 sint
1752 4573 1858 4639 partes

557 4651 696 4714 utilitatis
719 4655 817 4729 dirae,
840 4653 1036 4720 incolumitas
1057 4666 1088 4717 et
1103 4655 1256 4737 potentia.
1299 4657 1380 4720 Post
1395 4657 1471 4717 haec
1485 4665 1615 4730 tractat,
1640 4657 1725 4736 quod
1742 4651 1858 4719 Graeci

559 4745 717 4826 appellant
739 4743 898 4825 δυνατόν,
932 4748 1037 4810 Latini
1059 4751 1150 4832 qnod
1166 4749 1255 4826 steri
1276 4749 1388 4832 possit
1408 4761 1468 4813 aut
1493 4769 1559 4812 non
1578 4747 1712 4830 possit:
1740 4749 1771 4811 in
1792 4771 1857 4831 quo

515 4839 648 4919 tertiam
670 4838 747 4903 illud
770 4844 877 4918 docet,
902 4845 987 4926 qnod
1010 4843 1059 4904 liis
1080 4841 1214 4905 vicinum
1238 4855 1302 4926 cst,
1333 4855 1365 4907 et
1390 4844 1472 4928 quid
1484 4841 1601 4933 focile
1622 4841 1711 4918 fieri
1732 4842 1856 4924 possit.

1692 4987 1856 5002 nn*

631 5063 679 5120 36.
698 5061 829 5132 enarrat]
848 5063 1011 5115 Coulertura
1031 5060 1093 5116 dedi
1113 5079 1162 5134 pro
1182 5072 1284 5116 narrat
1303 5063 1371 5120 Cod.
1392 5065 1454 5120 Bas.
1473 5080 1501 5119 et
1520 5062 1588 5122 Edd.
1609 5065 1663 5120 Οι.

634 5136 680 5194 tt.
698 5146 730 5190 at
748 5139 829 5206 aero]
850 5165 885 5181 ·-
904 5155 959 5192 om.
979 5139 1047 5191 haec
1066 5135 1135 5193 eod.
1153 5139 1218 5194 Bas.
