4434 5959
951 654 1044 720 LlB.
1068 654 1137 720 111.
1539 674 1543 681 ·
1640 649 1700 714 att

383 791 618 868 definitionem,
644 805 677 855 ut
701 815 796 877 qutun
819 793 968 869 dicimus,
992 794 1276 878 Quinctiana?
1304 797 1536 877 respondetur,
1560 797 1620 859 Sol
1643 815 1702 856 su·

378 910 446 973 per·
467 899 609 949 terram.
666 886 803 961 Causam
825 887 927 962 enim,
951 888 983 951 id
1008 901 1072 961 est,
1097 888 1222 961 solem,
1243 910 1358 970 prore
1381 889 1472 968 ipsa,
1497 888 1585 950 cuius
1607 908 1702 950 causa

382 992 449 1055 est,
482 980 749 1060 interposuimus,
786 994 881 1065 atque
914 980 956 1044 ita
985 982 1066 1045 diem
1096 981 1282 1046 delinitione
1316 981 1573 1047 monstravimus.
1631 981 1703 1043 Hae

242 1060 252 1093 ³'
383 1085 456 1136 siant
478 1072 692 1137 definitionum
715 1074 928 1149 differentiae,
954 1096 1034 1161 quas
1056 1075 1087 1137 in
1109 1096 1150 1139 eo
1172 1075 1279 1149 libro,
1303 1096 1395 1159 qriem
1412 1079 1450 1137 de
1466 1072 1702 1138 delinitionibus

382 1167 573 1231 Victorinus
594 1168 712 1244 edidit,
748 1166 982 1241 annumeravit,
1015 1190 1092 1253 qrias
1113 1169 1164 1231 M.
1188 1168 1313 1231 'l'nllins
1336 1166 1562 1247 praetermittit
1583 1188 1624 1228 eo
1643 1180 1727 1229 no-t

384 1260 483 1335 utine,
519 1262 606 1342 qarod
636 1281 690 1323 eas
721 1259 843 1325 minime
872 1262 1066 1325 necessarias
1098 1261 1283 1325 aestimarit.
1336 1264 1406 1325 Nos
1429 1283 1527 1335 vcro,
1566 1258 1703 1344 nequid

383 1354 529 1436 perlecto
550 1358 672 1417 deesset
693 1354 806 1437 operi,
829 1355 921 1418 etiam
945 1376 1027 1439 quae
1049 1367 1122 1417 sttnt
1143 1378 1161 1418 a
1185 1354 1344 1419 Cicerone
1359 1352 1602 1438 praetermissa,
1626 1354 1704 1415 sub·

383 1468 525 1511 tecturus.

468 1541 565 1622 (Cap.
599 1542 631 1605 6.
666 1548 697 1620 §.
728 1543 798 1622 tt.)
841 1547 993 1607 Tantum
1026 1552 1077 1605 est
1107 1540 1288 1605 dicendrtm
1317 1574 1358 1587 -
1388 1576 1429 1589 —
1457 1573 1501 1589 -
1534 1539 1703 1620 definien-

382 1635 465 1698 dum
486 1646 551 1698 eat.
1717 1641 1747 1693 tt

468 1726 669 1793 Definitionis
699 1729 823 1795 ratione
851 1726 1018 1812 proposita
1052 1726 1216 1810 divisaque
1242 1749 1301 1812 per
1328 1728 1471 1812 singulas
1498 1737 1605 1810 partes
1637 1736 1703 1789 tum

383 1822 551 1895 materiae,
576 1834 640 1884 tum
662 1821 753 1885 ctiam
770 1825 911 1895 l'ormae,
935 1818 1097 1899 (materiae
1113 1820 1258 1904 quidem,
1283 1844 1378 1905 qurum
1402 1820 1616 1883 definitionem
1635 1839 1704 1883 esse

383 1914 463 1977 dixit
486 1913 534 1976 vel
557 1934 664 1977 earum
687 1936 813 1990 rerum,
852 1936 933 1997 quae
966 1934 1146 1995 corporeae
1168 1927 1292 1990 essent,
1331 1917 1381 1977 vel
1404 1936 1529 1989 earum,
1553 1934 1635 1995 quae
1656 1912 1706 1975 in·

383 2028 584 2086 corporeae3
615 2007 738 2071 lormae
769 2030 864 2084 vero,
900 2030 995 2088 qurum
1025 2019 1077 2069 ant
1098 2006 1324 2089 partitionibus
1345 2022 1398 2072 aut
1416 2007 1626 2085 divisionibus
1648 2008 1704 2068 de·

382 2100 543 2163 finitiones
565 2099 635 2163 lieri
664 2102 807 2181 docuit,)
838 2100 1134 2185 praetermissisque
1162 2102 1299 2177 ceteris,
1337 2122 1544 2187 quaerunque
1565 2104 1604 2162 ad
1626 2112 1748 2180 pro-te

383 2192 523 2277 positum
548 2214 630 2275 opus
654 2190 777 2257 minime
800 2194 1014 2277 pertinerent:
1039 2214 1139 2270 nunc,
1163 2197 1252 2278 qarod
1273 2196 1469 2260 utilissimum
1485 2205 1533 2258 eet
1555 2194 1704 2257 nranime-

383 2308 446 2369 que
475 2297 575 2350 totam
608 2284 823 2351 definitionum
853 2284 1091 2371 intelligentiam
1124 2285 1307 2371 significare
1341 2301 1467 2371 potest,
1505 2287 1703 2369 exsequitur.

384 2380 425 2443 ld
449 2391 551 2443 autem
582 2391 646 2443 est:
684 2379 738 2463 qui
760 2379 801 2443 sit
823 2380 854 2444 in
877 2378 1042 2454 omnibus,
1081 2399 1288 2465 qtraeeunque
1317 2384 1480 2465 quarrada
1502 2379 1578 2442 libet
1601 2380 1703 2453 lium,

382 2472 575 2537 delinitionis
596 2475 719 2535 rnodus.
764 2475 823 2537 Est
846 2486 949 2537 autern
973 2494 1030 2535 uua
1054 2483 1148 2555 atque
1171 2473 1316 2538 omnibus
1337 2472 1512 2538 cainiuunis
1535 2472 1704 2537 deliniendi

382 2566 486 2640 ratio,
521 2578 555 2628 ut
591 2587 631 2627 ex
657 2566 934 2633 communitatibus
963 2565 1045 2629 inter
1074 2578 1172 2629 semet
1201 2566 1314 2630 iunctis
1344 2580 1438 2652 atque
1460 2566 1651 2649 compositis
1674 2566 1747 2628 iott

382 2680 476 2721 tinam
511 2658 740 2739 proprietatem
771 2659 817 2722 rei
846 2659 987 2723 definitio
1016 2658 1202 2742 colligatur.
1248 2658 1361 2723 Omnia
1384 2660 1489 2737 enim,
1513 2682 1595 2743 qnae
1617 2682 1705 2723 corn·

382 2752 487 2815 mrrnia
517 2764 610 2833 atque
634 2752 821 2815 universalia
845 2764 936 2828 erint,
970 2752 1094 2836 siquid
1117 2751 1279 2817 eislnerit
1302 2754 1477 2828 adiectum,
1516 2753 1705 2815 determina·

381 2847 469 2909 tione
493 2846 673 2907 minuuntur
695 2857 726 2907 et
748 2847 787 2909 ad
808 2846 1086 2928 particularitatem
1109 2849 1260 2920 redeunt,
1295 2858 1390 2932 atque
1413 2869 1452 2911 eo
1476 2845 1613 2921 ambitu,
1637 2865 1703 2927 quo

380 2938 614 3003 concludebant
644 2950 775 3014 cuncta,
814 2940 1023 3015 cohibentur;
1061 2939 1162 3001 veluti
1190 2962 1286 3025 qurum
1310 2941 1421 3026 generi
1444 2938 1590 3003 adiicitur
1612 2938 1703 3001 aitte-
1767 2931 1770 2936 ¹

381 3032 482 3097 rentia
505 3044 537 3094 et
557 3032 593 3093 fit
616 3032 751 3113 species.
808 3034 887 3095 Nam
910 3055 1004 3115 quum
1029 3054 1130 3117 genus
1153 3054 1213 3115 per
1233 3056 1268 3097 se
1290 3034 1427 3117 proprio
1448 3032 1568 3096 ambitu
1590 3033 1748 3095 miiltastt

382 3126 507 3209 species
529 3125 707 3203 contineat,
744 3124 773 3189 ei
794 3126 823 3189 si
845 3129 1008 3207 propriam
1032 3125 1159 3190 adiicias
1182 3127 1409 3204 differentiam,
1442 3127 1592 3191 annuitur
1615 3136 1647 3188 et
1672 3128 1702 3187 in
1730 3132 1738 3144 ¹

383 3222 540 3303 quandam
577 3222 812 3302 qttodamurodo
852 3219 1135 3301 particularitatem
1167 3221 1263 3295 redit3
1298 3222 1397 3286 veluti
1439 3243 1534 3306 qrtum
1570 3218 1702 3283 dicimus

380 3312 528 3389 animal,
564 3314 628 3376 hoc
649 3334 763 3377 nornen
786 3316 882 3377 multa
905 3313 1076 3378 concludit.
1123 3314 1169 3376 Ar
1190 3314 1216 3377 si
1239 3314 1267 3377 ci
1289 3316 1459 3379 rationale
1481 3313 1624 3387 adiicias,
1655 3314 1702 3375 la·

381 3408 511 3489 ciasque
532 3407 663 3469 anianul
684 3408 870 3483 rationale,
907 3406 1007 3469 nuruis
1029 3404 1088 3468 erit
1110 3427 1126 3468 a
1150 3407 1298 3489 simplici.
1352 3410 1463 3472 Minus
1493 3432 1625 3492 natuque
1654 3422 1702 3473 cst

381 3500 496 3565 animal
530 3498 682 3565 rationale
715 3521 731 3562 a
760 3500 944 3581 simpliciter
973 3499 1111 3563 animali.
1164 3500 1213 3563 Ita
1235 3501 1354 3565 additio
1377 3502 1590 3582 differentiae,
1615 3506 1746 3588 qrtodttt

382 3594 482 3658 maius
504 3592 583 3666 luit,
609 3593 640 3657 in
662 3594 942 3674 particularitatem
966 3595 1120 3678 quairdam
1144 3595 1268 3678 redegit
1291 3608 1387 3680 atque
1410 3598 1566 3662 cohibuit.
1611 3599 1703 3676 Quo·

381 3691 464 3751 tiens
486 3686 583 3769 igitur
612 3688 714 3770 aliqua
737 3708 789 3749 res
812 3688 985 3751 delinienda
1010 3700 1076 3762 est,
1100 3690 1235 3751 sumitur
1256 3690 1308 3765 id,
1347 3693 1433 3771 quod
1456 3691 1486 3755 ei
1508 3714 1576 3754 curn
1600 3690 1703 3773 pluri·

381 3785 441 3844 bus
463 3780 529 3842 aliis
553 3802 718 3843 comuume
740 3791 810 3854 est3
833 3780 905 3842 huic
928 3780 1118 3843 adiiciuntur
1139 3778 1354 3858 differentiae,
1384 3785 1550 3867 statimque
1573 3804 1702 3845 necesse

379 3886 429 3939 est
451 3872 607 3936 ruinuatur
628 3873 679 3945 id,
704 3878 790 3956 qitud
814 3874 957 3955 pluribus
978 3877 1083 3938 l'uerat
1105 3890 1179 3938 ante
1202 3898 1389 3949 continuone,
1421 3888 1470 3952 et,
1509 3880 1535 3942 si
1558 3878 1618 3939 hac
1640 3876 1701 3938 ‹tit-

380 3966 534 4031 lereutiac
558 3968 716 4030 additione
739 3970 769 4031 in
793 3980 910 4031 tantum
935 3972 1059 4031 modum
1083 3971 1283 4044 decreverit,
1305 3980 1355 4047 ,ut
1378 3970 1447 4047 rei,
1486 3992 1567 4054 quae
1589 3969 1699 4033 delini·
1714 3982 1744 4029 ts

379 4073 452 4135 tur,
476 4060 530 4123 liat
553 4062 716 4145 aequalis,
742 4062 817 4125 alias
840 4062 1033 4125 differentias
1056 4064 1212 4144 colligere
1234 4075 1330 4147 atque
1351 4076 1460 4145 aptare
1482 4084 1547 4127 non
1570 4084 1700 4125 necesse

379 4153 462 4230 erit,
487 4156 543 4216 sed
565 4157 596 4217 id
618 4157 736 4236 ipsum,
762 4158 849 4238 quod
871 4156 913 4218 ita
936 4156 1095 4229 decrerit,
1130 4167 1166 4217 nt
1187 4157 1318 4239 aequale
1340 4156 1382 4220 sit
1403 4156 1454 4233 ei,
1479 4159 1565 4240 qiiod
1588 4154 1698 4217 delini·

379 4259 450 4323 tur,
481 4248 691 4311 definitionem
715 4270 782 4311 esse
806 4270 934 4313 necesse
956 4261 1016 4312 est.
1071 4254 1116 4313 Ar
1137 4248 1164 4311 si
1185 4251 1288 4312 adhuc
1309 4248 1445 4331 amplior
1465 4248 1505 4311 sit
1527 4254 1567 4310 ati
1589 4269 1624 4311 ea
1648 4270 1697 4323 re,

379 4362 461 4423 quae
485 4342 867 4425 definitumumemmus
890 4363 1017 4407 necesse
1040 4355 1087 4405 est
1111 4342 1201 4405 aliam
1224 4343 1452 4418 differentiam,
1476 4364 1537 4427 qnia
1554 4341 1697 4403 adiuncta

380 4454 527 4497 numerus
561 4436 685 4518 quidem
716 4449 857 4512 crescat,
897 4435 944 4498 vis
967 4447 1070 4499 autem
1094 4436 1351 4499 communitatum
1374 4436 1619 4499 differentiarum
1644 4436 1742 4499 id-iu
1857 4480 1873 4491 -

379 4527 501 4591 alitione
525 4530 708 4604 decrescat,
748 4530 895 4612 atqucitl
918 4530 1068 4592 hactenus
1090 4528 1289 4604 laciendum,
1327 4542 1500 4611 quatenus,
1525 4543 1559 4591 ut
1580 4530 1698 4592 dictum

378 4634 444 4697 est,
483 4644 538 4697 ea,
573 4646 655 4707 quae
685 4626 723 4685 ad
746 4623 959 4686 definitionem
982 4635 1167 4699 suiuuntur,
1203 4625 1251 4697 ei,
1289 4626 1376 4706 quod
1398 4623 1608 4687 deliniendum
1630 4634 1697 4695 rst,

379 4719 610 4800 adaequentur.
665 4718 706 4781 Ut
738 4716 836 4801 igitur
867 4716 899 4779 id
932 4739 996 4780 uun
1034 4716 1159 4781 ratione
1190 4718 1314 4792 solum,
1355 4739 1464 4780 vertam
1495 4716 1698 4781 convenienti

379 4832 509 4895 quicque
531 4812 647 4875 clarius
680 4812 735 4874 liat
769 4812 936 4893 exemplo,
974 4823 1116 4875 sumatur
1139 4832 1191 4875 res
1214 4810 1375 4879 notissima
1399 4814 1440 4873 ad
1460 4810 1699 4881 definitiooeum

378 4904 411 4967 id
433 4904 474 4969 sit
497 4906 605 4971 homo.
652 4904 755 4969 Huius
770 4903 867 4988 igitur
889 4904 930 4967 ita
948 4905 1128 4990 quaerimus
1144 4906 1367 4970 definitionem.
1404 4906 1587 4982 ⁴Suitiimns,
1612 4906 1743 4988 quouis

379 4998 408 5061 ei
438 5018 509 5061 enm
533 4997 676 5079 pluribus
699 4998 767 5062 aliis
797 5018 963 5063 commuue
987 5010 1051 5072 est,
1089 4998 1209 5073 idest,
1250 5002 1374 5063 animal.
1429 5000 1572 5064 D‘cinms
1601 4999 1699 5082 igitur

379 5090 537 5155 hominem
561 5114 628 5155 esse
655 5092 788 5167 auimal;
823 5094 959 5157 noudum
986 5106 1033 5156 est
1059 5094 1219 5161 delinitio:
1250 5094 1385 5176 primum
1408 5093 1501 5177 qrtia,
1526 5104 1559 5153 ut
1582 5092 1698 5153 dictum

378 5196 444 5265 eat,
468 5184 594 5253 nomine
616 5184 758 5253 definitio
782 5185 871 5252 reddi
893 5207 956 5253 non
978 5197 1108 5272 potest;
1144 5187 1255 5254 dehinc
1287 5187 1363 5275 quia
1395 5186 1508 5251 animal
1532 5185 1629 5255 maine
1651 5200 1700 5251 est
