4434 5959
542 592 602 653 tot
1045 586 1333 653 vlc'tottlntts

539 734 594 804 (nt.
612 726 708 803 diri),
726 711 773 787 in
796 746 861 807 qun
889 727 1021 789 docetur
1043 747 1175 809 aequuum
1202 747 1264 790 nnn
1295 746 1381 802 esse,
1416 729 1503 808 quod
1525 726 1725 811 adversarius
1747 726 1846 803 dicit,

445 810 450 818 ⁸
539 820 767 884 demonstrabit
785 840 855 881 euru
875 840 937 881 nnn
958 832 1110 898 oportere
1129 820 1246 882 audiri:
1270 841 1364 901 quitum
1384 820 1496 883 iustum
1520 842 1582 884 non
1604 822 1745 884 videatur
1760 844 1846 899 esse,

433 919 437 932 '
539 919 626 997 mund
648 912 735 975 dicit.
779 912 902 974 Deinde
923 915 1169 974 descendendum
1192 912 1251 973 erit
1272 914 1310 973 ad
1331 914 1559 993 assumptivae
1576 915 1751 996 qualitatis
1770 936 1848 996 spe·

539 1008 603 1069 cies
626 1027 684 1086 per
710 1017 858 1067 tractatus
880 1008 920 1065 ab
942 1025 998 1078 eo,
1033 1005 1086 1087 qrri
1117 1005 1236 1083 scripto
1266 1003 1395 1079 nititur,
1433 1006 1477 1067 uti
1506 1026 1562 1086 per
1589 1026 1624 1068 ea
1655 1019 1845 1087 praecepta,

514 1095 618 1181 aquae
640 1120 734 1177 supra
757 1101 827 1159 data
850 1110 939 1171 stunt,
962 1096 1246 1179 compensationis
1263 1110 1293 1158 et
1309 1098 1504 1173 relationis,
1529 1100 1747 1175 remotionis,
1763 1122 1848 1165 eon·

537 1192 699 1255 cessionis
724 1192 861 1269 explicet
890 1192 981 1255 iocos
1010 1190 1108 1271 partis
1137 1210 1227 1263 suae,
1263 1188 1314 1272 qui
1338 1190 1445 1251 nititur
1466 1202 1588 1298 contra,
1606 1212 1698 1267 eum,
1730 1193 1783 1275 qui
1810 1214 1847 1255 se

538 1287 701 1347 voiuntate
724 1283 879 1357 defendit,
917 1286 1125 1363 supponendo
1156 1302 1280 1343 catinam
1311 1304 1351 1343 ex
1374 1282 1451 1345 iocis
1476 1286 1705 1365 nsnrnmptieae
1733 1286 1848 1369 qrraii-

536 1381 642 1441 satie:
659 1377 769 1438 deinde
790 1378 929 1439 rationes
952 1377 1129 1437 afferendae
1149 1386 1267 1436 suntet
1286 1396 1417 1447 censae,
1442 1396 1539 1455 qttare
1562 1388 1614 1447 aaut
1636 1375 1667 1437 in
1691 1377 1762 1460 iege
1787 1390 1845 1439 sut

537 1471 566 1532 in
594 1481 779 1531 testauiento
809 1468 850 1530 ita
880 1470 1029 1549 seriptum
1057 1468 1116 1541 sit,
1153 1469 1239 1549 quod
1266 1466 1500 1547 scriptumest:
1541 1482 1574 1531 ut
1599 1492 1639 1531 ex
1662 1472 1724 1534 hoe
1746 1474 1846 1535 modo

496 1582 600 1629 norton
622 1562 736 1641 scripta
767 1571 883 1621 tantum
906 1562 1091 1631 defendere,
1129 1580 1239 1622 verum
1269 1561 1444 1623 tolitntates
1473 1561 1676 1643 interpretari
1698 1564 1846 1627 videatur

536 1655 608 1731 iiie,
633 1655 686 1735 qui
708 1655 824 1734 scripta
848 1652 999 1715 defendit.

618 1747 772 1811 Primum
800 1748 896 1807 nadia
923 1745 960 1807 in
988 1748 1062 1828 iege
1089 1747 1194 1807 rdiam
1225 1742 1380 1823 carerem]
1437 1748 1612 1829 Praecepta
1643 1747 1845 1829 partitionis,

536 1840 650 1925 quibus
673 1838 718 1902 uti
740 1841 850 1901 debeat
874 1840 918 1911 is,
942 1839 996 1918 qui
1016 1860 1057 1903 se.
1072 1839 1193 1919 scripto
1217 1838 1366 1901 defendit.

619 1931 737 1995 Prima
757 1952 845 2012 pars
865 1931 919 1993 iris
928 1928 1019 2020 fere
1046 1931 1130 1993 iorie
1159 1930 1436 2011 confirmabitur]
1460 1931 1497 1995 In
1524 1933 1607 1996 nulia
1627 1934 1698 2019 lege
1717 1954 1845 1995 eanssrn

493 2038 524 2091 tt
536 2024 636 2106 accipi
658 2035 825 2105 oportere.

616 2117 750 2181 Deinde
770 2117 852 2179 item
871 2115 1063 2203 quaerere]
1093 2116 1308 2178 Hortarium
1330 2138 1389 2198 per
1409 2116 1637 2195 inductionem,
1660 2130 1695 2183 ut
1718 2140 1758 2182 ex
1779 2140 1844 2197 eo,

534 2213 621 2294 qnod
641 2211 844 2285 conceditur,
867 2211 918 2286 id,
943 2216 1030 2295 qnod
1046 2230 1110 2274 non
1132 2210 1335 2283 conceditur,
1360 2210 1579 2274 concludatur.

617 2304 773 2384 Secunda
790 2324 871 2385 para
893 2315 956 2377 est,
977 2304 1013 2365 in
1032 2325 1101 2386 quo
1122 2315 1172 2365 est
1193 2303 1452 2378 ostendendum,
1476 2303 1507 2366 si
1521 2303 1557 2365 in
1571 2305 1691 2367 ceteris
1705 2305 1844 2386 iegibus

534 2407 707 2477 oporteat,
744 2395 780 2457 in
805 2398 868 2457 irae
894 2417 962 2457 non
983 2396 1154 2478 oportere]
1193 2398 1334 2459 Secunda
1362 2416 1437 2477 pars
1467 2396 1575 2477 incipit
1602 2400 1640 2459 de
1670 2398 1844 2478 partitione

490 2488 620 2561 ²⁰eius,
644 2488 697 2569 qui
719 2498 830 2551 eontra
852 2489 1035 2550 sententiam
1058 2489 1210 2570 scripturn
1233 2488 1382 2551 defendit.

619 2582 658 2643 Si
679 2582 762 2664 qnid
791 2581 901 2663 igitur
930 2604 977 2643 ex
1005 2585 1067 2644 irae
1095 2583 1172 2663 ipsa
1197 2581 1373 2664 quidpiam
1398 2594 1577 2645 aecusator
1604 2582 1760 2665 deroget]
1801 2582 1845 2645 Id

537 2685 603 2748 est,
627 2666 794 2756 aequitate.
839 2673 995 2750 eroniam
1023 2674 1095 2747 iiie,
1130 2674 1183 2757 qui
1213 2696 1247 2737 se
1269 2672 1419 2737 sententia
1443 2675 1597 2747 defendit,
1627 2686 1739 2736 contra
1761 2674 1843 2737 seri-

535 2777 625 2852 ptum
645 2766 832 2849 aequitatem
854 2768 947 2827 debet
966 2787 1129 2844 asserere,
1152 2767 1328 2829 necessario
1347 2766 1394 2843 is,
1418 2768 1472 2850 qui
1490 2788 1524 2831 se
1543 2767 1663 2849 scripto
1688 2768 1841 2843 defendit,

530 2862 621 2935 debet
643 2879 754 2923 rursus
778 2854 945 2921 detrahere
968 2860 1129 2941 aequitati.

486 2948 518 2999 ²⁵
612 2956 742 3017 Contra
763 2952 931 3033 scriptum
950 2963 1064 3014 antem
1084 2952 1143 3035 qui
1168 2951 1270 3025 dicet,
1292 2950 1444 3033 primum
1460 2973 1536 3016 eum
1554 2952 1689 3015 inducet
1712 2954 1841 3029 locum,

524 3066 709 3129 perquem
733 3046 888 3129 aeqreitne
918 3066 1042 3106 emesae
1076 3046 1341 3125 demonstretur]
1391 3048 1483 3107 Nunc
1504 3057 1653 3107 tractatus
1676 3055 1725 3107 est
1750 3046 1840 3121 eins,

529 3138 583 3221 qui
608 3139 768 3199 uoluntate
799 3158 832 3199 se
859 3148 964 3198 tuetur
993 3149 1105 3198 contra
1140 3135 1309 3216 scriptum,
1346 3140 1432 3220 quod
1459 3159 1554 3219 supra
1576 3149 1743 3213 tractatum
1770 3150 1838 3215 est;

528 3229 618 3315 isqtre
648 3230 777 3291 inducet
800 3228 934 3310 primum
968 3229 1072 3291 inerim
1098 3227 1283 3310 aequitatis,
1320 3241 1356 3291 ut
1375 3220 1539 3305 ostendat,
1576 3253 1657 3314 quiae
1680 3242 1711 3295 et
1736 3232 1841 3314 qualis

529 3319 580 3383 iiie
599 3319 637 3381 sit
658 3340 770 3393 carisa,
794 3341 887 3404 quam
904 3322 1048 3393 adhibet,
1071 3342 1130 3403 per
1144 3322 1432 3401 interpretationem
1450 3323 1545 3405 legis:
1570 3324 1679 3386 deinde
1704 3344 1843 3386 assum·

485 3416 518 3466 ³⁰
523 3412 639 3494 ptinere
656 3413 770 3495 partis
799 3412 949 3497 cuiusque
971 3426 1141 3495 praecepta
1169 3415 1310 3476 servabit
1332 3415 1460 3476 diceus:
1498 3418 1572 3478 Hoc
1593 3416 1730 3499 quidem
1751 3416 1841 3478 seri·

523 3516 626 3585 ptum
645 3504 680 3565 in
707 3506 781 3585 lege
802 3516 873 3576 est‚·
907 3504 968 3567 sed
987 3526 1053 3587 ego
1072 3504 1174 3596 feei,
1209 3517 1246 3568 ut
1272 3507 1487 3588 prodessem
1517 3505 1568 3567 vei
1593 3508 1733 3591 reiiqun,
1757 3528 1842 3591 quae

527 3595 759 3679 assumptione
780 3606 852 3657 sunt
875 3596 1071 3681 qualitatie5
1100 3610 1133 3660 ut
1155 3598 1238 3660 faeta
1260 3597 1328 3680 ipsa
1351 3619 1406 3661 sua
1434 3610 1596 3662 enumeret
1624 3610 1655 3661 et
1682 3620 1842 3683 exsequa-

619 3864 646 3918 it.
666 3864 849 3933 assumptivae
868 3859 1009 3933 qnsiitstis
1028 3860 1145 3933 speeies]
1166 3862 1243 3930 Qnse
1263 3875 1325 3913 sunt
1345 3866 1532 3930 compensatio
1557 3866 1617 3929 (sen
1637 3862 1841 3938 comparatio),

523 3934 643 3997 relatio,
663 3940 781 3987 remotio
806 3944 836 3987 et
854 3941 1010 3995 concessio:
1029 3936 1061 3987 de
1080 3940 1179 4006 quibus
1200 3941 1254 3989 ism
1278 3950 1359 4007 snprn
1376 3936 1482 3988 dietam
1501 3950 1550 3991 est.
1570 3942 1658 3991 Care.

621 4009 692 4063 ibid.
711 4038 748 4052 -
765 4018 929 4065 tractatum.
949 4010 1018 4065 cod.
1036 4011 1101 4063 Bss.

618 4089 646 4141 5.
665 4085 750 4153 dats]
772 4082 840 4137 cod
861 4087 924 4137 Bne.
942 4114 980 4128 -
998 4085 1075 4136 dicta
1093 4082 1165 4137 Edd.
1186 4083 1237 4139 Os.

604 4165 647 4215 io.
666 4166 839 4230 transcripta
858 4166 967 4211 tanturn
986 4158 1148 4228 defendere]
1169 4160 1334 4211 Pertionism
1351 4175 1415 4221 non,
1435 4173 1503 4228 qnae
1522 4156 1568 4209 hie
1581 4156 1691 4225 deerat,
1711 4164 1836 4215 restitni-

528 4227 589 4285 rnns
608 4238 698 4304 primo
722 4240 787 4305 quis
805 4236 948 4287 Ciceronis
965 4234 1066 4300 verbs,
1097 4232 1130 4285 nd
1150 4249 1218 4302 qnae
1235 4234 1372 4287 Victorini
1392 4238 1605 4285 commentarius
1629 4232 1762 4301 refertur,
1794 4240 1837 4290 sie

526 4306 645 4361 hebent:
672 4326 759 4380 quare
779 4346 786 4362 .
808 4345 816 4361 .
836 4346 844 4362 .
864 4314 907 4359 ita
934 4312 1000 4362 sit.
1020 4346 1028 4361 .
1047 4346 1055 4361 .
1076 4346 1083 4363 .
1111 4314 1262 4377 scripturn,
1294 4316 1324 4359 ni
1351 4313 1488 4357 sententia
1511 4324 1612 4378 qttoqne
1638 4317 1667 4359 et
1685 4310 1836 4361 volumtate

523 4387 682 4450 scriptoris,
702 4400 759 4434 non
779 4389 841 4450 ipse
858 4384 947 4435 enicem
966 4388 1123 4454 scripturae
1146 4400 1231 4433 sarira
1251 4382 1447 4453 confirmatum
1467 4400 1525 4433 esse
1542 4384 1692 4442 videatnrr
1710 4385 1835 4437 seeundo

522 4460 587 4525 qnia
607 4458 764 4510 Victorinus
784 4463 842 4529 ipse
855 4462 897 4510 sic
917 4458 1040 4528 loquitur
1056 4462 1084 4509 in
1098 4460 1348 4527 consequentibns:
1366 4454 1590 4526 quaemadmodum
1603 4458 1645 4508 iiii
1658 4463 1712 4527 ipsi
1723 4476 1834 4527 supra,

521 4536 569 4598 qni
586 4548 616 4580 ss
633 4539 737 4603 scripta
754 4531 898 4602 defendit,
924 4538 967 4583 ita
984 4539 1186 4601 praeceperat,
1216 4540 1247 4583 ut
1266 4550 1321 4583 non
1340 4530 1401 4580 soia
1420 4532 1506 4591 uerba
1527 4534 1755 4600 amplecteretur,
1784 4534 1836 4585 ssd

520 4609 607 4656 etiarn
629 4611 777 4675 scriptoris
793 4606 952 4657 ostenderet
969 4607 1155 4658 volumtatem.
1175 4606 1262 4659 Care.
1299 4608 1360 4672 (Est
1380 4622 1434 4655 non
1455 4610 1482 4657 in
1503 4607 1569 4657 Cod.
1590 4610 1652 4659 iiss.
1674 4609 1736 4659 dee.
1763 4606 1833 4672 Os.)

594 4686 640 4737 21.
659 4682 796 4752 Siquidem
815 4686 959 4748 igiturex
980 4679 1031 4732 tae
1049 4686 1112 4748 ipsa
1132 4682 1197 4746 eeu]
1219 4680 1297 4753 Apud
1311 4685 1470 4735 ciceronem
1485 4680 1599 4752 iegitur:
1618 4687 1643 4732 ei
1656 4680 1724 4751 quid
1740 4686 1833 4750 igitur

517 4768 572 4808 est.
592 4754 680 4808 Cane.
718 4754 766 4828 (Et
786 4758 825 4807 sie
844 4771 918 4807 reete
939 4753 1007 4807 end.
1028 4756 1088 4807 Bas.
1111 4757 1176 4816 On.)

536 4855 539 4862 ·
590 4831 637 4885 32.
674 4847 743 4899 puae
771 4836 959 4899 assumptivae
977 4837 1042 4881 seint
1061 4832 1218 4899 quantitatis]
1245 4828 1282 4881 Et
1301 4827 1410 4901 quidem
1432 4832 1460 4881 ia
1480 4842 1510 4879 es
1530 4833 1635 4899 speeie,
1656 4844 1724 4898 quae
1741 4844 1830 4883 sors-

515 4916 561 4955 tnr
582 4908 812 4973 compensativa,
832 4910 1019 4973 compensatio
1038 4919 1065 4956 et
1085 4910 1277 4975 comparative
1302 4902 1335 4957 de
1354 4919 1407 4975 qne
1427 4909 1456 4957 in
1476 4902 1701 4975 praecedentibus
1719 4903 1830 4959 dietant

513 4992 557 5031 est
576 4994 635 5031 non
654 4980 748 5032 semei.
769 4981 850 5032 Cere.
1105 4983 1109 4991 “

591 5049 663 5109 ibid.
683 5058 746 5123 ipsa
764 5057 828 5120 sua]
849 5056 890 5107 dn
909 5056 967 5126 ipse
984 5052 1057 5105 saa?
1074 5052 1132 5106 Os.
