<?xml version="1.0" encoding="UTF-8"?>
<!DOCTYPE html PUBLIC "-//W3C//DTD XHTML 1.0 Transitional//EN"
    "http://www.w3.org/TR/xhtml1/DTD/xhtml1-transitional.dtd">
<html xmlns="http://www.w3.org/1999/xhtml" xml:lang="en" lang="en">
 <head>
  <title>
</title>
<meta http-equiv="Content-Type" content="text/html;charset=utf-8" />
  <meta name='ocr-system' content='tesseract 3.04.00' />
  <meta name='ocr-capabilities' content='ocr_page ocr_carea ocr_par ocr_line ocrx_word'/>
</head>
<body>
  <div class='ocr_page' id='page_1' title='image "./operaquaesupers09halmgoog/operaquaesupers09halmgoog_0222.png"; bbox 0 0 4434 5959; ppageno 0'>
   <div class='ocr_carea' id='block_1_1' title="bbox 536 597 1398 667">
    <p class='ocr_par' dir='ltr' id='par_1_1' title="bbox 536 597 1398 667">
     <span class='ocr_line' id='line_1_1' title="bbox 536 597 1398 667; baseline 0.001 -2"><span class='ocrx_word' id='word_1_1' title='bbox 536 601 597 667; x_wconf 79' lang='lat'><strong>206</strong></span> <span class='ocrx_word' id='word_1_2' title='bbox 977 597 1019 664; x_wconf 86' lang='lat' dir='ltr'><strong>C.</strong></span> <span class='ocrx_word' id='word_1_3' title='bbox 1040 599 1196 666; x_wconf 88' lang='lat' dir='ltr'>IULIUS</span> <span class='ocrx_word' id='word_1_4' title='bbox 1219 597 1398 666; x_wconf 80' lang='lat' dir='ltr'><strong>vtcTuo</strong></span> 
     </span>
    </p>
   </div>
   <div class='ocr_carea' id='block_1_2' title="bbox 908 823 1464 902">
    <p class='ocr_par' dir='ltr' id='par_1_2' title="bbox 908 823 1464 902">
     <span class='ocr_line' id='line_1_2' title="bbox 908 823 1464 902; baseline 0.002 -15"><span class='ocrx_word' id='word_1_5' title='bbox 908 829 940 902; x_wconf 85' lang='lat'><strong>§.</strong></span> <span class='ocrx_word' id='word_1_6' title='bbox 965 823 1013 891; x_wconf 80' lang='lat' dir='ltr'><strong>tt.</strong></span> <span class='ocrx_word' id='word_1_7' title='bbox 1034 823 1096 888; x_wconf 88' lang='lat' dir='ltr'><strong>DE</strong></span> <span class='ocrx_word' id='word_1_8' title='bbox 1118 824 1464 892; x_wconf 79' lang='lat' dir='ltr'><strong>AMBIGUITATE.</strong></span> 
     </span>
    </p>
   </div>
   <div class='ocr_carea' id='block_1_3' title="bbox 435 972 1845 2361">
    <p class='ocr_par' dir='ltr' id='par_1_3' title="bbox 530 972 1845 1246">
     <span class='ocr_line' id='line_1_3' title="bbox 608 972 1845 1060; baseline -0.004 -20"><span class='ocrx_word' id='word_1_9' title='bbox 608 974 818 1060; x_wconf 79' lang='lat' dir='ltr'><strong>&#39;Ambiguitas</strong></span> <span class='ocrx_word' id='word_1_10' title='bbox 841 983 909 1049; x_wconf 88' lang='lat' dir='ltr'><strong>est,</strong></span> <span class='ocrx_word' id='word_1_11' title='bbox 947 973 1093 1060; x_wconf 88' lang='lat' dir='ltr'><strong>quotiens</strong></span> <span class='ocrx_word' id='word_1_12' title='bbox 1114 973 1202 1038; x_wconf 86' lang='lat' dir='ltr'><strong>varia</strong></span> <span class='ocrx_word' id='word_1_13' title='bbox 1226 972 1483 1054; x_wconf 76' lang='lat' dir='ltr'><strong>pronuntiatione</strong></span> <span class='ocrx_word' id='word_1_14' title='bbox 1505 974 1558 1037; x_wconf 86' lang='lat' dir='ltr'><strong>vel</strong></span> <span class='ocrx_word' id='word_1_15' title='bbox 1577 975 1662 1038; x_wconf 85' lang='lat' dir='ltr'><strong>varia</strong></span> <span class='ocrx_word' id='word_1_16' title='bbox 1685 977 1845 1060; x_wconf 72' lang='lat' dir='ltr'><strong>significa.</strong></span> 
     </span>
     <span class='ocr_line' id='line_1_4' title="bbox 530 1065 1841 1153; baseline 0.001 -21"><span class='ocrx_word' id='word_1_17' title='bbox 530 1070 615 1134; x_wconf 89' lang='lat' dir='ltr'><strong>tione</strong></span> <span class='ocrx_word' id='word_1_18' title='bbox 636 1069 780 1153; x_wconf 81' lang='lat' dir='ltr'>quaestio</span> <span class='ocrx_word' id='word_1_19' title='bbox 804 1068 951 1130; x_wconf 84' lang='lat' dir='ltr'><strong>nascitur.</strong></span> <span class='ocrx_word' id='word_1_20' title='bbox 995 1068 1048 1132; x_wconf 83' lang='lat' dir='ltr'><strong>Fit</strong></span> <span class='ocrx_word' id='word_1_21' title='bbox 1069 1078 1170 1130; x_wconf 74' lang='lat' dir='ltr'><strong>nartem</strong></span> <span class='ocrx_word' id='word_1_22' title='bbox 1194 1066 1244 1129; x_wconf 84' lang='lat' dir='ltr'><strong>vel</strong></span> <span class='ocrx_word' id='word_1_23' title='bbox 1265 1065 1295 1128; x_wconf 92' lang='lat' dir='ltr'><strong>in</strong></span> <span class='ocrx_word' id='word_1_24' title='bbox 1315 1067 1435 1146; x_wconf 88' lang='lat' dir='ltr'><strong>scripto</strong></span> <span class='ocrx_word' id='word_1_25' title='bbox 1454 1065 1555 1130; x_wconf 82' lang='lat' dir='ltr'><strong>velia</strong></span> <span class='ocrx_word' id='word_1_26' title='bbox 1578 1068 1744 1133; x_wconf 82' lang='lat' dir='ltr'><strong>volrrntate</strong></span> <span class='ocrx_word' id='word_1_27' title='bbox 1758 1071 1841 1133; x_wconf 91' lang='lat' dir='ltr'><strong>scri·</strong></span> 
     </span>
     <span class='ocr_line' id='line_1_5' title="bbox 531 1159 1842 1246; baseline 0.001 -21"><span class='ocrx_word' id='word_1_28' title='bbox 531 1165 589 1246; x_wconf 91' lang='lat' dir='ltr'><strong>pti.</strong></span> <span class='ocrx_word' id='word_1_29' title='bbox 646 1162 684 1225; x_wconf 91' lang='lat' dir='ltr'><strong>ln</strong></span> <span class='ocrx_word' id='word_1_30' title='bbox 710 1163 830 1243; x_wconf 88' lang='lat' dir='ltr'><strong>scripto</strong></span> <span class='ocrx_word' id='word_1_31' title='bbox 860 1171 914 1223; x_wconf 91' lang='lat' dir='ltr'><strong>aut</strong></span> <span class='ocrx_word' id='word_1_32' title='bbox 940 1181 1000 1244; x_wconf 89' lang='lat' dir='ltr'><strong>per</strong></span> <span class='ocrx_word' id='word_1_33' title='bbox 1022 1160 1251 1222; x_wconf 80' lang='lat' dir='ltr'><strong>distinctionem</strong></span> <span class='ocrx_word' id='word_1_34' title='bbox 1277 1159 1312 1221; x_wconf 90' lang='lat' dir='ltr'><strong>lit</strong></span> <span class='ocrx_word' id='word_1_35' title='bbox 1335 1170 1388 1222; x_wconf 83' lang='lat' dir='ltr'><strong>aut</strong></span> <span class='ocrx_word' id='word_1_36' title='bbox 1408 1179 1465 1241; x_wconf 86' lang='lat' dir='ltr'><strong>per</strong></span> <span class='ocrx_word' id='word_1_37' title='bbox 1487 1159 1717 1224; x_wconf 88' lang='lat' dir='ltr'><strong>similitudinem</strong></span> <span class='ocrx_word' id='word_1_38' title='bbox 1738 1163 1842 1227; x_wconf 88' lang='lat' dir='ltr'><strong>nomi·</strong></span> 
     </span>
    </p>

    <p class='ocr_par' dir='ltr' id='par_1_4' title="bbox 506 1251 1843 1706">
     <span class='ocr_line' id='line_1_6' title="bbox 506 1251 1843 1338; baseline -0.001 -19"><span class='ocrx_word' id='word_1_39' title='bbox 506 1265 621 1331; x_wconf 75' lang='lat' dir='ltr'><strong>Suum,</strong></span> <span class='ocrx_word' id='word_1_40' title='bbox 639 1257 723 1337; x_wconf 93' lang='lat' dir='ltr'><strong>quod</strong></span> <span class='ocrx_word' id='word_1_41' title='bbox 744 1265 791 1317; x_wconf 87' lang='lat' dir='ltr'><strong>est</strong></span> <span class='ocrx_word' id='word_1_42' title='bbox 813 1252 994 1338; x_wconf 82' lang='grc' dir='ltr'><strong><em>ὁμωνυμία.</em></strong></span> <span class='ocrx_word' id='word_1_43' title='bbox 1038 1254 1103 1316; x_wconf 86' lang='lat' dir='ltr'><strong>Per</strong></span> <span class='ocrx_word' id='word_1_44' title='bbox 1125 1252 1356 1316; x_wconf 88' lang='lat' dir='ltr'><strong>distinctionem</strong></span> <span class='ocrx_word' id='word_1_45' title='bbox 1374 1251 1409 1315; x_wconf 84' lang='lat' dir='ltr'><strong>lit</strong></span> <span class='ocrx_word' id='word_1_46' title='bbox 1425 1252 1488 1315; x_wconf 87' lang='lat' dir='ltr'><strong>sic:</strong></span> <span class='ocrx_word' id='word_1_47' title='bbox 1510 1253 1672 1336; x_wconf 79' lang='lat' dir='ltr'><strong>preriurus</strong></span> <span class='ocrx_word' id='word_1_48' title='bbox 1686 1255 1843 1318; x_wconf 84' lang='lat' dir='ltr'><strong>terdena</strong></span> 
     </span>
     <span class='ocr_line' id='line_1_7' title="bbox 530 1345 1842 1430; baseline -0.002 -18"><span class='ocrx_word' id='word_1_49' title='bbox 530 1350 626 1414; x_wconf 89' lang='lat' dir='ltr'><strong>milia</strong></span> <span class='ocrx_word' id='word_1_50' title='bbox 641 1351 768 1412; x_wconf 71' lang='lat' dir='ltr'><strong>solum:</strong></span> <span class='ocrx_word' id='word_1_51' title='bbox 784 1347 1003 1430; x_wconf 83' lang='lat' dir='ltr'><strong>periuratum</strong></span> <span class='ocrx_word' id='word_1_52' title='bbox 1021 1349 1142 1420; x_wconf 72' lang='lat' dir='ltr'><strong>semel,⁸</strong></span> <span class='ocrx_word' id='word_1_53' title='bbox 1161 1357 1327 1428; x_wconf 85' lang='lat' dir='ltr'><strong>petuntur</strong></span> <span class='ocrx_word' id='word_1_54' title='bbox 1343 1347 1388 1408; x_wconf 77' lang='lat' dir='ltr'><strong>ab</strong></span> <span class='ocrx_word' id='word_1_55' title='bbox 1404 1367 1445 1409; x_wconf 86' lang='lat' dir='ltr'><strong>eo</strong></span> <span class='ocrx_word' id='word_1_56' title='bbox 1464 1347 1611 1429; x_wconf 81' lang='lat' dir='ltr'><strong>triginta</strong></span> <span class='ocrx_word' id='word_1_57' title='bbox 1634 1345 1741 1410; x_wconf 88' lang='lat' dir='ltr'><strong>milia.</strong></span> <span class='ocrx_word' id='word_1_58' title='bbox 1786 1347 1842 1411; x_wconf 86' lang='lat' dir='ltr'><strong>Sic</strong></span> 
     </span>
     <span class='ocr_line' id='line_1_8' title="bbox 529 1430 1838 1522; baseline 0.002 -22"><span class='ocrx_word' id='word_1_59' title='bbox 529 1443 610 1504; x_wconf 88' lang='lat' dir='ltr'><strong>euim</strong></span> <span class='ocrx_word' id='word_1_60' title='bbox 630 1449 731 1505; x_wconf 85' lang='lat' dir='ltr'><strong>totum</strong></span> <span class='ocrx_word' id='word_1_61' title='bbox 754 1439 783 1502; x_wconf 88' lang='lat' dir='ltr'><strong>in</strong></span> <span class='ocrx_word' id='word_1_62' title='bbox 810 1439 1008 1504; x_wconf 90' lang='lat' dir='ltr'><strong>distinctione</strong></span> <span class='ocrx_word' id='word_1_63' title='bbox 1037 1439 1199 1514; x_wconf 80' lang='lat' dir='ltr'><strong>consistit,</strong></span> <span class='ocrx_word' id='word_1_64' title='bbox 1235 1451 1339 1502; x_wconf 90' lang='lat' dir='ltr'><strong>utrum</strong></span> <span class='ocrx_word' id='word_1_65' title='bbox 1371 1439 1556 1522; x_wconf 79' lang='lat' dir='ltr'><strong>pronunties</strong></span> <span class='ocrx_word' id='word_1_66' title='bbox 1577 1430 1743 1521; x_wconf 72' lang='lat' dir='ltr'><strong>perirer&#39;us</strong></span> <span class='ocrx_word' id='word_1_67' title='bbox 1765 1451 1838 1516; x_wconf 84' lang='lat' dir='ltr'><strong>ter,</strong></span> 
     </span>
     <span class='ocr_line' id='line_1_9' title="bbox 530 1531 1842 1616; baseline 0 -20"><span class='ocrx_word' id='word_1_68' title='bbox 530 1556 568 1596; x_wconf 88' lang='lat' dir='ltr'><strong>aa</strong></span> <span class='ocrx_word' id='word_1_69' title='bbox 591 1555 669 1598; x_wconf 86' lang='lat' dir='ltr'><strong>vero</strong></span> <span class='ocrx_word' id='word_1_70' title='bbox 687 1531 867 1616; x_wconf 84' lang='lat' dir='ltr'><strong>periurus,</strong></span> <span class='ocrx_word' id='word_1_71' title='bbox 890 1543 922 1594; x_wconf 90' lang='lat' dir='ltr'><strong>et</strong></span> <span class='ocrx_word' id='word_1_72' title='bbox 941 1531 1131 1616; x_wconf 86' lang='lat' dir='ltr'><strong>distinguas,</strong></span> <span class='ocrx_word' id='word_1_73' title='bbox 1155 1543 1185 1593; x_wconf 91' lang='lat' dir='ltr'><strong>et</strong></span> <span class='ocrx_word' id='word_1_74' title='bbox 1206 1532 1251 1594; x_wconf 89' lang='lat' dir='ltr'><strong>sic</strong></span> <span class='ocrx_word' id='word_1_75' title='bbox 1273 1543 1381 1614; x_wconf 89' lang='lat' dir='ltr'><strong>postea</strong></span> <span class='ocrx_word' id='word_1_76' title='bbox 1405 1531 1529 1596; x_wconf 86' lang='lat' dir='ltr'><strong>adiicias</strong></span> <span class='ocrx_word' id='word_1_77' title='bbox 1551 1542 1603 1594; x_wconf 85' lang='lat' dir='ltr'><strong>ter</strong></span> <span class='ocrx_word' id='word_1_78' title='bbox 1629 1531 1720 1594; x_wconf 85' lang='lat' dir='ltr'><strong>dena</strong></span> <span class='ocrx_word' id='word_1_79' title='bbox 1744 1533 1842 1597; x_wconf 84' lang='lat' dir='ltr'><strong>milia</strong></span> 
     </span>
     <span class='ocr_line' id='line_1_10' title="bbox 529 1612 1838 1706; baseline -0.002 -15"><span class='ocrx_word' id='word_1_80' title='bbox 529 1612 597 1691; x_wconf 82' lang='lat' dir='ltr'><strong>det.</strong></span> <span class='ocrx_word' id='word_1_81' title='bbox 654 1627 720 1692; x_wconf 89' lang='lat' dir='ltr'><strong>Per</strong></span> <span class='ocrx_word' id='word_1_82' title='bbox 747 1624 976 1688; x_wconf 90' lang='lat' dir='ltr'><strong>similitudinem</strong></span> <span class='ocrx_word' id='word_1_83' title='bbox 1004 1637 1105 1687; x_wconf 84' lang='lat' dir='ltr'><strong>autern</strong></span> <span class='ocrx_word' id='word_1_84' title='bbox 1137 1623 1315 1699; x_wconf 81' lang='lat' dir='ltr'><strong>nominum,</strong></span> <span class='ocrx_word' id='word_1_85' title='bbox 1350 1625 1437 1687; x_wconf 87' lang='lat' dir='ltr'><strong>velut</strong></span> <span class='ocrx_word' id='word_1_86' title='bbox 1465 1625 1563 1686; x_wconf 76' lang='lat' dir='ltr'><strong>laenas</strong></span> <span class='ocrx_word' id='word_1_87' title='bbox 1589 1623 1635 1688; x_wconf 84' lang='lat' dir='ltr'><strong>sit</strong></span> <span class='ocrx_word' id='word_1_88' title='bbox 1657 1627 1838 1706; x_wconf 82' lang='lat' dir='ltr'><strong>Tiberius,</strong></span> 
     </span>
    </p>

    <p class='ocr_par' dir='ltr' id='par_1_5' title="bbox 488 1717 1840 2178">
     <span class='ocr_line' id='line_1_11' title="bbox 488 1717 1837 1802; baseline -0.001 -20"><span class='ocrx_word' id='word_1_89' title='bbox 488 1732 559 1785; x_wconf 83' lang='lat' dir='ltr'><strong>ttet</strong></span> <span class='ocrx_word' id='word_1_90' title='bbox 581 1720 668 1782; x_wconf 84' lang='lat' dir='ltr'><strong>rntrlti</strong></span> <span class='ocrx_word' id='word_1_91' title='bbox 693 1718 814 1783; x_wconf 87' lang='lat' dir='ltr'><strong>Tiberii</strong></span> <span class='ocrx_word' id='word_1_92' title='bbox 846 1717 1020 1800; x_wconf 84' lang='lat' dir='ltr'><strong>atubigsnt;</strong></span> <span class='ocrx_word' id='word_1_93' title='bbox 1055 1719 1106 1780; x_wconf 83' lang='lat' dir='ltr'><strong>vel</strong></span> <span class='ocrx_word' id='word_1_94' title='bbox 1133 1741 1226 1802; x_wconf 88' lang='lat' dir='ltr'><strong>quum</strong></span> <span class='ocrx_word' id='word_1_95' title='bbox 1262 1719 1398 1802; x_wconf 86' lang='lat' dir='ltr'><strong>legatur·</strong></span> <span class='ocrx_word' id='word_1_96' title='bbox 1431 1729 1572 1791; x_wconf 76' lang='lat' dir='ltr'><strong>tarum,</strong></span> <span class='ocrx_word' id='word_1_97' title='bbox 1594 1727 1626 1778; x_wconf 88' lang='lat' dir='ltr'><strong>et</strong></span> <span class='ocrx_word' id='word_1_98' title='bbox 1657 1717 1837 1800; x_wconf 86' lang='lat' dir='ltr'><strong>quaeritur,</strong></span> 
     </span>
     <span class='ocr_line' id='line_1_12' title="bbox 527 1811 1840 1895; baseline -0.001 -18"><span class='ocrx_word' id='word_1_99' title='bbox 527 1827 643 1877; x_wconf 86' lang='lat' dir='ltr'><strong>utrum</strong></span> <span class='ocrx_word' id='word_1_100' title='bbox 664 1814 790 1888; x_wconf 85' lang='lat' dir='ltr'><strong>bouem,</strong></span> <span class='ocrx_word' id='word_1_101' title='bbox 813 1833 859 1873; x_wconf 88' lang='lat' dir='ltr'><strong>an</strong></span> <span class='ocrx_word' id='word_1_102' title='bbox 882 1831 1018 1873; x_wconf 83' lang='lat' dir='ltr'><strong>sernum</strong></span> <span class='ocrx_word' id='word_1_103' title='bbox 1038 1813 1194 1874; x_wconf 83' lang='lat' dir='ltr'><strong>Taurum</strong></span> <span class='ocrx_word' id='word_1_104' title='bbox 1216 1813 1402 1895; x_wconf 76' lang='lat' dir='ltr'><strong>legaverit,</strong></span> <span class='ocrx_word' id='word_1_105' title='bbox 1425 1811 1557 1875; x_wconf 78' lang='lat' dir='ltr'><strong>attalia.</strong></span> <span class='ocrx_word' id='word_1_106' title='bbox 1601 1811 1668 1872; x_wconf 88' lang='lat' dir='ltr'><strong>Per</strong></span> <span class='ocrx_word' id='word_1_107' title='bbox 1690 1813 1840 1876; x_wconf 76' lang='lat' dir='ltr'><strong>volumta-</strong></span> 
     </span>
     <span class='ocr_line' id='line_1_13' title="bbox 528 1903 1839 1989; baseline -0.002 -19"><span class='ocrx_word' id='word_1_108' title='bbox 528 1921 591 1970; x_wconf 93' lang='lat' dir='ltr'><strong>tem</strong></span> <span class='ocrx_word' id='word_1_109' title='bbox 614 1926 693 1969; x_wconf 85' lang='lat' dir='ltr'><strong>vero</strong></span> <span class='ocrx_word' id='word_1_110' title='bbox 719 1906 755 1967; x_wconf 90' lang='lat' dir='ltr'><strong>lit</strong></span> <span class='ocrx_word' id='word_1_111' title='bbox 780 1903 983 1986; x_wconf 75' lang='lat' dir='ltr'><strong>ambiguitas,</strong></span> <span class='ocrx_word' id='word_1_112' title='bbox 1018 1925 1112 1986; x_wconf 89' lang='lat' dir='ltr'><strong>quum</strong></span> <span class='ocrx_word' id='word_1_113' title='bbox 1140 1916 1206 1968; x_wconf 81' lang='lat' dir='ltr'><strong>tote</strong></span> <span class='ocrx_word' id='word_1_114' title='bbox 1240 1904 1383 1989; x_wconf 79' lang='lat' dir='ltr'><strong>quaestio</strong></span> <span class='ocrx_word' id='word_1_115' title='bbox 1411 1904 1441 1967; x_wconf 94' lang='lat' dir='ltr'><strong>in</strong></span> <span class='ocrx_word' id='word_1_116' title='bbox 1475 1904 1637 1968; x_wconf 87' lang='lat' dir='ltr'><strong>voluntate</strong></span> <span class='ocrx_word' id='word_1_117' title='bbox 1667 1903 1839 1986; x_wconf 84' lang='lat' dir='ltr'><strong>scriptoris</strong></span> 
     </span>
     <span class='ocr_line' id='line_1_14' title="bbox 528 1993 1840 2080; baseline -0.005 -16"><span class='ocrx_word' id='word_1_118' title='bbox 528 1998 683 2064; x_wconf 84' lang='lat' dir='ltr'><strong>consistit.</strong></span> <span class='ocrx_word' id='word_1_119' title='bbox 725 1997 837 2060; x_wconf 89' lang='lat' dir='ltr'><strong>Veluti</strong></span> <span class='ocrx_word' id='word_1_120' title='bbox 859 1996 1069 2072; x_wconf 78' lang='lat' dir='ltr'><strong>meretrices,</strong></span> <span class='ocrx_word' id='word_1_121' title='bbox 1092 1997 1125 2060; x_wconf 85' lang='lat' dir='ltr'><strong>si</strong></span> <span class='ocrx_word' id='word_1_122' title='bbox 1144 1999 1287 2060; x_wconf 83' lang='lat' dir='ltr'><strong>ancillas</strong></span> <span class='ocrx_word' id='word_1_123' title='bbox 1307 1998 1472 2073; x_wconf 82' lang='lat' dir='ltr'><strong>habeant,</strong></span> <span class='ocrx_word' id='word_1_124' title='bbox 1497 1998 1653 2080; x_wconf 87' lang='lat' dir='ltr'><strong>publicae</strong></span> <span class='ocrx_word' id='word_1_125' title='bbox 1677 1993 1765 2056; x_wconf 83' lang='lat' dir='ltr'><strong>sint:</strong></span> <span class='ocrx_word' id='word_1_126' title='bbox 1785 1997 1840 2058; x_wconf 85' lang='lat' dir='ltr'><strong>hie</strong></span> 
     </span>
     <span class='ocr_line' id='line_1_15' title="bbox 529 2088 1839 2178; baseline -0.003 -24"><span class='ocrx_word' id='word_1_127' title='bbox 529 2094 609 2178; x_wconf 75' lang='lat' dir='ltr'><strong>enim</strong></span> <span class='ocrx_word' id='word_1_128' title='bbox 632 2113 734 2176; x_wconf 91' lang='lat' dir='ltr'><strong>neque</strong></span> <span class='ocrx_word' id='word_1_129' title='bbox 763 2090 921 2154; x_wconf 90' lang='lat' dir='ltr'><strong>distinctio</strong></span> <span class='ocrx_word' id='word_1_130' title='bbox 945 2090 1122 2152; x_wconf 89' lang='lat' dir='ltr'><strong>discernere</strong></span> <span class='ocrx_word' id='word_1_131' title='bbox 1140 2102 1248 2172; x_wconf 90' lang='lat' dir='ltr'><strong>potest</strong></span> <span class='ocrx_word' id='word_1_132' title='bbox 1274 2090 1509 2174; x_wconf 85' lang='lat' dir='ltr'><strong>quaestionem,</strong></span> <span class='ocrx_word' id='word_1_133' title='bbox 1543 2111 1601 2153; x_wconf 89' lang='lat' dir='ltr'><strong>nec</strong></span> <span class='ocrx_word' id='word_1_134' title='bbox 1633 2088 1671 2150; x_wconf 85' lang='lat' dir='ltr'><strong>de</strong></span> <span class='ocrx_word' id='word_1_135' title='bbox 1702 2089 1839 2151; x_wconf 84' lang='lat' dir='ltr'><strong>nominis</strong></span> 
     </span>
    </p>

    <p class='ocr_par' dir='ltr' id='par_1_6' title="bbox 435 2181 1836 2266">
     <span class='ocr_line' id='line_1_16' title="bbox 435 2181 1836 2266; baseline -0.001 -20"><span class='ocrx_word' id='word_1_136' title='bbox 435 2188 437 2195; x_wconf 89' lang='lat'>&#39;</span> <span class='ocrx_word' id='word_1_137' title='bbox 487 2186 728 2250; x_wconf 68' lang='lat' dir='ltr'><strong>insimilitudine</strong></span> <span class='ocrx_word' id='word_1_138' title='bbox 750 2183 914 2247; x_wconf 77' lang='lat' dir='ltr'><strong>altercatio</strong></span> <span class='ocrx_word' id='word_1_139' title='bbox 936 2183 1092 2258; x_wconf 72' lang='lat' dir='ltr'><strong>nascitur,</strong></span> <span class='ocrx_word' id='word_1_140' title='bbox 1118 2185 1173 2246; x_wconf 91' lang='lat' dir='ltr'><strong>sed</strong></span> <span class='ocrx_word' id='word_1_141' title='bbox 1195 2193 1312 2244; x_wconf 84' lang='lat' dir='ltr'><strong>tantum</strong></span> <span class='ocrx_word' id='word_1_142' title='bbox 1335 2182 1411 2266; x_wconf 92' lang='lat' dir='ltr'><strong>quid</strong></span> <span class='ocrx_word' id='word_1_143' title='bbox 1432 2182 1483 2244; x_wconf 84' lang='lat' dir='ltr'><strong>lex</strong></span> <span class='ocrx_word' id='word_1_144' title='bbox 1506 2181 1644 2246; x_wconf 85' lang='lat' dir='ltr'><strong>voluerit</strong></span> <span class='ocrx_word' id='word_1_145' title='bbox 1659 2181 1836 2264; x_wconf 84' lang='lat' dir='ltr'><strong>quaeritur,</strong></span> 
     </span>
    </p>

    <p class='ocr_par' dir='ltr' id='par_1_7' title="bbox 529 2277 1576 2361">
     <span class='ocr_line' id='line_1_17' title="bbox 529 2277 1576 2361; baseline -0.003 -20"><span class='ocrx_word' id='word_1_146' title='bbox 529 2291 632 2342; x_wconf 91' lang='lat' dir='ltr'><strong>utrum</strong></span> <span class='ocrx_word' id='word_1_147' title='bbox 649 2278 829 2342; x_wconf 72' lang='lat' dir='ltr'><strong>meretrices</strong></span> <span class='ocrx_word' id='word_1_148' title='bbox 845 2277 987 2361; x_wconf 80' lang='lat' dir='ltr'><strong>publicas</strong></span> <span class='ocrx_word' id='word_1_149' title='bbox 1009 2298 1096 2354; x_wconf 88' lang='lat' dir='ltr'><strong>esse,</strong></span> <span class='ocrx_word' id='word_1_150' title='bbox 1121 2297 1159 2338; x_wconf 88' lang='lat' dir='ltr'><strong>an</strong></span> <span class='ocrx_word' id='word_1_151' title='bbox 1182 2277 1329 2353; x_wconf 83' lang='lat' dir='ltr'><strong>ancilias,</strong></span> <span class='ocrx_word' id='word_1_152' title='bbox 1354 2296 1393 2338; x_wconf 88' lang='lat' dir='ltr'><strong>an</strong></span> <span class='ocrx_word' id='word_1_153' title='bbox 1415 2286 1576 2360; x_wconf 89' lang='lat' dir='ltr'><strong>utrasque.</strong></span> 
     </span>
    </p>
   </div>
   <div class='ocr_carea' id='block_1_4' title="bbox 811 2488 1548 2569">
    <p class='ocr_par' dir='ltr' id='par_1_8' title="bbox 811 2488 1548 2569">
     <span class='ocr_line' id='line_1_18' title="bbox 811 2488 1548 2569; baseline -0.003 -13"><span class='ocrx_word' id='word_1_154' title='bbox 811 2496 842 2569; x_wconf 85' lang='lat'><strong>§.</strong></span> <span class='ocrx_word' id='word_1_155' title='bbox 867 2488 1226 2556; x_wconf 66' lang='lat' dir='ltr'><strong>cantaremus</strong></span> <span class='ocrx_word' id='word_1_156' title='bbox 1251 2489 1548 2556; x_wconf 80' lang='lat' dir='ltr'><strong>CONTRARIIS.</strong></span> 
     </span>
    </p>
   </div>
   <div class='ocr_carea' id='block_1_5' title="bbox 474 2637 1838 4960">
    <p class='ocr_par' dir='ltr' id='par_1_9' title="bbox 474 2637 1838 4960">
     <span class='ocr_line' id='line_1_19' title="bbox 610 2637 1836 2726; baseline -0.001 -20"><span class='ocrx_word' id='word_1_157' title='bbox 610 2645 735 2726; x_wconf 80' lang='lat' dir='ltr'><strong>Legum</strong></span> <span class='ocrx_word' id='word_1_158' title='bbox 757 2638 988 2704; x_wconf 85' lang='lat' dir='ltr'><strong>contrariarum</strong></span> <span class='ocrx_word' id='word_1_159' title='bbox 1010 2649 1109 2702; x_wconf 88' lang='lat' dir='ltr'><strong>status</strong></span> <span class='ocrx_word' id='word_1_160' title='bbox 1139 2650 1203 2714; x_wconf 91' lang='lat' dir='ltr'><strong>est,</strong></span> <span class='ocrx_word' id='word_1_161' title='bbox 1242 2660 1334 2724; x_wconf 81' lang='lat' dir='ltr'><strong>qustum</strong></span> <span class='ocrx_word' id='word_1_162' title='bbox 1358 2648 1412 2701; x_wconf 86' lang='lat' dir='ltr'><strong>aut</strong></span> <span class='ocrx_word' id='word_1_163' title='bbox 1438 2640 1501 2704; x_wconf 92' lang='lat' dir='ltr'><strong>duo</strong></span> <span class='ocrx_word' id='word_1_164' title='bbox 1532 2637 1649 2720; x_wconf 82' lang='lat' dir='ltr'><strong>scripta</strong></span> <span class='ocrx_word' id='word_1_165' title='bbox 1672 2639 1836 2706; x_wconf 76' lang='lat' dir='ltr'><strong>contraria</strong></span> 
     </span>
     <span class='ocr_line' id='line_1_20' title="bbox 524 2732 1833 2815; baseline -0.001 -17"><span class='ocrx_word' id='word_1_166' title='bbox 524 2735 742 2810; x_wconf 83' lang='lat' dir='ltr'><strong>inveniuntur,</strong></span> <span class='ocrx_word' id='word_1_167' title='bbox 780 2744 812 2798; x_wconf 87' lang='lat' dir='ltr'><strong>et</strong></span> <span class='ocrx_word' id='word_1_168' title='bbox 831 2732 1070 2815; x_wconf 81' lang='lat' dir='ltr'><strong>comparatione</strong></span> <span class='ocrx_word' id='word_1_169' title='bbox 1089 2733 1119 2796; x_wconf 91' lang='lat' dir='ltr'><strong>in</strong></span> <span class='ocrx_word' id='word_1_170' title='bbox 1138 2733 1262 2796; x_wconf 81' lang='lat' dir='ltr'><strong>diversa</strong></span> <span class='ocrx_word' id='word_1_171' title='bbox 1283 2733 1441 2808; x_wconf 90' lang='lat' dir='ltr'><strong>nituntur,</strong></span> <span class='ocrx_word' id='word_1_172' title='bbox 1477 2734 1564 2815; x_wconf 90' lang='lat' dir='ltr'><strong>quod</strong></span> <span class='ocrx_word' id='word_1_173' title='bbox 1583 2751 1734 2814; x_wconf 79' lang='lat' dir='ltr'><strong>perquem</strong></span> <span class='ocrx_word' id='word_1_174' title='bbox 1757 2755 1833 2797; x_wconf 85' lang='lat' dir='ltr'><strong>raro</strong></span> 
     </span>
     <span class='ocr_line' id='line_1_21' title="bbox 482 2823 1835 2912; baseline -0.004 -16"><span class='ocrx_word' id='word_1_175' title='bbox 482 2830 656 2903; x_wconf 77' lang='lat' dir='ltr'><strong>turccidit3</strong></span> <span class='ocrx_word' id='word_1_176' title='bbox 690 2839 743 2890; x_wconf 91' lang='lat' dir='ltr'><strong>aut</strong></span> <span class='ocrx_word' id='word_1_177' title='bbox 774 2848 868 2912; x_wconf 89' lang='lat' dir='ltr'><strong>quum</strong></span> <span class='ocrx_word' id='word_1_178' title='bbox 900 2825 1062 2908; x_wconf 87' lang='lat' dir='ltr'><strong>peristasis</strong></span> <span class='ocrx_word' id='word_1_179' title='bbox 1094 2826 1183 2907; x_wconf 89' lang='lat' dir='ltr'><strong>ipsa,</strong></span> <span class='ocrx_word' id='word_1_180' title='bbox 1223 2825 1366 2910; x_wconf 81' lang='lat' dir='ltr'><strong>quamvis</strong></span> <span class='ocrx_word' id='word_1_181' title='bbox 1396 2823 1624 2888; x_wconf 83' lang='lat' dir='ltr'><strong>diversissimas</strong></span> <span class='ocrx_word' id='word_1_182' title='bbox 1650 2826 1760 2910; x_wconf 82' lang='lat' dir='ltr'><strong>leges,</strong></span> <span class='ocrx_word' id='word_1_183' title='bbox 1790 2827 1835 2890; x_wconf 79' lang='lat' dir='ltr'><strong>ita</strong></span> 
     </span>
     <span class='ocr_line' id='line_1_22' title="bbox 522 2917 1836 2994; baseline -0.002 -9"><span class='ocrx_word' id='word_1_184' title='bbox 522 2935 625 2985; x_wconf 89' lang='lat' dir='ltr'><strong>tamen</strong></span> <span class='ocrx_word' id='word_1_185' title='bbox 647 2921 820 2986; x_wconf 90' lang='lat' dir='ltr'><strong>comminus</strong></span> <span class='ocrx_word' id='word_1_186' title='bbox 841 2919 1007 2994; x_wconf 87' lang='lat' dir='ltr'><strong>conducit,</strong></span> <span class='ocrx_word' id='word_1_187' title='bbox 1031 2929 1066 2982; x_wconf 89' lang='lat' dir='ltr'><strong>ut</strong></span> <span class='ocrx_word' id='word_1_188' title='bbox 1086 2920 1268 2984; x_wconf 87' lang='lat' dir='ltr'><strong>contrariae</strong></span> <span class='ocrx_word' id='word_1_189' title='bbox 1283 2940 1351 2982; x_wconf 88' lang='lat' dir='ltr'><strong>esse</strong></span> <span class='ocrx_word' id='word_1_190' title='bbox 1366 2917 1542 2981; x_wconf 84' lang='lat' dir='ltr'><strong>videantur.</strong></span> <span class='ocrx_word' id='word_1_191' title='bbox 1587 2919 1697 2982; x_wconf 87' lang='lat' dir='ltr'><strong>Veluti</strong></span> <span class='ocrx_word' id='word_1_192' title='bbox 1719 2941 1836 2983; x_wconf 81' lang='lat' dir='ltr'><strong>saeer-</strong></span> 
     </span>
     <span class='ocr_line' id='line_1_23' title="bbox 522 3010 1835 3100; baseline 0.001 -23"><span class='ocrx_word' id='word_1_193' title='bbox 522 3017 658 3079; x_wconf 83' lang='lat' dir='ltr'><strong>dotibus</strong></span> <span class='ocrx_word' id='word_1_194' title='bbox 682 3019 805 3080; x_wconf 80' lang='lat' dir='ltr'><strong>Vestae</strong></span> <span class='ocrx_word' id='word_1_195' title='bbox 830 3014 876 3076; x_wconf 89' lang='lat' dir='ltr'><strong>sit</strong></span> <span class='ocrx_word' id='word_1_196' title='bbox 892 3025 1060 3096; x_wconf 84' lang='lat' dir='ltr'><strong>perpetua</strong></span> <span class='ocrx_word' id='word_1_197' title='bbox 1089 3013 1291 3095; x_wconf 71' lang='lat' dir='ltr'><strong>uirginitasa</strong></span> <span class='ocrx_word' id='word_1_198' title='bbox 1313 3013 1378 3076; x_wconf 83' lang='lat' dir='ltr'><strong>uiri</strong></span> <span class='ocrx_word' id='word_1_199' title='bbox 1400 3010 1517 3100; x_wconf 87' lang='lat' dir='ltr'><strong>fortes</strong></span> <span class='ocrx_word' id='word_1_200' title='bbox 1534 3014 1729 3094; x_wconf 83' lang='lat' dir='ltr'><strong>praemium</strong></span> <span class='ocrx_word' id='word_1_201' title='bbox 1745 3015 1835 3096; x_wconf 70' lang='grc' dir='ltr'><strong>(ισοίιΙ</strong></span> 
     </span>
     <span class='ocr_line' id='line_1_24' title="bbox 518 3104 1838 3198; baseline -0.002 -26"><span class='ocrx_word' id='word_1_202' title='bbox 518 3109 637 3193; x_wconf 83' lang='lat' dir='ltr'><strong>piant:</strong></span> <span class='ocrx_word' id='word_1_203' title='bbox 645 3105 802 3198; x_wconf 80' lang='lat' dir='ltr'><strong>sortiter</strong></span> <span class='ocrx_word' id='word_1_204' title='bbox 810 3104 908 3197; x_wconf 82' lang='lat' dir='ltr'><strong>feeit</strong></span> <span class='ocrx_word' id='word_1_205' title='bbox 930 3107 1092 3190; x_wconf 85' lang='lat' dir='ltr'><strong>quidam,</strong></span> <span class='ocrx_word' id='word_1_206' title='bbox 1116 3117 1149 3168; x_wconf 85' lang='lat' dir='ltr'><strong>et</strong></span> <span class='ocrx_word' id='word_1_207' title='bbox 1164 3106 1250 3188; x_wconf 85' lang='lat' dir='ltr'><strong>petit</strong></span> <span class='ocrx_word' id='word_1_208' title='bbox 1271 3105 1411 3188; x_wconf 83' lang='lat' dir='ltr'><strong>nuptias</strong></span> <span class='ocrx_word' id='word_1_209' title='bbox 1430 3105 1574 3188; x_wconf 83' lang='lat' dir='ltr'><strong>uirginis</strong></span> <span class='ocrx_word' id='word_1_210' title='bbox 1598 3109 1735 3171; x_wconf 83' lang='lat' dir='ltr'><strong>Vestae.</strong></span> <span class='ocrx_word' id='word_1_211' title='bbox 1769 3109 1838 3172; x_wconf 83' lang='lat' dir='ltr'><strong>Hic</strong></span> 
     </span>
     <span class='ocr_line' id='line_1_25' title="bbox 522 3199 1833 3283; baseline 0 -19"><span class='ocrx_word' id='word_1_212' title='bbox 522 3202 602 3264; x_wconf 87' lang='lat' dir='ltr'><strong>enirn</strong></span> <span class='ocrx_word' id='word_1_213' title='bbox 624 3200 710 3281; x_wconf 86' lang='lat' dir='ltr'><strong>ipsae</strong></span> <span class='ocrx_word' id='word_1_214' title='bbox 736 3200 825 3282; x_wconf 89' lang='lat' dir='ltr'><strong>leges</strong></span> <span class='ocrx_word' id='word_1_215' title='bbox 846 3199 1025 3262; x_wconf 81' lang='lat' dir='ltr'><strong>contrariae</strong></span> <span class='ocrx_word' id='word_1_216' title='bbox 1046 3219 1110 3262; x_wconf 89' lang='lat' dir='ltr'><strong>non</strong></span> <span class='ocrx_word' id='word_1_217' title='bbox 1130 3210 1235 3270; x_wconf 84' lang='lat' dir='ltr'><strong>erant3</strong></span> <span class='ocrx_word' id='word_1_218' title='bbox 1259 3199 1376 3282; x_wconf 81' lang='lat' dir='ltr'><strong>quippe</strong></span> <span class='ocrx_word' id='word_1_219' title='bbox 1398 3219 1436 3261; x_wconf 86' lang='lat' dir='ltr'><strong>ne</strong></span> <span class='ocrx_word' id='word_1_220' title='bbox 1458 3202 1565 3262; x_wconf 84' lang='lat' dir='ltr'><strong>eedem</strong></span> <span class='ocrx_word' id='word_1_221' title='bbox 1587 3200 1713 3283; x_wconf 88' lang='lat' dir='ltr'><strong>quidem</strong></span> <span class='ocrx_word' id='word_1_222' title='bbox 1737 3203 1775 3263; x_wconf 89' lang='lat' dir='ltr'><strong>de</strong></span> <span class='ocrx_word' id='word_1_223' title='bbox 1796 3223 1833 3265; x_wconf 89' lang='lat' dir='ltr'><strong>re</strong></span> 
     </span>
     <span class='ocr_line' id='line_1_26' title="bbox 479 3291 1833 3377; baseline 0 -20"><span class='ocrx_word' id='word_1_224' title='bbox 479 3310 510 3359; x_wconf 80' lang='lat'><strong>2⁵</strong></span> <span class='ocrx_word' id='word_1_225' title='bbox 522 3295 680 3376; x_wconf 85' lang='lat' dir='ltr'><strong>scriptae,</strong></span> <span class='ocrx_word' id='word_1_226' title='bbox 711 3294 766 3355; x_wconf 92' lang='lat' dir='ltr'><strong>sed</strong></span> <span class='ocrx_word' id='word_1_227' title='bbox 783 3292 968 3368; x_wconf 85' lang='lat' dir='ltr'><strong>incidentia,</strong></span> <span class='ocrx_word' id='word_1_228' title='bbox 1006 3311 1098 3377; x_wconf 77' lang='lat' dir='ltr'><strong>quaem</strong></span> <span class='ocrx_word' id='word_1_229' title='bbox 1129 3292 1297 3373; x_wconf 84' lang='lat' dir='ltr'><strong>peristasin</strong></span> <span class='ocrx_word' id='word_1_230' title='bbox 1319 3291 1469 3367; x_wconf 87' lang='lat' dir='ltr'><strong>dicimus,</strong></span> <span class='ocrx_word' id='word_1_231' title='bbox 1503 3294 1545 3355; x_wconf 86' lang='lat' dir='ltr'><strong>its</strong></span> <span class='ocrx_word' id='word_1_232' title='bbox 1569 3311 1620 3356; x_wconf 85' lang='lat' dir='ltr'><strong>eas</strong></span> <span class='ocrx_word' id='word_1_233' title='bbox 1641 3313 1681 3355; x_wconf 85' lang='lat' dir='ltr'><strong>ex</strong></span> <span class='ocrx_word' id='word_1_234' title='bbox 1704 3293 1833 3357; x_wconf 85' lang='lat' dir='ltr'><strong>diverso</strong></span> 
     </span>
     <span class='ocr_line' id='line_1_27' title="bbox 521 3384 1835 3472; baseline 0.002 -23"><span class='ocrx_word' id='word_1_235' title='bbox 521 3387 694 3450; x_wconf 88' lang='lat' dir='ltr'><strong>comminus</strong></span> <span class='ocrx_word' id='word_1_236' title='bbox 717 3388 846 3472; x_wconf 85' lang='lat' dir='ltr'><strong>adegit,</strong></span> <span class='ocrx_word' id='word_1_237' title='bbox 875 3400 909 3450; x_wconf 91' lang='lat' dir='ltr'><strong>ut</strong></span> <span class='ocrx_word' id='word_1_238' title='bbox 929 3406 1108 3470; x_wconf 81' lang='lat' dir='ltr'><strong>repugnare</strong></span> <span class='ocrx_word' id='word_1_239' title='bbox 1130 3384 1191 3448; x_wconf 86' lang='lat' dir='ltr'><strong>sibi</strong></span> <span class='ocrx_word' id='word_1_240' title='bbox 1217 3387 1390 3452; x_wconf 85' lang='lat' dir='ltr'><strong>videantur.</strong></span> <span class='ocrx_word' id='word_1_241' title='bbox 1434 3386 1486 3450; x_wconf 86' lang='lat' dir='ltr'><strong>Fit</strong></span> <span class='ocrx_word' id='word_1_242' title='bbox 1509 3399 1609 3450; x_wconf 85' lang='lat' dir='ltr'><strong>autem</strong></span> <span class='ocrx_word' id='word_1_243' title='bbox 1631 3387 1736 3471; x_wconf 84' lang='lat' dir='ltr'><strong>legum</strong></span> <span class='ocrx_word' id='word_1_244' title='bbox 1756 3409 1835 3452; x_wconf 91' lang='lat' dir='ltr'><strong>con·</strong></span> 
     </span>
     <span class='ocr_line' id='line_1_28' title="bbox 521 3477 1831 3562; baseline 0.001 -20"><span class='ocrx_word' id='word_1_245' title='bbox 521 3481 688 3543; x_wconf 83' lang='lat' dir='ltr'><strong>traciarum</strong></span> <span class='ocrx_word' id='word_1_246' title='bbox 706 3491 825 3555; x_wconf 88' lang='lat' dir='ltr'><strong>status,</strong></span> <span class='ocrx_word' id='word_1_247' title='bbox 849 3500 914 3545; x_wconf 90' lang='lat' dir='ltr'><strong>non</strong></span> <span class='ocrx_word' id='word_1_248' title='bbox 935 3479 1032 3543; x_wconf 90' lang='lat' dir='ltr'><strong>modo</strong></span> <span class='ocrx_word' id='word_1_249' title='bbox 1055 3499 1150 3562; x_wconf 92' lang='lat' dir='ltr'><strong>quum</strong></span> <span class='ocrx_word' id='word_1_250' title='bbox 1174 3478 1253 3540; x_wconf 74' lang='lat' dir='ltr'><strong>durae</strong></span> <span class='ocrx_word' id='word_1_251' title='bbox 1276 3478 1362 3560; x_wconf 85' lang='lat' dir='ltr'><strong>leges</strong></span> <span class='ocrx_word' id='word_1_252' title='bbox 1384 3477 1533 3542; x_wconf 82' lang='lat' dir='ltr'><strong>videntur</strong></span> <span class='ocrx_word' id='word_1_253' title='bbox 1549 3501 1617 3542; x_wconf 87' lang='lat' dir='ltr'><strong>esse</strong></span> <span class='ocrx_word' id='word_1_254' title='bbox 1638 3481 1831 3557; x_wconf 83' lang='lat' dir='ltr'><strong>contrariae,</strong></span> 
     </span>
     <span class='ocr_line' id='line_1_29' title="bbox 522 3571 1834 3656; baseline 0.002 -22"><span class='ocrx_word' id='word_1_255' title='bbox 522 3592 630 3635; x_wconf 86' lang='lat' dir='ltr'><strong>verum</strong></span> <span class='ocrx_word' id='word_1_256' title='bbox 653 3571 744 3635; x_wconf 89' lang='lat' dir='ltr'><strong>etiam</strong></span> <span class='ocrx_word' id='word_1_257' title='bbox 766 3593 860 3656; x_wconf 89' lang='lat' dir='ltr'><strong>quum</strong></span> <span class='ocrx_word' id='word_1_258' title='bbox 883 3571 988 3656; x_wconf 85' lang='lat' dir='ltr'><strong>aliqua</strong></span> <span class='ocrx_word' id='word_1_259' title='bbox 1013 3571 1123 3634; x_wconf 88' lang='lat' dir='ltr'><strong>incidit</strong></span> <span class='ocrx_word' id='word_1_260' title='bbox 1144 3571 1281 3653; x_wconf 86' lang='lat' dir='ltr'><strong>duplex,</strong></span> <span class='ocrx_word' id='word_1_261' title='bbox 1305 3583 1336 3634; x_wconf 89' lang='lat' dir='ltr'><strong>et</strong></span> <span class='ocrx_word' id='word_1_262' title='bbox 1355 3583 1482 3635; x_wconf 85' lang='lat' dir='ltr'><strong>actores</strong></span> <span class='ocrx_word' id='word_1_263' title='bbox 1502 3573 1581 3635; x_wconf 84' lang='lat' dir='ltr'><strong>alter</strong></span> <span class='ocrx_word' id='word_1_264' title='bbox 1596 3573 1726 3635; x_wconf 82' lang='lat' dir='ltr'><strong>alteram</strong></span> <span class='ocrx_word' id='word_1_265' title='bbox 1742 3585 1834 3636; x_wconf 81' lang='lat' dir='ltr'><strong>taren·</strong></span> 
     </span>
     <span class='ocr_line' id='line_1_30' title="bbox 520 3663 1833 3749; baseline 0.002 -21"><span class='ocrx_word' id='word_1_266' title='bbox 520 3678 575 3728; x_wconf 88' lang='lat' dir='ltr'><strong>tur</strong></span> <span class='ocrx_word' id='word_1_267' title='bbox 588 3677 707 3747; x_wconf 87' lang='lat' dir='ltr'><strong>partem</strong></span> <span class='ocrx_word' id='word_1_268' title='bbox 719 3685 728 3729; x_wconf 77' lang='lat' dir='ltr'><strong>t</strong></span> <span class='ocrx_word' id='word_1_269' title='bbox 752 3663 860 3741; x_wconf 85' lang='lat' dir='ltr'><strong>veluti,</strong></span> <span class='ocrx_word' id='word_1_270' title='bbox 876 3677 977 3748; x_wconf 87' lang='lat' dir='ltr'><strong>rapta</strong></span> <span class='ocrx_word' id='word_1_271' title='bbox 988 3665 1140 3746; x_wconf 81' lang='lat' dir='ltr'><strong>raptoris</strong></span> <span class='ocrx_word' id='word_1_272' title='bbox 1152 3675 1294 3728; x_wconf 88' lang='lat' dir='ltr'><strong>mortem</strong></span> <span class='ocrx_word' id='word_1_273' title='bbox 1308 3676 1370 3728; x_wconf 88' lang='lat' dir='ltr'><strong>aut</strong></span> <span class='ocrx_word' id='word_1_274' title='bbox 1381 3664 1554 3728; x_wconf 84' lang='lat' dir='ltr'><strong>indotatas</strong></span> <span class='ocrx_word' id='word_1_275' title='bbox 1566 3668 1706 3748; x_wconf 86' lang='lat' dir='ltr'><strong>nuptias</strong></span> <span class='ocrx_word' id='word_1_276' title='bbox 1720 3679 1833 3749; x_wconf 76' lang='lat' dir='ltr'><strong>oprtet:</strong></span> 
     </span>
     <span class='ocr_line' id='line_1_31' title="bbox 479 3757 1832 3843; baseline 0.001 -20"><span class='ocrx_word' id='word_1_277' title='bbox 479 3761 608 3823; x_wconf 78' lang='lat' dir='ltr'><strong>tuduae</strong></span> <span class='ocrx_word' id='word_1_278' title='bbox 632 3757 770 3843; x_wconf 85' lang='lat' dir='ltr'><strong>quidam</strong></span> <span class='ocrx_word' id='word_1_279' title='bbox 799 3759 917 3820; x_wconf 81' lang='lat' dir='ltr'><strong>eadem</strong></span> <span class='ocrx_word' id='word_1_280' title='bbox 938 3769 1034 3822; x_wconf 87' lang='lat' dir='ltr'><strong>nocte</strong></span> <span class='ocrx_word' id='word_1_281' title='bbox 1063 3758 1196 3840; x_wconf 67' lang='lat' dir='ltr'><strong>rapuit:</strong></span> <span class='ocrx_word' id='word_1_282' title='bbox 1230 3760 1341 3820; x_wconf 84' lang='lat' dir='ltr'><strong>altera</strong></span> <span class='ocrx_word' id='word_1_283' title='bbox 1368 3769 1528 3832; x_wconf 83' lang='lat' dir='ltr'><strong>mortem,</strong></span> <span class='ocrx_word' id='word_1_284' title='bbox 1560 3760 1672 3822; x_wconf 86' lang='lat' dir='ltr'><strong>altera</strong></span> <span class='ocrx_word' id='word_1_285' title='bbox 1694 3762 1832 3843; x_wconf 79' lang='lat' dir='ltr'><strong>nuptias</strong></span> 
     </span>
     <span class='ocr_line' id='line_1_32' title="bbox 519 3849 1833 3936; baseline 0 -20"><span class='ocrx_word' id='word_1_286' title='bbox 519 3862 628 3935; x_wconf 89' lang='lat' dir='ltr'><strong>optat.</strong></span> <span class='ocrx_word' id='word_1_287' title='bbox 672 3850 737 3914; x_wconf 85' lang='lat' dir='ltr'><strong>Hic</strong></span> <span class='ocrx_word' id='word_1_288' title='bbox 757 3872 942 3936; x_wconf 85' lang='lat' dir='ltr'><strong>quamquam</strong></span> <span class='ocrx_word' id='word_1_289' title='bbox 970 3872 1028 3913; x_wconf 80' lang='lat' dir='ltr'><strong>runa</strong></span> <span class='ocrx_word' id='word_1_290' title='bbox 1051 3851 1103 3912; x_wconf 83' lang='lat' dir='ltr'><strong>lex</strong></span> <span class='ocrx_word' id='word_1_291' title='bbox 1128 3851 1187 3924; x_wconf 90' lang='lat' dir='ltr'><strong>sit,</strong></span> <span class='ocrx_word' id='word_1_292' title='bbox 1218 3861 1320 3912; x_wconf 86' lang='lat' dir='ltr'><strong>tamen</strong></span> <span class='ocrx_word' id='word_1_293' title='bbox 1346 3849 1450 3932; x_wconf 86' lang='lat' dir='ltr'><strong>legum</strong></span> <span class='ocrx_word' id='word_1_294' title='bbox 1475 3851 1704 3914; x_wconf 86' lang='lat' dir='ltr'><strong>contrariarum</strong></span> <span class='ocrx_word' id='word_1_295' title='bbox 1732 3865 1833 3916; x_wconf 81' lang='lat' dir='ltr'><strong>status</strong></span> 
     </span>
     <span class='ocr_line' id='line_1_33' title="bbox 519 3943 1831 4028; baseline 0.002 -20"><span class='ocrx_word' id='word_1_296' title='bbox 519 3946 647 4009; x_wconf 85' lang='lat' dir='ltr'><strong>dicitur.</strong></span> <span class='ocrx_word' id='word_1_297' title='bbox 690 3945 728 4009; x_wconf 89' lang='lat' dir='ltr'><strong>ln</strong></span> <span class='ocrx_word' id='word_1_298' title='bbox 750 3945 943 4027; x_wconf 84' lang='lat' dir='ltr'><strong>simplicibus</strong></span> <span class='ocrx_word' id='word_1_299' title='bbox 965 3963 1093 4028; x_wconf 88' lang='lat' dir='ltr'><strong>quoque</strong></span> <span class='ocrx_word' id='word_1_300' title='bbox 1115 3943 1279 4025; x_wconf 85' lang='lat' dir='ltr'><strong>aliquando</strong></span> <span class='ocrx_word' id='word_1_301' title='bbox 1309 3943 1446 4004; x_wconf 87' lang='lat' dir='ltr'><strong>nascitur</strong></span> <span class='ocrx_word' id='word_1_302' title='bbox 1468 3944 1572 4026; x_wconf 84' lang='lat' dir='ltr'><strong>legum</strong></span> <span class='ocrx_word' id='word_1_303' title='bbox 1595 3945 1831 4010; x_wconf 87' lang='lat' dir='ltr'><strong>contrariarum</strong></span> 
     </span>
     <span class='ocr_line' id='line_1_34' title="bbox 518 4033 1832 4128; baseline 0 -25"><span class='ocrx_word' id='word_1_304' title='bbox 518 4051 636 4103; x_wconf 80' lang='lat' dir='ltr'><strong>status:</strong></span> <span class='ocrx_word' id='word_1_305' title='bbox 660 4039 746 4101; x_wconf 79' lang='lat' dir='ltr'><strong>veltet</strong></span> <span class='ocrx_word' id='word_1_306' title='bbox 755 4035 877 4128; x_wconf 85' lang='lat' dir='ltr'><strong>fortis</strong></span> <span class='ocrx_word' id='word_1_307' title='bbox 894 4037 1085 4122; x_wconf 85' lang='lat' dir='ltr'><strong>praemium</strong></span> <span class='ocrx_word' id='word_1_308' title='bbox 1107 4037 1272 4119; x_wconf 85' lang='lat' dir='ltr'><strong>accipiat,</strong></span> <span class='ocrx_word' id='word_1_309' title='bbox 1300 4033 1466 4127; x_wconf 85' lang='lat' dir='ltr'><strong>fratres,</strong></span> <span class='ocrx_word' id='word_1_310' title='bbox 1490 4037 1548 4120; x_wconf 86' lang='lat' dir='ltr'><strong>qui</strong></span> <span class='ocrx_word' id='word_1_311' title='bbox 1562 4049 1699 4118; x_wconf 81' lang='lat' dir='ltr'><strong>patrem</strong></span> <span class='ocrx_word' id='word_1_312' title='bbox 1728 4039 1832 4102; x_wconf 82' lang='lat' dir='ltr'><strong>lrabe-</strong></span> 
     </span>
     <span class='ocr_line' id='line_1_35' title="bbox 518 4127 1832 4220; baseline -0.003 -24"><span class='ocrx_word' id='word_1_313' title='bbox 518 4134 600 4196; x_wconf 84' lang='lat' dir='ltr'><strong>bant</strong></span> <span class='ocrx_word' id='word_1_314' title='bbox 617 4133 826 4214; x_wconf 82' lang='lat' dir='ltr'><strong>proditionis</strong></span> <span class='ocrx_word' id='word_1_315' title='bbox 850 4154 963 4207; x_wconf 88' lang='lat' dir='ltr'><strong>reum,</strong></span> <span class='ocrx_word' id='word_1_316' title='bbox 981 4127 1335 4220; x_wconf 68' lang='lat' dir='ltr'><strong>fortiterfecerunte</strong></span> <span class='ocrx_word' id='word_1_317' title='bbox 1353 4140 1475 4212; x_wconf 87' lang='lat' dir='ltr'><strong>petunt</strong></span> <span class='ocrx_word' id='word_1_318' title='bbox 1494 4131 1599 4205; x_wconf 87' lang='lat' dir='ltr'><strong>alter,</strong></span> <span class='ocrx_word' id='word_1_319' title='bbox 1637 4141 1677 4192; x_wconf 90' lang='lat' dir='ltr'><strong>ut</strong></span> <span class='ocrx_word' id='word_1_320' title='bbox 1694 4132 1832 4194; x_wconf 83' lang='lat' dir='ltr'><strong>abolea-</strong></span> 
     </span>
     <span class='ocr_line' id='line_1_36' title="bbox 476 4221 1832 4306; baseline -0.003 -16"><span class='ocrx_word' id='word_1_321' title='bbox 476 4238 577 4290; x_wconf 75' lang='lat' dir='ltr'><strong>tstur</strong></span> <span class='ocrx_word' id='word_1_322' title='bbox 596 4225 779 4302; x_wconf 82' lang='lat' dir='ltr'><strong>indicium,</strong></span> <span class='ocrx_word' id='word_1_323' title='bbox 802 4228 906 4302; x_wconf 86' lang='lat' dir='ltr'><strong>alter,</strong></span> <span class='ocrx_word' id='word_1_324' title='bbox 945 4237 984 4288; x_wconf 87' lang='lat' dir='ltr'><strong>ut</strong></span> <span class='ocrx_word' id='word_1_325' title='bbox 1004 4234 1145 4306; x_wconf 80' lang='lat' dir='ltr'><strong>agatur.</strong></span> <span class='ocrx_word' id='word_1_326' title='bbox 1190 4223 1287 4301; x_wconf 83' lang='lat' dir='ltr'><strong>Quod</strong></span> <span class='ocrx_word' id='word_1_327' title='bbox 1307 4223 1386 4286; x_wconf 90' lang='lat' dir='ltr'><strong>enim</strong></span> <span class='ocrx_word' id='word_1_328' title='bbox 1409 4225 1448 4284; x_wconf 88' lang='lat' dir='ltr'><strong>ad</strong></span> <span class='ocrx_word' id='word_1_329' title='bbox 1465 4223 1566 4306; x_wconf 86' lang='lat' dir='ltr'><strong>legem</strong></span> <span class='ocrx_word' id='word_1_330' title='bbox 1588 4221 1714 4298; x_wconf 83' lang='lat' dir='ltr'><strong>attinet,</strong></span> <span class='ocrx_word' id='word_1_331' title='bbox 1754 4222 1832 4286; x_wconf 84' lang='lat' dir='ltr'><strong>sim·</strong></span> 
     </span>
     <span class='ocr_line' id='line_1_37' title="bbox 516 4313 1833 4406; baseline 0 -26"><span class='ocrx_word' id='word_1_332' title='bbox 516 4317 641 4400; x_wconf 88' lang='lat' dir='ltr'><strong>pliciter</strong></span> <span class='ocrx_word' id='word_1_333' title='bbox 662 4339 752 4380; x_wconf 82' lang='lat' dir='ltr'><strong>sanam</strong></span> <span class='ocrx_word' id='word_1_334' title='bbox 773 4339 839 4380; x_wconf 88' lang='lat' dir='ltr'><strong>rem</strong></span> <span class='ocrx_word' id='word_1_335' title='bbox 862 4316 1068 4399; x_wconf 88' lang='lat' dir='ltr'><strong>praescribit,</strong></span> <span class='ocrx_word' id='word_1_336' title='bbox 1093 4327 1132 4379; x_wconf 90' lang='lat' dir='ltr'><strong>ut</strong></span> <span class='ocrx_word' id='word_1_337' title='bbox 1153 4313 1336 4406; x_wconf 73' lang='lat' dir='ltr'><strong>elefantis</strong></span> <span class='ocrx_word' id='word_1_338' title='bbox 1357 4317 1551 4398; x_wconf 85' lang='lat' dir='ltr'><strong>praemium</strong></span> <span class='ocrx_word' id='word_1_339' title='bbox 1577 4315 1745 4398; x_wconf 67' lang='lat' dir='ltr'><strong>accipiente</strong></span> <span class='ocrx_word' id='word_1_340' title='bbox 1767 4336 1833 4380; x_wconf 88' lang='lat' dir='ltr'><strong>non</strong></span> 
     </span>
     <span class='ocr_line' id='line_1_38' title="bbox 516 4409 1833 4502; baseline 0.002 -30"><span class='ocrx_word' id='word_1_341' title='bbox 516 4423 552 4472; x_wconf 93' lang='lat' dir='ltr'><strong>ut</strong></span> <span class='ocrx_word' id='word_1_342' title='bbox 580 4410 633 4472; x_wconf 85' lang='lat' dir='ltr'><strong>illa</strong></span> <span class='ocrx_word' id='word_1_343' title='bbox 662 4410 810 4492; x_wconf 90' lang='lat' dir='ltr'><strong>superior</strong></span> <span class='ocrx_word' id='word_1_344' title='bbox 838 4422 900 4473; x_wconf 86' lang='lat' dir='ltr'><strong>aut</strong></span> <span class='ocrx_word' id='word_1_345' title='bbox 924 4421 1069 4473; x_wconf 84' lang='lat' dir='ltr'><strong>mortem</strong></span> <span class='ocrx_word' id='word_1_346' title='bbox 1099 4420 1162 4470; x_wconf 88' lang='lat' dir='ltr'><strong>aut</strong></span> <span class='ocrx_word' id='word_1_347' title='bbox 1194 4409 1334 4492; x_wconf 83' lang='lat' dir='ltr'><strong>nuptias</strong></span> <span class='ocrx_word' id='word_1_348' title='bbox 1351 4409 1522 4502; x_wconf 84' lang='lat' dir='ltr'><strong>flagitet:</strong></span> <span class='ocrx_word' id='word_1_349' title='bbox 1557 4413 1612 4473; x_wconf 86' lang='lat' dir='ltr'><strong>sed</strong></span> <span class='ocrx_word' id='word_1_350' title='bbox 1647 4411 1833 4474; x_wconf 80' lang='lat' dir='ltr'><strong>voluntates</strong></span> 
     </span>
     <span class='ocr_line' id='line_1_39' title="bbox 517 4501 1832 4588; baseline 0.003 -24"><span class='ocrx_word' id='word_1_351' title='bbox 517 4501 661 4564; x_wconf 84' lang='lat' dir='ltr'><strong>diversae</strong></span> <span class='ocrx_word' id='word_1_352' title='bbox 689 4502 832 4564; x_wconf 84' lang='lat' dir='ltr'><strong>virorum</strong></span> <span class='ocrx_word' id='word_1_353' title='bbox 858 4502 992 4566; x_wconf 81' lang='lat' dir='ltr'><strong>tortium</strong></span> <span class='ocrx_word' id='word_1_354' title='bbox 1025 4503 1181 4584; x_wconf 87' lang='lat' dir='ltr'><strong>quandam</strong></span> <span class='ocrx_word' id='word_1_355' title='bbox 1207 4501 1343 4583; x_wconf 88' lang='lat' dir='ltr'><strong>speciem</strong></span> <span class='ocrx_word' id='word_1_356' title='bbox 1378 4503 1543 4565; x_wconf 89' lang='lat' dir='ltr'><strong>ediderunt</strong></span> <span class='ocrx_word' id='word_1_357' title='bbox 1578 4503 1668 4588; x_wconf 88' lang='lat' dir='ltr'><strong>quasi</strong></span> <span class='ocrx_word' id='word_1_358' title='bbox 1697 4507 1832 4568; x_wconf 84' lang='lat' dir='ltr'><strong>duarum</strong></span> 
     </span>
     <span class='ocr_line' id='line_1_40' title="bbox 516 4595 1829 4679; baseline 0.002 -22"><span class='ocrx_word' id='word_1_359' title='bbox 516 4596 622 4679; x_wconf 87' lang='lat' dir='ltr'><strong>legum</strong></span> <span class='ocrx_word' id='word_1_360' title='bbox 643 4596 886 4659; x_wconf 87' lang='lat' dir='ltr'><strong>contrariarum.</strong></span> <span class='ocrx_word' id='word_1_361' title='bbox 931 4597 1006 4658; x_wconf 87' lang='lat' dir='ltr'><strong>Hoc</strong></span> <span class='ocrx_word' id='word_1_362' title='bbox 1031 4614 1130 4679; x_wconf 84' lang='lat' dir='ltr'><strong>genus</strong></span> <span class='ocrx_word' id='word_1_363' title='bbox 1152 4595 1371 4678; x_wconf 87' lang='lat' dir='ltr'><strong>quaestionum</strong></span> <span class='ocrx_word' id='word_1_364' title='bbox 1387 4595 1530 4658; x_wconf 83' lang='lat' dir='ltr'><strong>nonnulli</strong></span> <span class='ocrx_word' id='word_1_365' title='bbox 1544 4597 1632 4678; x_wconf 85' lang='lat' dir='ltr'><strong>quasi</strong></span> <span class='ocrx_word' id='word_1_366' title='bbox 1648 4595 1716 4660; x_wconf 90' lang='lat' dir='ltr'><strong>sine</strong></span> <span class='ocrx_word' id='word_1_367' title='bbox 1731 4609 1829 4675; x_wconf 82' lang='lat' dir='ltr'><strong>stetu,</strong></span> 
     </span>
     <span class='ocr_line' id='line_1_41' title="bbox 474 4685 1832 4773; baseline 0.001 -21"><span class='ocrx_word' id='word_1_368' title='bbox 474 4711 506 4762; x_wconf 77' lang='lat' dir='ltr'><strong>ao</strong></span> <span class='ocrx_word' id='word_1_369' title='bbox 517 4699 700 4768; x_wconf 81' lang='lat' dir='ltr'><strong>asystaton,</strong></span> <span class='ocrx_word' id='word_1_370' title='bbox 737 4689 920 4771; x_wconf 88' lang='lat' dir='ltr'><strong>repudiant,</strong></span> <span class='ocrx_word' id='word_1_371' title='bbox 956 4711 1052 4773; x_wconf 88' lang='lat' dir='ltr'><strong>quum</strong></span> <span class='ocrx_word' id='word_1_372' title='bbox 1081 4686 1185 4750; x_wconf 84' lang='lat' dir='ltr'><strong>omnis</strong></span> <span class='ocrx_word' id='word_1_373' title='bbox 1214 4685 1380 4750; x_wconf 83' lang='lat' dir='ltr'><strong>videantur</strong></span> <span class='ocrx_word' id='word_1_374' title='bbox 1410 4687 1565 4771; x_wconf 89' lang='lat' dir='ltr'><strong>utrimque</strong></span> <span class='ocrx_word' id='word_1_375' title='bbox 1591 4691 1677 4769; x_wconf 82' lang='lat' dir='ltr'><strong>paria</strong></span> <span class='ocrx_word' id='word_1_376' title='bbox 1706 4711 1776 4754; x_wconf 79' lang='lat' dir='ltr'><strong>esse</strong></span> <span class='ocrx_word' id='word_1_377' title='bbox 1796 4703 1832 4754; x_wconf 91' lang='lat' dir='ltr'><strong>et</strong></span> 
     </span>
     <span class='ocr_line' id='line_1_42' title="bbox 516 4772 1832 4864; baseline 0 -18"><span class='ocrx_word' id='word_1_378' title='bbox 516 4781 579 4846; x_wconf 89' lang='lat' dir='ltr'><strong>sint</strong></span> <span class='ocrx_word' id='word_1_379' title='bbox 608 4777 776 4862; x_wconf 77' lang='grc' dir='ltr'><em>ἰσάζοντα.</em></span> <span class='ocrx_word' id='word_1_380' title='bbox 830 4781 894 4845; x_wconf 87' lang='lat' dir='ltr'><strong>Sed</strong></span> <span class='ocrx_word' id='word_1_381' title='bbox 928 4780 1125 4862; x_wconf 86' lang='lat' dir='ltr'><strong>comparatio</strong></span> <span class='ocrx_word' id='word_1_382' title='bbox 1155 4801 1214 4864; x_wconf 88' lang='lat' dir='ltr'><strong>per</strong></span> <span class='ocrx_word' id='word_1_383' title='bbox 1249 4772 1357 4847; x_wconf 80' lang='lat' dir='ltr'><strong>ornnes</strong></span> <span class='ocrx_word' id='word_1_384' title='bbox 1387 4793 1487 4845; x_wconf 86' lang='lat' dir='ltr'><strong>tracta</strong></span> <span class='ocrx_word' id='word_1_385' title='bbox 1518 4781 1670 4846; x_wconf 87' lang='lat' dir='ltr'><strong>articulos</strong></span> <span class='ocrx_word' id='word_1_386' title='bbox 1700 4785 1740 4845; x_wconf 77' lang='lat' dir='ltr'><strong>ab</strong></span> <span class='ocrx_word' id='word_1_387' title='bbox 1769 4784 1832 4847; x_wconf 77' lang='lat' dir='ltr'><strong>lane</strong></span> 
     </span>
     <span class='ocr_line' id='line_1_43' title="bbox 516 4874 1077 4960; baseline 0 -20"><span class='ocrx_word' id='word_1_388' title='bbox 516 4878 670 4940; x_wconf 82' lang='lat' dir='ltr'><strong>calumnia</strong></span> <span class='ocrx_word' id='word_1_389' title='bbox 692 4874 829 4939; x_wconf 86' lang='lat' dir='ltr'><strong>vindicat</strong></span> <span class='ocrx_word' id='word_1_390' title='bbox 850 4877 1077 4960; x_wconf 86' lang='lat' dir='ltr'><strong>quaestionem.</strong></span> 
     </span>
    </p>
   </div>
   <div class='ocr_carea' id='block_1_6' title="bbox 586 5125 1739 5192">
    <p class='ocr_par' dir='ltr' id='par_1_10' title="bbox 586 5125 1739 5192">
     <span class='ocr_line' id='line_1_44' title="bbox 586 5125 1739 5192; baseline 0.002 -16"><span class='ocrx_word' id='word_1_391' title='bbox 586 5129 611 5176; x_wconf 77' lang='lat'><strong>6.</strong></span> <span class='ocrx_word' id='word_1_392' title='bbox 626 5127 796 5190; x_wconf 71' lang='lat' dir='ltr'><strong>periuratum]</strong></span> <span class='ocrx_word' id='word_1_393' title='bbox 813 5129 850 5175; x_wconf 84' lang='grc' dir='ltr'><strong>Αι</strong></span> <span class='ocrx_word' id='word_1_394' title='bbox 864 5130 983 5190; x_wconf 77' lang='lat' dir='ltr'><strong>perierat</strong></span> <span class='ocrx_word' id='word_1_395' title='bbox 998 5129 1116 5188; x_wconf 64' lang='lat' dir='ltr'><strong>(paueat)</strong></span> <span class='ocrx_word' id='word_1_396' title='bbox 1134 5127 1252 5192; x_wconf 77' lang='lat' dir='ltr'><strong>qnidaml</strong></span> <span class='ocrx_word' id='word_1_397' title='bbox 1270 5129 1317 5176; x_wconf 70' lang='lat'><strong>0⁸.</strong></span> <span class='ocrx_word' id='word_1_398' title='bbox 1354 5125 1396 5174; x_wconf 66' lang='grc' dir='ltr'><strong>Η.</strong></span> <span class='ocrx_word' id='word_1_399' title='bbox 1415 5127 1659 5176; x_wconf 69' lang='lat' dir='ltr'><strong>tratemundum</strong></span> <span class='ocrx_word' id='word_1_400' title='bbox 1677 5127 1739 5178; x_wconf 80' lang='lat' dir='ltr'><strong>cot.</strong></span> 
     </span>
    </p>
   </div>
   <div class='ocr_carea' id='block_1_7' title="bbox 0 0 2222 5958">
    <p class='ocr_par' dir='ltr' id='par_1_11' title="bbox 0 0 2222 5958">
     <span class='ocr_line' id='line_1_45' title="bbox 0 0 2222 5958; baseline 0 0"><span class='ocrx_word' id='word_1_401' title='bbox 0 0 2222 5958; x_wconf 95' lang='lat' dir='ltr'><strong> </strong></span> 
     </span>
    </p>
   </div>
  </div>
 </body>
</html>
