4434 5959
544 566 606 631 ³¹8
1081 566 1318 633 notemus

543 706 654 771 stantia
685 705 783 791 igitur
813 717 949 771 tractum
982 720 1031 775 est
1064 720 1304 794 argumentum,
1334 728 1352 770 n
1381 726 1501 794 genere
1529 706 1678 772 videlicet
1708 703 1866 771 animalis.

543 802 619 865 Hoc
645 800 745 884 igitur
774 815 992 885 argumentum
1026 813 1059 866 et
1089 824 1190 887 genus
1217 803 1361 868 continet
1391 814 1424 867 et
1448 824 1489 867 ex
1512 823 1630 885 genere
1650 804 1780 864 ductum
1802 815 1867 865 est.

542 894 580 959 ln
603 895 714 977 priore
737 916 837 968 vero,
867 897 926 958 etsi
958 918 1058 980 genus
1086 898 1248 973 continet,
1285 917 1302 959 a
1332 900 1497 961 contrario
1518 909 1621 960 tamen
1643 900 1773 957 ductum
1796 916 1869 958 esse

542 990 762 1071 perpenditur.
815 988 899 1051 Illud
921 990 1002 1053 enim
1025 1010 1152 1073 semper
1173 992 1399 1073 speculandum
1421 1002 1488 1067 est,
1527 1012 1590 1052 non
1613 990 1688 1075 quid
1711 991 1742 1051 iu
1764 1010 1869 1073 argu·

519 1091 649 1145 amento
671 1082 728 1157 sit,
752 1084 808 1143 sed
828 1104 869 1143 cx
892 1102 958 1166 quo
981 1083 1105 1145 ducitur
1123 1096 1365 1167 argumentum:
1390 1096 1422 1146 et
1437 1083 1468 1146 in
1483 1084 1598 1148 ceteris
1613 1083 1740 1166 quidem
1756 1087 1868 1144 eadem

542 1176 625 1239 ratio
653 1178 784 1240 tenenda
813 1189 880 1250 est;
917 1197 1020 1259 neque
1053 1189 1100 1239 est
1122 1178 1201 1238 enim
1229 1176 1259 1239 in
1281 1176 1415 1260 singulis
1437 1177 1679 1242 immorandum.
1724 1178 1869 1259 Siquos

543 1268 623 1332 euim
655 1269 814 1353 diligentia
838 1273 990 1333 decursae
1010 1270 1156 1351 superius
1181 1270 1391 1351 expositionis
1413 1272 1574 1348 exercuit,
1610 1271 1706 1335 lacile
1731 1271 1764 1334 in
1787 1271 1870 1334 reli·

533 1354 614 1447 'quis
637 1363 808 1445 colligent,
832 1366 920 1447 quand
942 1384 1005 1425 uno
1028 1364 1210 1426 declaratur
1230 1365 1393 1445 exemplo.

626 1456 723 1538 (Cap.
747 1459 780 1521 5.
803 1460 835 1531 §.
859 1457 927 1535 26.)
949 1458 1095 1540 Quando
1116 1479 1202 1541 ergo
1222 1492 1265 1504 -
1286 1494 1327 1506 -
1348 1492 1390 1505 -·
1411 1458 1564 1543 explicat
1583 1458 1667 1544 quid
1686 1459 1747 1521 sit.

500 1572 532 1620 to
626 1550 810 1631 Propositis
840 1552 982 1613 breviter
1011 1565 1270 1636 argumentorum
1303 1552 1383 1615 locis
1420 1556 1548 1617 eosdem
1584 1551 1731 1616 subtilius
1767 1565 1869 1635 atque

542 1645 707 1708 enodatius
729 1643 836 1706 statuit
858 1664 917 1725 per
938 1666 1010 1707 snas
1031 1658 1138 1726 partes
1161 1658 1194 1708 et
1221 1646 1440 1709 convenientia
1465 1649 1604 1710 membra
1627 1644 1754 1727 partiri.
1815 1649 1867 1710 lta

542 1737 623 1801 enim
646 1738 792 1801 locorum
815 1736 950 1799 omnium
974 1737 1156 1823 diligentius
1175 1752 1287 1802 natura
1309 1740 1582 1817 considerabitur,
1606 1740 1634 1803 si
1649 1761 1713 1803 non
1729 1738 1868 1801 confesse

542 1832 666 1904 solum,
706 1852 814 1893 verum
836 1832 929 1893 etiam
954 1832 1142 1895 distributim
1165 1844 1197 1895 et
1219 1833 1249 1895 in
1270 1854 1398 1894 suarum
1420 1834 1558 1914 partium
1580 1832 1786 1915 proprietate
1808 1851 1871 1895 no·

542 1938 682 1989 scantur.
726 1926 791 1989 Dat
813 1946 890 1988 vero
919 1927 970 1988 blc
993 1927 1119 1990 multam
1148 1924 1410 1988 inveniendorum
1438 1925 1563 2007 copiam
1588 1932 1867 2009 argttmentnrum.

500 2023 587 2091 tsUt
608 2018 689 2082 enim
712 2022 751 2081 dc
773 2018 956 2081 delinitione
978 2018 1136 2093 dicamus,
1173 2019 1201 2081 si
1222 2028 1351 2081 cunctas
1372 2020 1485 2101 aliquis
1511 2020 1731 2082 definitionum
1754 2032 1870 2102 partes

541 2110 735 2195 agnouerit,
765 2132 805 2173 ex
829 2110 974 2173 omnibus
995 2111 1055 2173 sibi
1084 2114 1204 2195 poterit
1225 2125 1409 2195 argumenta
1432 2112 1643 2198 conquirere,
1684 2114 1813 2197 eritque
1835 2113 1869 2177 in

540 2204 737 2269 inveniendis
760 2204 925 2286 copiosior
947 2206 1140 2287 argumentis
1162 2220 1228 2281 eo,
1249 2204 1322 2289 quii,
1346 2217 1425 2287 quot
1442 2206 1504 2267 siut
1519 2207 1709 2269 delinitionis
1725 2207 1866 2288 species,

540 2299 683 2383 ignorat.
728 2300 781 2361 Ex
803 2310 852 2361 tot
873 2299 954 2361 euiut
971 2299 1187 2362 definitionum
1203 2298 1345 2381 partibus
1360 2312 1543 2382 argumenta
1559 2304 1735 2381 producet,
1761 2322 1867 2384 quan·

541 2404 588 2455 tas
621 2393 692 2476 qtiis
724 2392 938 2469 definitionum
962 2404 1069 2473 partes
1091 2414 1161 2455 esse
1182 2392 1385 2476 cognoverit.
1441 2392 1475 2455 ls
1503 2412 1585 2455 vero
1607 2395 1737 2455 babebit
1758 2392 1869 2474 pluri·

498 2508 620 2562 zamam
644 2486 751 2549 talium
774 2486 918 2549 locorum
941 2486 1143 2560 facilitatem,
1168 2506 1261 2569 quem
1284 2472 1500 2549 delinitionuru
1517 2486 1682 2549 diversitas
1697 2509 1764 2551 non
1783 2488 1866 2551 late·

543 2580 601 2643 bit.
645 2581 699 2645 Ob
720 2581 783 2642 hoc
806 2579 906 2663 igitur
926 2580 978 2642 M.
1002 2579 1146 2653 Tullius,
1171 2600 1254 2661 quos
1280 2578 1415 2641 confuse
1440 2592 1534 2663 atque
1563 2578 1719 2663 indigeste
1751 2582 1866 2662 posuit

540 2674 651 2750 locos,
685 2696 768 2738 nuuc
797 2675 924 2737 eosdem
959 2672 1160 2757 diligentiore
1188 2672 1324 2734 ratione.
1342 2672 1491 2753 partitur.
1549 2674 1601 2735 Ac
1627 2674 1763 2755 primurn
1783 2675 1865 2737 illud

539 2767 753 2850 propensiore
776 2766 1030 2833 consideratione
1049 2767 1245 2827 tractandum
1268 2778 1336 2839 est,
1361 2770 1465 2851 qrtod,
1492 2778 1526 2829 ut
1541 2769 1657 2831 dictum
1673 2779 1739 2843 est,
1765 2770 1864 2831 etiarn

539 2861 603 2925 loci
625 2860 686 2944 ipsi
707 2882 758 2924 res
781 2862 933 2946 quaedam
957 2870 1048 2935 erint,
1086 2862 1141 2921 sed
1171 2880 1240 2922 esse
1268 2858 1489 2943 intelliguntur
1514 2862 1598 2934 loci,
1638 2884 1734 2947 quiim
1753 2864 1796 2925 ab
1815 2863 1865 2924 bis

496 2956 676 3022 attrabitur
696 2966 927 3039 argumentum.
972 2956 1065 3038 Ergo
1090 2976 1171 3015 nuuc
1194 2952 1312 3017 Cicero
1338 2974 1402 3016 non
1428 2954 1645 3036 principaliter
1672 2955 1779 3028 locos,
1808 2956 1866 3017 sed

538 3070 591 3112 res
613 3051 697 3131 ipsas
716 3048 846 3123 dividit,
871 3068 952 3131 quac
970 3050 1007 3109 ad
1029 3057 1247 3130 argumentum
1269 3047 1382 3109 diictae
1401 3048 1537 3129 speciem
1552 3060 1678 3112 sumunt
1697 3050 1863 3112 locorum.

538 3142 692 3207 Delinitio
714 3162 847 3225 namqtie
868 3153 899 3202 et
921 3161 997 3222 pars
1029 3151 1059 3203 et
1081 3152 1155 3201 nota
1179 3160 1233 3202 res
1255 3144 1407 3223 qitaedam
1429 3154 1521 3217 sunt3
1557 3146 1614 3205 scd
1635 3164 1732 3226 quum
1759 3144 1801 3203 ab
1824 3142 1863 3203 iis

538 3247 757 3321 argumentum
780 3233 927 3309 ducitur,
948 3233 1014 3297 loci
1032 3234 1124 3295 liunt.
1170 3234 1274 3311 Qtrtrm
1297 3234 1393 3316 igitur
1417 3236 1470 3297 M.
1496 3236 1620 3299 Tullius
1641 3256 1691 3297 res
1713 3235 1800 3315 ipsas
1817 3234 1861 3298 ita

538 3341 573 3392 ut
594 3340 667 3392 sttut
689 3328 874 3392 naturaliter
895 3328 1069 3409 partiatur,
1104 3325 1196 3389 simul
1215 3348 1284 3388 cum
1313 3330 1409 3390 rebus
1432 3328 1546 3391 dividit
1571 3332 1675 3393 locos.
1720 3328 1755 3389 Si
1777 3327 1861 3389 enim

496 3436 591 3489 atres
614 3442 676 3484 tina
695 3433 761 3495 est,
785 3444 802 3485 a
826 3442 887 3505 qua
909 3420 979 3483 duci
1002 3418 1121 3503 poterit
1143 3430 1382 3503 argumentum,
1406 3442 1485 3483 ttnus
1508 3433 1556 3484 est
1577 3422 1668 3483 etiam
1693 3422 1805 3494 locus;
1829 3432 1862 3483 at

538 3514 566 3578 si
585 3514 641 3577 illa
663 3514 831 3603 dividitur,
867 3526 945 3597 quot
967 3525 1074 3597 partes
1097 3513 1164 3575 eius
1184 3512 1231 3575 rei
1250 3513 1386 3588 inierint,
1418 3524 1468 3577 tot
1490 3526 1582 3577 errent
1603 3515 1696 3577 etiam
1719 3514 1784 3576 loci
1803 3533 1862 3597 ge·

538 3606 624 3672 ueris
657 3608 815 3683 ciusdem,
854 3608 892 3670 de
921 3628 986 3691 quo
1024 3618 1208 3689 argumenta
1239 3616 1425 3669 nascuntur.
1477 3608 1567 3687 Quae
1587 3631 1682 3692 quirun
1703 3608 1746 3670 ita
1770 3608 1859 3680 sint,

539 3722 698 3786 qitrtmque
721 3703 840 3786 primus
859 3703 998 3764 omniurn
1016 3701 1108 3764 locus
1130 3722 1147 3760 a
1168 3711 1238 3763 toto
1259 3700 1316 3774 sit,
1351 3700 1468 3773 idest,
1493 3724 1509 3764 a
1533 3702 1732 3777 delinitione,
1769 3702 1861 3783 prius

539 3796 614 3878 quid
634 3794 676 3857 sit
700 3794 841 3857 definitio
871 3791 1053 3857 delinitione
1082 3793 1238 3867 declarat,
1276 3804 1311 3854 ut
1339 3794 1494 3873 patefacta
1520 3794 1569 3858 rei
1595 3805 1708 3857 natiue
1733 3794 1861 3875 species

496 3900 527 3951 ts
539 3887 605 3951 eius
631 3887 682 3951 vel
712 3890 849 3950 membra
872 3882 1072 3951 convenienti
1096 3886 1208 3950 ordine
1228 3886 1397 3966 partiatur.
1443 3887 1617 3963 Definitio
1626 3931 1640 3966 ,
1663 3887 1784 3971 inquit,
1807 3900 1862 3951 est

538 3982 674 4057 oratio,
698 4002 785 4067 patae
807 3981 859 4057 id,
889 3980 980 4065 quod
1000 3978 1187 4057 definitur,
1212 3980 1378 4060 explieat,
1407 3980 1492 4063 quid
1512 3980 1577 4053 sit,·
1611 3979 1692 4042 sicut
1715 3982 1860 4045 delinitio

538 4088 587 4139 est
609 4075 763 4140 bominis:
801 4074 912 4137 animal
943 4073 1098 4136 rationale
1132 4072 1280 4137 mortale.
1337 4072 1467 4136 Dictum
1501 4094 1580 4136 vero
1609 4073 1789 4137 cautissime
1811 4086 1861 4137 est

537 4169 701 4251 explicet.
747 4170 829 4232 Nam
852 4170 938 4251 qttod
959 4186 1074 4229 nomen
1095 4166 1228 4229 conluse
1254 4165 1434 4240 denuntiat,
1457 4164 1490 4227 id
1512 4164 1654 4229 delinitio
1676 4188 1735 4248 per
1758 4190 1860 4250 quiae·

537 4264 607 4325 dam
629 4262 844 4325 substantialia
868 4262 1006 4323 membra
1028 4259 1184 4322 diffundit.
1229 4260 1326 4339 Quod
1347 4262 1428 4321 enim
1449 4261 1582 4323 conluse
1603 4260 1729 4323 nomine
1751 4260 1858 4323 laomi-

493 4355 583 4421 tttnis
605 4356 800 4433 declaratur,
834 4356 866 4417 id
886 4352 986 4436 aperit
1009 4365 1102 4435 atque
1124 4352 1263 4433 explicat
1285 4353 1447 4427 delinitio,
1477 4353 1586 4417 dicens
1607 4353 1767 4417 bominem
1786 4374 1857 4417 csse

537 4448 649 4511 animal
671 4450 826 4513 rationale
845 4450 990 4512 mortale.
1035 4448 1118 4509 Nam
1139 4446 1198 4507 nisi
1219 4447 1261 4508 ita
1280 4446 1431 4519 dixisset,
1455 4458 1603 4526 potuerat
1623 4468 1692 4509 esse
1712 4468 1857 4511 commu-

536 4542 584 4604 nis
606 4541 748 4605 delinitio
772 4540 882 4625 generi
901 4560 1050 4625 quinque,
1076 4540 1162 4601 velut
1184 4540 1247 4600 boc
1269 4541 1385 4601 modo:
1410 4538 1562 4603 Definitio
1579 4549 1646 4613 est,
1670 4562 1750 4625 quae
1774 4542 1857 4605 desi·

536 4647 631 4719 gnat,
663 4634 806 4717 quidest
832 4634 883 4709 id,
919 4636 1006 4717 qttod
1033 4631 1152 4695 delinit.
1208 4632 1270 4693 Sed
1294 4650 1394 4713 genus
1418 4652 1546 4714 quoque
1581 4632 1744 4717 designat,
1780 4634 1857 4718 quid

536 4740 584 4791 est
605 4728 656 4801 id,
682 4730 722 4789 de
741 4748 805 4810 quo
828 4729 1048 4809 praedicatur,
1073 4726 1128 4785 sed
1152 4746 1215 4787 uon
1238 4724 1391 4805 explicat.
1436 4725 1511 4787 Sola
1534 4723 1614 4786 enim
1635 4726 1778 4790 definitio
1801 4748 1857 4789 ea·

494 4822 651 4904 teplicat,
676 4821 751 4905 quid
775 4820 835 4883 sit:
861 4841 943 4905 quae
966 4818 1112 4884 oratione
1133 4818 1318 4899 perlicitur;
1342 4838 1441 4899 genus
1466 4829 1600 4880 vernet
1624 4828 1751 4895 cetera,
1777 4838 1858 4904 quae

536 4957 992 4975 w

610 5036 656 5091 23.
680 5035 810 5102 pensiore
830 5032 896 5083 Vcn.
913 5035 1055 5095 precatore
1074 5032 1163 5083 Paris.
1183 5030 1229 5087 54.
1250 5028 1417 5103 definitione
1435 5048 1491 5084 om.
1506 5033 1573 5085 ven.
1589 5034 1673 5086 l’arts.
1694 5036 1740 5095 56.
1760 5040 1854 5087 oratio

537 5122 592 5161 nm.
613 5108 689 5163 Eine.
726 5105 772 5165 115.
791 5122 861 5176 puae
881 5108 1022 5171 oratione]
1046 5106 1114 5158 Ven.
1135 5107 1222 5159 Paris.
1241 5133 1277 5147 -
1296 5106 1370 5177 quod
1386 5112 1516 5158 oratione
1533 5108 1610 5161 Eine.
1631 5112 1707 5162 usse.
