4434 5959
924 614 1015 678 LlB.
1037 615 1068 678 l.
1611 617 1652 680 63

347 751 491 814 etlilium
514 773 555 816 ex
584 773 621 814 ea
644 750 835 836 srtscepisse.
877 753 972 818 Nunc
1001 757 1170 818 secondum
1200 755 1341 820 ordinem
1372 755 1558 839 propositae
1579 777 1652 820 nar·

345 845 471 908 rationis
493 847 534 907 ad
555 845 734 926 partitionis
754 859 922 928 praecepta
943 848 1118 912 veniamus.

424 944 530 1004 Recte
539 939 656 1002 lrobito
666 940 705 1002 in
712 943 969 1022 eomoportitio
980 943 1147 1006 illustrem
1160 954 1193 1004 et
1201 943 1418 1026 perspicuam
1431 941 1653 1030 totamefficit

342 1035 547 1114 medonem]
569 1036 748 1118 Antequam
763 1037 802 1098 de
815 1035 993 1117 praeceptis
1008 1035 1184 1116 partitionis
1197 1036 1343 1112 dicamus,
1361 1038 1652 1101 dicendumvidetur

346 1130 416 1212 quid
433 1128 558 1192 intersit
579 1129 663 1192 inter
686 1127 887 1209 partitionem
910 1141 942 1192 et
963 1127 1161 1192 divisionem.
1205 1130 1341 1194 Partitio
1364 1143 1412 1192 est
1426 1131 1524 1194 totius
1540 1150 1677 1200 canisae:

342 1244 399 1304 per
425 1233 536 1302 partes
569 1220 773 1284 constitutio:
811 1220 924 1285 divisio
962 1233 1009 1284 est
1040 1242 1145 1284 rerum
1180 1224 1239 1284 sub
1269 1223 1439 1304 partitione
1472 1225 1651 1288 iacentium.

344 1319 466 1379 Verum
489 1317 544 1376 bic
575 1316 639 1379 boc
664 1314 972 1378 anisnadvertendnm
996 1327 1060 1390 est,
1091 1326 1128 1377 ut
1157 1315 1367 1380 definitionem
1389 1317 1565 1399 partitionis
1589 1337 1653 1380 uon

342 1412 379 1471 ab
401 1429 460 1483 eo,
491 1409 570 1491 qrrid
587 1406 646 1483 sit,
684 1410 741 1470 sed
762 1410 802 1470 ab
825 1429 886 1482 eo,
917 1408 991 1491 qnid
1010 1409 1124 1484 iaciat,
1154 1409 1341 1493 collegerit:
1376 1413 1495 1480 Recte.
1523 1409 1650 1493 inquit,

342 1503 458 1566 bobito
471 1502 508 1564 in
529 1522 637 1564 carisa
650 1501 797 1582 partitio
817 1501 984 1564 illustrem
996 1513 1030 1564 et
1040 1501 1260 1586 perspicuam
1279 1514 1387 1566 totum
1401 1501 1507 1588 efficit
1521 1502 1652 1565 oratio·

342 1617 430 1657 nem.
476 1593 675 1657 Narrationis
697 1613 800 1675 porro
822 1593 1033 1657 delinitionem
1049 1597 1088 1656 ab
1104 1617 1162 1671 eo,
1187 1595 1262 1680 qraid
1279 1597 1338 1670 sit,
1362 1597 1477 1660 seimus
1498 1617 1567 1660 esse
1585 1595 1651 1659 col·
1664 1613 1695 1662 to

343 1687 470 1750 lectam.
515 1688 668 1752 Narratio
687 1698 736 1750 est
756 1708 860 1750 rernm
884 1697 1045 1769 gestarum
1068 1700 1121 1752 arat
1139 1701 1175 1751 ut
1197 1701 1354 1773 gestarum
1370 1689 1542 1771 expositio.
1565 1687 1652 1752 Dicit

343 1779 447 1864 itaqne
470 1780 673 1862 partitionem
700 1784 775 1842 duas
800 1781 918 1842 babere
945 1791 1070 1862 partes:
1103 1781 1354 1846 distributionem
1386 1794 1418 1845 et
1439 1782 1548 1856 aliam,
1573 1801 1653 1864 :prae

340 1874 494 1948 ostendit,
526 1873 605 1956 quid
629 1873 799 1937 adversarii
825 1873 1036 1936 confiteantur
1066 1887 1098 1937 et
1125 1875 1201 1959 quid
1220 1874 1250 1938 in
1270 1875 1470 1940 contentione
1495 1888 1652 1938 versetur.

340 1967 458 2029 Verum
483 1978 689 2052 utrarumque
706 1969 817 2029 barum
835 1966 970 2048 partium
989 1967 1109 2049 duplex
1126 1968 1256 2030 effectus
1288 1978 1347 2031 est.
1391 1966 1505 2050 Aperit
1528 1986 1652 2028 calisam

341 2071 370 2122 et
390 2060 645 2122 controversiam
672 2061 855 2124 constituit:
885 2058 970 2122 aliud
988 2071 1036 2122 est
1057 2059 1154 2136 enim,
1179 2081 1243 2143 quo
1264 2059 1404 2142 aperitur
1419 2081 1532 2148 causa,
1556 2058 1695 2135 aliud,1s

341 2175 401 2238 quo
423 2154 630 2217 constituitur
661 2154 894 2219 controversia.
945 2154 1089 2236 Namque
1111 2153 1252 2235 aperitur
1274 2174 1366 2216 cansa
1397 2167 1429 2217 et
1450 2152 1651 2228 narratione,

341 2248 450 2331 inqua
468 2248 561 2310 etiam
580 2248 608 2310 si
630 2247 836 2331 intelligitur,
868 2267 949 2331 quae
970 2245 1012 2308 sit
1032 2245 1273 2319 controversia,
1304 2266 1365 2309 non
1390 2259 1492 2310 tamen
1515 2249 1554 2310 ab
1579 2266 1653 2309 ora·

341 2353 408 2405 tore
433 2341 652 2404 constituitur.
709 2340 912 2405 Constituere
934 2349 982 2401 est
1002 2339 1082 2402 enim
1103 2359 1288 2420 proponere
1316 2351 1348 2402 et
1369 2339 1494 2415 dicere,
1527 2337 1654 2422 quaidin

341 2435 563 2499 controversia
591 2435 645 2498 sit.
694 2436 787 2520 Ergo
809 2435 843 2497 in
863 2433 1043 2497 narratione
1065 2433 1208 2515 aperitur
1228 2452 1338 2508 causa,
1368 2454 1431 2497 non
1453 2432 1655 2496 constituitur
1687 2427 1691 2436 '

342 2529 576 2593 controrersia.
634 2531 680 2592 At
701 2529 732 2591 in
750 2527 923 2611 partitione
944 2526 1068 2588 tametsi
1076 2524 1228 2607 ‚aperitur
1249 2545 1362 2598 carrea,
1394 2536 1497 2588 tamen
1523 2536 1556 2587 et
1577 2537 1699 2588 con-2⁰

344 2623 481 2686 stituitur
499 2625 736 2698 controversia,
760 2633 794 2684 ut
817 2642 879 2685 non
898 2641 990 2681 :enirm
1008 2619 1073 2695 sit,
1096 2620 1154 2682 sed
1168 2629 1334 2702 artuumque
1348 2617 1415 2682 fiat.
1459 2620 1541 2682 Nam
1556 2615 1656 2699 aperit

343 2718 448 2800 ntique
477 2737 621 2790 cumam,
660 2715 732 2799 qrria
762 2715 927 2797 partitor:
961 2733 1148 2797 quamquam
1169 2711 1232 2774 alio
1258 2713 1352 2775 modo
1375 2711 1476 2794 aperit
1505 2731 1596 2792 qnam
1625 2709 1657 2772 in

343 2811 535 2874 narratione.
580 2810 684 2887 Qutrm
709 2807 788 2870 enim
808 2809 902 2870 dicit:
936 2808 1103 2870 Dicturus
1117 2825 1194 2868 aum
1211 2806 1252 2867 tle
1267 2805 1346 2877 illo:
1378 2815 1484 2887 aperta
1500 2815 1547 2866 est
1562 2823 1656 2865 carisa

342 2903 528 2985 partitione,
551 2903 614 2963 boc
635 2912 700 2976 est,
724 2900 959 2964 distributione.
1003 2900 1083 2961 Item
1105 2897 1136 2960 in
1159 2898 1218 2960 alia
1237 2897 1427 2979 partitione:
1451 2918 1546 2981 qtanm
1575 2894 1652 2958 dici-

342 3009 411 3060 tur:
433 2995 528 3061 utnd
546 2991 771 3084 manifestum
784 3006 853 3069 est,
876 2994 963 3058 illud
982 3004 1149 3076 negatum·
1170 2991 1277 3073 utique
1297 2991 1438 3072 aperitur
1460 3011 1577 3066 carisa,
1598 2991 1699 3062 sedas

343 3091 529 3172 partitione,
563 3099 597 3148 ut
622 3087 773 3150 diximus:
804 3088 835 3149 in
864 3109 904 3152 eo
930 3099 1032 3150 tameo
1058 3083 1261 3149 constituitur
1283 3083 1525 3159 controversia,
1558 3105 1654 3167 quum

342 3185 414 3266 quid
436 3184 469 3244 in
491 3179 691 3244 confessione
714 3180 771 3254 sit,
806 3183 960 3258 docetur,
996 3178 1071 3264 qatid
1088 3180 1119 3239 iu
1139 3176 1320 3259 negatione.
1365 3177 1438 3240 Alia
1457 3189 1559 3240 autem
1581 3198 1656 3260 par-

342 3278 429 3351 titio,
455 3295 536 3356 qum
558 3273 738 3338 distributio
759 3287 973 3356 nunccupatur,
1007 3283 1116 3354 potest
1142 3269 1265 3352 aperire
1296 3281 1413 3333 truttam
1436 3291 1578 3347 cansam,
1602 3289 1656 3332 res

343 3371 578 3434 entrmerando:
610 3379 641 3429 at
672 3389 767 3448 qtrrun
787 3366 840 3430 vel
862 3369 959 3430 verba
981 3365 1154 3448 iunguntur
1178 3362 1229 3425 vel
1250 3362 1375 3438 oratio,
1400 3385 1481 3447 quae
1507 3365 1590 3428 dicat
1617 3368 1657 3428 de

345 3464 485 3546 bisesse
518 3461 700 3536 dicendum,
731 3473 805 3524 ttroc
827 3459 1030 3523 constituitur
1069 3456 1307 3521 controversia:
1328 3469 1502 3540 quaestor
1532 3463 1657 3524 Verres
1668 3479 1701 3530 an

333 3555 436 3646 sirit,
469 3557 621 3636 legatus,
649 3567 793 3636 praetor
813 3554 982 3628 urbanus,
1013 3563 1163 3635 praetor.
1189 3549 1387 3615 Siciliensis.
1447 3551 1534 3614 llaec
1556 3553 1656 3616 solum

345 3651 452 3712 dicere
474 3647 598 3728 aperire
620 3667 744 3709 causam
765 3657 835 3708 est:
859 3648 912 3708 sed
930 3645 1101 3727 partitione
1116 3666 1174 3725 per
1197 3643 1461 3706 distributionem.
1512 3648 1559 3708 At
1578 3665 1657 3706 vero

344 3741 420 3803 illud
439 3741 630 3822 adiungere,
653 3759 760 3823 quare
776 3741 857 3801 boec
871 3739 937 3801 erit
956 3739 1208 3822 quadripertito
1221 3735 1417 3800 distributio
1435 3737 1543 3800 totius
1559 3757 1658 3799 oecu-

345 3833 491 3896 sotionis
513 3852 625 3902 meae:
644 3833 708 3894 boo
723 3843 770 3893 est
791 3832 981 3894 constituere
999 3831 1262 3895 controversiam.
1307 3831 1433 3913 ltaque,
1458 3841 1492 3892 ut
1508 3829 1654 3906 diximus,

346 3927 475 4007 partitio
497 3925 619 4007 species
639 3925 734 3987 babet
755 3927 849 3988 diras:
883 3945 993 4000 unam,
1018 3945 1117 4009 quae,
1142 3923 1218 4007 quid
1241 3943 1311 3984 cnm
1332 3921 1520 3986 adversariis
1537 3943 1655 3985 conre-
1668 3945 1702 3996 ³5

346 4019 425 4092 niat,
450 4020 562 4093 docet,
586 4017 715 4101 etquid
734 4017 765 4079 in
787 4017 1007 4081 controversia
1028 4017 1084 4091 sit:
1121 4017 1268 4091 alteram,
1300 4035 1379 4098 quae
1405 4014 1655 4078 distributionem

346 4111 439 4174 babet
465 4111 678 4174 membrorum
699 4108 730 4172 in
751 4110 902 4192 reliquam
923 4110 1114 4174 orationem.
1159 4111 1217 4174 llla
1238 4108 1386 4190 superior
1411 4107 1533 4189 species
1560 4127 1655 4188 quum

346 4203 570 4286 proposuerit,
594 4202 670 4285 quid
691 4202 881 4278 conveniat,
904 4203 935 4266 id
955 4203 1058 4284 ipsum
1081 4207 1120 4264 ad
1140 4224 1175 4266 se
1197 4203 1343 4278 inclinat,
1368 4215 1402 4264 ut
1422 4221 1482 4282 pro
1507 4221 1540 4262 se
1562 4200 1657 4262 iaciat

347 4297 395 4373 id,
418 4298 508 4380 qnod
528 4295 727 4359 adversarius
749 4297 935 4361 confitetur:
968 4310 1080 4380 postea
1098 4317 1178 4361 vero
1202 4296 1364 4380 subiungit
1385 4295 1433 4370 id,
1457 4296 1543 4376 qtaod
1564 4293 1604 4356 sit
1626 4293 1657 4355 in

348 4390 582 4453 controversia.
626 4390 717 4452 Fecit
737 4391 801 4454 boc
824 4389 941 4454 Cicero
958 4411 1020 4472 pro
1043 4392 1095 4454 M.
1120 4391 1246 4454 Tullio:
1277 4391 1421 4462 Dicam,
1445 4387 1566 4470 inqiut,
1591 4387 1701 4459 nimia

340 4479 484 4572 suetam
504 4504 529 4546 n
549 4488 588 4547 P.
611 4483 705 4547 Fabii
713 4481 885 4574 familia:
903 4483 1097 4546 odoeramii
1118 4503 1187 4544 non
1208 4495 1347 4565 negant.
1392 4483 1454 4543 Hic
1476 4481 1655 4564 proposuit,
1758 4491 1761 4496 “

349 4580 433 4659 qnod
472 4576 646 4640 adversarii
676 4577 845 4640 fateantur.
901 4577 1023 4642 Deinde
1061 4576 1164 4658 ipsum
1197 4595 1256 4657 pro
1299 4595 1334 4638 se
1369 4573 1467 4650 iecit,
1510 4575 1658 4638 dicendo:

420 4770 450 4820 2.
468 4780 508 4818 ω
526 4763 566 4816 ori
578 4771 762 4836 partitionem
780 4771 927 4818 veniemus
945 4765 994 4820 cd.
1014 4767 1078 4820 Bas.
1097 4765 1151 4821 Oa.

424 4843 453 4898 lt.
472 4839 619 4892 dicendum
636 4839 760 4909 videtur]
780 4857 818 4894 ee
833 4847 914 4913 prius
931 4840 1077 4893 dicendum
1095 4850 1138 4894 cst
1168 4839 1217 4894 Cd.
1238 4843 1300 4895 Bai.
1320 4841 1373 4896 On.

418 4919 446 4974 5.
464 4915 532 4986 quid
555 4921 670 4968 Intersit
699 4921 774 4969 inter
794 4921 979 4987 partitionem
998 4926 1028 4969 ct
1046 4916 1223 4984 divisionem]
1251 4915 1352 4972 Conler
1383 4915 1547 4986 Quintilian.
1566 4915 1616 4969 lib.
1638 4919 1666 4972 7.

351 5005 407 5064 up·
423 5003 467 5124 1¹6
475 4995 616 5134 cipriiitur
634 5082 658 5118 c.
675 5073 703 5115 et
721 5067 766 5136 m]
786 5061 835 5120 Cd.
855 5065 918 5118 Bas.
937 5093 975 5108 ·-
993 5071 1122 5134 aperitur
1141 5084 1166 5120 r.
1186 5071 1217 5118 in
1235 5083 1263 5119 rt.
1284 5063 1354 5119 Edd.
1374 5065 1428 5122 Οι.

421 5145 467 5200 bo.
486 5139 576 5209 Fecit]
596 5137 646 5194 cd.
666 5139 728 5198 Bas.
748 5169 785 5184 -
802 5137 880 5206 sarit
898 5137 967 5194 Edi.
988 5141 1042 5196 On.
