4434 5959
552 573 615 636 36⁰
1076 573 1313 641 BOETHIUS

549 715 632 778 tiens
652 713 684 777 in
705 713 885 778 conditione
906 715 1073 798 proposita
1093 717 1146 789 id,
1184 720 1271 800 quod
1296 721 1520 806 consequitur,
1558 721 1643 788 tollit
1665 725 1856 808 assumptio,

550 821 585 873 ut
605 811 655 884 id,
690 812 776 893 quod
803 823 1038 892 praecesserat,
1071 810 1288 889 interimatur,
1313 815 1375 877 boc
1397 817 1511 879 modo:
1546 817 1585 880 se·
1605 819 1706 881 Ιιοιιιο
1728 831 1780 882 est
1805 820 1859 885 Ci-

549 925 649 979 cero,
686 903 816 966 unimd
840 915 904 968 est.
960 904 1131 968 Antecedit
1156 907 1271 982 homo,
1308 907 1451 993 seqnitur
1476 909 1602 973 animal.
1646 910 1679 973 Si
1702 911 1861 996 igiturex

551 998 758 1081 consequenti
783 996 892 1061 iacere
910 1011 1129 1082 argumentum
1154 1000 1267 1076 velim,
1292 1001 1413 1064 dicam:
1435 1003 1531 1088 utqui
1551 1025 1620 1068 non
1644 1016 1696 1068 est
1721 1007 1860 1070 animal.

526 1091 703 1176 schuitur
725 1110 794 1153 esse
818 1112 858 1154 ne
875 1091 1033 1155 hominem
1058 1095 1201 1176 quidem,
1236 1096 1291 1158 sed
1310 1095 1341 1157 id
1360 1096 1529 1178 perspicue
1544 1097 1656 1160 falsum
1677 1111 1738 1162 est.
1783 1102 1863 1164 Esse

551 1187 631 1252 enim
656 1186 816 1250 bominem
838 1197 984 1261 constat;
1020 1187 1133 1250 falsum
1161 1199 1208 1251 est
1234 1188 1330 1272 igitur
1356 1189 1468 1254 animal
1499 1213 1563 1254 non
1597 1211 1679 1255 esse.
1740 1195 1864 1256 Trullius

550 1282 650 1368 igitur
671 1280 782 1343 animal
803 1293 871 1344 esta
895 1292 926 1344 et
947 1281 999 1344 bic
1019 1280 1175 1344 dictorum
1198 1282 1342 1364 superius
1364 1286 1516 1346 secundus
1539 1295 1587 1348 est
1610 1288 1734 1349 modus.
1769 1285 1864 1366 Quod

549 1377 577 1442 si
599 1395 615 1439 a
631 1376 882 1458 repugnantibus
900 1376 972 1454 fiat,
996 1374 1143 1438 intentio
1162 1375 1281 1439 scilicet
1301 1379 1397 1441 modo
1413 1377 1607 1460 digestarum
1623 1378 1770 1461 superins
1790 1401 1865 1443 con·

551 1472 724 1534 elusionum
745 1469 895 1533 iaciemus
917 1469 981 1533 ita:
1019 1471 1120 1545 Non,
1144 1469 1176 1533 si
1195 1471 1298 1533 bomo
1312 1483 1364 1534 est
1379 1473 1537 1547 Tullius,
1559 1471 1690 1536 animal
1710 1493 1779 1536 ιιοιι
1800 1485 1862 1537 est.

506 1569 722 1649 toRepuguat
743 1563 824 1627 enim
847 1585 916 1628 esse
937 1562 1096 1628 hominem
1121 1575 1152 1626 et
1174 1563 1287 1627 animal
1309 1586 1373 1629 non
1400 1585 1480 1628 esse.
1537 1567 1601 1631 Hic
1621 1567 1647 1629 si
1672 1587 1864 1629 assumamus

550 1683 618 1724 esse
632 1658 811 1732 bominem,
835 1657 947 1720 animal
968 1679 1097 1742 qunque
1113 1681 1180 1723 esse
1194 1671 1281 1722 recta
1295 1657 1418 1722 ratione
1430 1658 1651 1722 'concludimus
1663 1660 1731 1722 boc
1746 1661 1864 1723 modo:

547 1752 645 1840 utqui
665 1755 766 1815 homo
788 1763 859 1814 est:
886 1752 1017 1816 animal
1038 1753 1148 1837 igitur
1173 1765 1236 1817 est.
1281 1753 1390 1839 Atque
1412 1753 1463 1816 bic
1485 1752 1610 1835 quidem
1630 1753 1743 1816 modus
1765 1773 1862 1816 exea

547 1845 770 1933 propositione
789 1865 933 1908 connexa
956 1867 1131 1911 conversus
1150 1859 1215 1921 cst,
1240 1867 1320 1929 quae
1340 1869 1380 1910 ex
1402 1849 1522 1910 duabus
1539 1845 1642 1910 iuncta
1657 1857 1705 1910 est
1725 1847 1861 1909 affirma-

547 1943 633 2006 tivis.
678 1939 739 2004 His
764 1939 864 2022 igitur
886 1940 987 2002 tribus
1015 1941 1116 2004 modis
1140 1939 1283 2016 Ttrllius,
1317 1939 1371 2022 qui
1391 1941 1488 2004 homo
1509 1951 1610 2015 esset,
1645 1940 1760 2002 animal
1781 1961 1862 2025 quo·

504 2058 608 2120 15an
634 2054 704 2097 esse
726 2043 917 2096 monstratus
941 2044 1010 2095 esta
1034 2054 1116 2096 nunc
1132 2033 1273 2118 quidem,
1297 2035 1370 2096 dum
1387 2033 1437 2109 id,
1463 2036 1553 2118 quod
1574 2033 1749 2108 antecedit,
1775 2054 1862 2096 assu·

546 2129 676 2202 mimus,
699 2128 730 2189 id
750 2136 814 2200 cst,
839 2147 908 2189 esse
925 2125 1103 2201 bominem
1126 2149 1208 2190 nunc
1230 2147 1330 2203 vero,
1355 2129 1427 2190 dum
1454 2127 1507 2202 id,
1532 2130 1619 2211 quod
1639 2126 1858 2212 consequitur,

544 2224 575 2287 in
602 2220 819 2302 assumptione
840 2222 1050 2304 denegamus,
1073 2223 1192 2296 idest,
1217 2241 1281 2284 uon
1303 2241 1372 2284 esse
1391 2219 1519 2296 animal;
1543 2242 1626 2284 nunc
1644 2233 1750 2284 autem
1767 2241 1862 2303 repu-

545 2316 706 2402 gnantiam
722 2317 912 2398 denegantes
934 2335 1064 2391 eorsum,
1089 2335 1171 2400 quae
1190 2312 1249 2377 sibi
1268 2323 1340 2376 sunt
1355 2313 1596 2398 consequentia,
1620 2313 1749 2396 posito,
1774 2315 1862 2399 quod

543 2409 773 2494 praecedebat,
798 2406 851 2483 id,
875 2410 964 2492 qnod
983 2409 1193 2491 sequebatur,
1217 2407 1390 2472 intulimus.
1436 2407 1559 2489 Quibus
1581 2409 1624 2472 ita
1646 2406 1861 2492 praecognitis

500 2523 626 2574 contine
648 2503 699 2564 M.
720 2499 819 2564 Tullii
839 2510 1010 2564 tractemus
1032 2501 1190 2583 exempla.
1235 2502 1339 2582 Quum
1364 2501 1446 2565 enim
1469 2502 1616 2578 dixisset,
1639 2500 1704 2564 loci
1730 2501 1761 2563 in
1782 2523 1861 2564 con·

541 2595 723 2668 secutione,
757 2595 971 2658 antecessione
997 2606 1029 2658 et
1053 2594 1263 2679 repugnantia
1288 2595 1385 2678 positi
1410 2595 1590 2678 reperiendi
1613 2595 1738 2680 quidem
1763 2615 1861 2680 argu·

541 2689 634 2754 menti
650 2687 822 2770 simplicem
837 2709 908 2752 esse
923 2689 1129 2765 intellectum,
1146 2691 1298 2752 tractandi
1314 2700 1415 2752 autem
1432 2690 1601 2771 triplicem,
1619 2688 1750 2752 adiecit:
1776 2690 1858 2752 Nam

539 2785 616 2871 quid
641 2784 796 2858 interest,
820 2806 916 2866 quum
940 2783 996 2846 tibi
1019 2782 1190 2866 sumpseris
1210 2785 1249 2846 ad
1273 2785 1547 2846 demonstrandum
1565 2781 1729 2866 pecuniam
1748 2802 1859 2844 nume-

537 2891 637 2942 ratam
662 2877 785 2941 mulieri
815 2877 943 2952 deberi,
976 2875 1028 2940 cui
1060 2876 1102 2939 sit
1134 2887 1298 2958 argentum
1324 2896 1416 2940 omne
1439 2877 1594 2960 legatum,
1630 2888 1736 2940 utrum
1759 2875 1792 2938 id
1818 2877 1858 2937 ab

495 2996 528 3048 ις
538 2971 812 3045 antecedentibus
837 2993 876 3034 an
894 2992 912 3033 a
927 2966 1212 3054 consequentibus,
1237 2989 1274 3030 an
1291 2990 1307 3032 a
1324 2969 1572 3054 repugnantibus
1589 2969 1734 3052 probes?
1758 2972 1858 3034 Nam·

538 3089 599 3151 que
618 3068 726 3130 eadem
749 3065 903 3128 sententia
925 3065 956 3128 in
972 3063 1176 3127 conclusione
1199 3062 1363 3147 colligitur
1378 3075 1409 3126 et
1424 3062 1733 3176 argumentationum
1749 3062 1857 3126 direr-

462 3240 465 3245 Α
537 3161 613 3224 sitas
629 3180 692 3223 non
709 3158 742 3221 in
744 3179 814 3240 re,
838 3158 920 3222 sed
910 3181 941 3221 m
961 3155 1210 3221 antecedentium
1227 3168 1258 3218 et
1278 3147 1536 3238 consequentium
1559 3171 1590 3221 et
1608 3155 1856 3240 repugnantium

535 3266 672 3319 tractatu
694 3265 742 3316 est
764 3253 946 3316 constituta.
990 3251 1132 3316 Primum
1155 3249 1253 3333 igitur
1273 3250 1445 3330 [ponatur,
1469 3253 1570 3335 quod]
1592 3262 1780 3315 testamento
1798 3249 1856 3313 ali·

536 3349 606 3434 quis
636 3368 728 3411 omne
750 3368 838 3408 suttm
862 3358 1027 3431 argentum
1055 3343 1178 3406 mulieri
1198 3343 1374 3428 legaverit,
1406 3357 1657 3428 quaeraturque,
1681 3367 1722 3408 an
1745 3365 1855 3407 nome·

494 3453 604 3514 sonata
628 3460 756 3545 quoque
775 3440 908 3548 pecunia
927 3438 1049 3502 mulieri
1067 3438 1171 3523 legata
1192 3436 1247 3512 sit,
1274 3440 1529 3523 concedaturque
1551 3451 1745 3502 numeratam
1762 3437 1855 3501 etiam

536 3532 701 3619 pecuniam
729 3513 894 3616 argentium
917 3532 1083 3639 appellari.
1142 3533 1372 3616 Argumentum
1396 3529 1494 3613 igitur
1515 3529 1545 3594 in
1567 3531 1671 3638 primo
1695 3533 1793 3594 modo
1817 3553 1856 3594 ea

537 3625 793 3693 antecedentibus
814 3626 870 3689 tali
890 3627 1017 3690 ratione
1039 3625 1232 3689 contexitur.
1285 3625 1501 3706 Proponimus
1525 3625 1624 3688 euim:
1648 3625 1688 3691 Si
1706 3623 1856 3707 pecunie

535 3722 676 3804 signata
701 3731 947 3805 nunterutnque
972 3731 1157 3802 argentum
1181 3730 1253 3793 cst,
1283 3719 1403 3782 eodem
1421 3721 1568 3803 pecunia
1596 3729 1782 3782 numerata
1802 3729 1855 3780 ot-

535 3839 599 3902 que
625 3814 767 3898 signata
791 3817 907 3898 legato
935 3813 1071 3876 mulieri
1098 3824 1162 3876 est.
1220 3811 1283 3875 Hic
1314 3811 1411 3896 igitur
1440 3813 1621 3895 praecedit,
1658 3825 1853 3876 numeratam

492 3923 630 3996 ,satque
659 3909 812 3992 signatam
846 3907 1010 3990 pecuniam
1033 3916 1199 3994 argentum
1222 3927 1312 3981 esse,
1345 3907 1506 3990 sequitur,
1530 3906 1667 3990 legatam
1690 3926 1761 3968 esse
1786 3929 1852 3968 mu·

536 4003 617 4068 lieri.
662 4003 702 4066 ld
723 4003 835 4087 igitur,
868 4004 954 4087 quod
975 4002 1163 4084 praecessit,
1189 4000 1370 4064 assumimus
1394 4002 1554 4065 dicentes:
1577 4010 1686 4064 otest
1711 4000 1855 4084 signatu

533 4121 575 4161 ac
599 4108 781 4162 numerato
798 4096 945 4180 pecunia
963 4106 1158 4179 argentum.
1206 4093 1449 4170 concludimus,
1474 4105 1664 4157 numeratam
1680 4094 1853 4178 signatam·

534 4215 596 4278 qne
619 4192 784 4274 pecuniam
810 4189 933 4253 mulieri
961 4210 1029 4252 esse
1054 4188 1208 4272 legatam
1233 4187 1355 4270 eritque
1374 4189 1471 4252 totins
1492 4187 1777 4273 argumentationis
1803 4189 1852 4249 bic

534 4299 659 4350 textus:
684 4286 722 4350 Si
741 4285 888 4368 pecunia
907 4284 1047 4368 signatu
1065 4294 1311 4366 numerataque
1333 4295 1515 4366 argentum
1536 4295 1605 4356 est,
1635 4284 1754 4365 legata
1780 4303 1854 4344 mu·

492 4381 611 4450 tolieri
638 4391 708 4450 eata
740 4389 778 4441 at
804 4389 855 4441 est
882 4376 1028 4460 pecunia
1052 4376 1193 4458 signatu
1223 4389 1468 4462 numerataque
1504 4387 1705 4461 argentum:
1740 4373 1853 4454 igitur

535 4479 653 4557 legato
674 4483 724 4534 est
746 4471 896 4534 mulieri.
942 4470 979 4534 ln
1000 4490 1066 4552 quo
1088 4471 1118 4532 si
1133 4472 1170 4531 ad
1186 4470 1312 4551 saepius
1332 4471 1500 4552 praemissa
1518 4469 1724 4554 plurimisque
1746 4489 1854 4530 enem-

536 4568 598 4652 plis
627 4565 772 4647 suiperius
803 4566 936 4627 enodata
966 4563 1096 4626 lectoris
1127 4561 1248 4626 animus
1269 4575 1464 4637 revertatur,
1500 4564 1579 4626 banc
1603 4564 1854 4647 argumentatio·

536 4683 608 4724 nem
628 4659 658 4721 in
681 4659 785 4741 primo
810 4663 905 4722 modo
928 4661 969 4721 ab
988 4658 1245 4720 antecedentibus
1266 4677 1335 4720 csse
1359 4659 1566 4738 compositam
1590 4676 1651 4721 non
1676 4658 1853 4741 ignorabit.

538 4757 568 4820 A
593 4751 860 4835 consequentibns
884 4773 961 4815 vero
984 4754 1048 4814 boc
1066 4754 1178 4813 niodo:
1213 4751 1250 4815 si
1271 4764 1452 4816 numerato
1469 4751 1614 4834 pecunia
1635 4771 1703 4816 non
1726 4763 1779 4815 est
1807 4753 1854 4814 le·

494 4861 621 4932 negata
652 4845 805 4918 mulieri,
843 4846 899 4908 cui
930 4845 974 4908 sit
994 4857 1178 4928 argentum
1204 4865 1303 4909 omne
1332 4849 1502 4930 legatum,
1540 4856 1722 4908 numerato
1749 4867 1854 4928 pecto

535 4943 595 5005 nin
622 4959 691 5004 non
718 4949 769 5000 est
799 4951 995 5022 argentum.
1055 4940 1118 5000 illc
1140 4939 1240 5023 igitur
1262 4941 1441 5021 praecedit,
1471 4949 1660 5002 numeratam
1686 4942 1848 5019 pecuniam

613 5153 659 5208 2o.
675 5153 815 5220 pomer,
832 5145 907 5219 qnod
924 5161 970 5200 ent
1001 5143 1078 5203 Etna.
1100 5147 1189 5203 Parta·
