4434 5959
549 590 611 653 160
1053 582 1345 650 VICTORINUS
1414 595 1416 605 '

556 726 676 809 inagis,
706 723 733 787 si
752 723 926 809 legiiinnun
946 721 1096 806 scripturn
1119 724 1173 787 sit.
1217 724 1330 789 Tertio
1357 725 1431 791 ioco
1457 714 1550 791 debet
1570 726 1718 793 inducere
1743 730 1865 795 iactum

550 825 589 885 ab
612 821 814 883 adversario:
846 827 961 901 postea·
988 838 1177 898 comparare
1198 840 1267 881 cunr
1290 820 1410 901 scripto
1435 821 1487 897 id,
1525 825 1611 906 qnod
1638 823 1753 887 sactum
1784 838 1859 890 est:

550 913 660 977 deinde
685 912 804 985 dicere,
841 914 926 994 quod
955 909 1049 975 iudex
1076 910 1107 973 in
1129 911 1230 994 legem
1257 910 1376 975 istratus
1396 914 1462 977 sit:
1499 913 1610 977 deinde
1632 914 1859 1000 interrogare,

552 1008 628 1092 qirid
650 1006 708 1077 sit,
732 1007 818 1086 qrrod
830 1026 869 1067 ex
884 1006 1012 1066 adversa
1026 1014 1116 1084 parte
1125 1003 1265 1067 dicatur:
1290 1004 1390 1069 modis
1403 1017 1504 1069 autern
1524 1006 1618 1069 variis
1633 1008 1856 1094 interrogare,

522 1101 642 1163 scindo
651 1097 793 1181 indicens,
808 1098 901 1159 niodo
910 1096 1135 1171 adversarium,
1151 1099 1245 1160 modo
1258 1096 1357 1179 ipsum
1367 1119 1401 1161 se
1413 1120 1483 1161 curn
1498 1100 1701 1164 admiratione
1710 1101 1860 1167 interro-

549 1213 644 1276 gare:
662 1202 692 1250 et
711 1190 909 1273 interrogare
926 1192 1019 1253 haec:
1043 1201 1159 1253 utrum
1173 1190 1338 1272 scriptum
1353 1204 1497 1274 negetur
1511 1213 1583 1274 esse
1601 1191 1669 1266 sie,
1693 1196 1860 1277 quemad-

547 1287 684 1351 modum
706 1284 883 1368 loqrrirurt
904 1295 936 1345 et
951 1304 996 1345 an
1010 1284 1053 1346 ab
1074 1283 1272 1345 adversario
1287 1280 1532 1373 alieuifnctum
1551 1285 1617 1360 sit,
1641 1306 1743 1368 pisam
1761 1288 1860 1349 dica·

547 1380 633 1443 tur?
653 1399 698 1441 on
716 1389 837 1439 contro
857 1375 924 1437 dici
950 1374 1037 1437 nibil
1051 1377 1189 1455 possit?
1210 1375 1320 1437 deinde
1336 1376 1545 1440 concludere:
1568 1399 1672 1460 quum
1690 1380 1861 1463 scriptum

552 1473 602 1536 ito
622 1472 667 1534 sit
686 1482 719 1533 et
742 1470 785 1531 ab
805 1468 1004 1531 adversario
1015 1465 1163 1558 factum
1182 1479 1215 1531 et
1237 1467 1287 1529 ita
1300 1465 1448 1556 foetum
1477 1489 1544 1529 non
1566 1481 1726 1551 negetur,
1765 1472 1859 1555 priori

505 1580 680 1629 aerumma
704 1562 852 1625 stultitia
883 1562 929 1624 sit
950 1573 1072 1623 contro
1101 1560 1225 1623 dicere.
1269 1560 1390 1622 Deinde
1421 1560 1563 1624 recitatio
1593 1562 1735 1645 seqnitur
1754 1564 1860 1647 ipsius

548 1660 655 1739 scripti
676 1657 825 1739 frequens
847 1664 879 1716 et
900 1654 1095 1734 comparatio
1117 1651 1192 1715 facti
1211 1674 1279 1715 curn
1299 1653 1438 1733 scripto,
1465 1652 1554 1715 vario
1577 1656 1690 1729 niodo:
1713 1677 1796 1720 nnnc
1813 1660 1857 1721 ad

544 1750 697 1830 teipsum
723 1760 755 1809 ut
776 1749 905 1819 redeas:
929 1766 1009 1807 nnnc
1031 1749 1070 1832 ad
1090 1744 1207 1807 iudices
1230 1746 1286 1807 ista
1310 1756 1440 1807 tractes.
1485 1747 1546 1807 Sed
1569 1748 1607 1807 ad
1622 1745 1741 1810 iudices
1758 1772 1857 1833 qrrrun

515 1843 676 1917 ·dieitur,
701 1842 924 1905 ostendendum
947 1850 1012 1912 est,
1036 1840 1111 1921 qrrid
1132 1838 1220 1923 sequi
1242 1837 1357 1901 iudices
1381 1840 1532 1911 debeant:
1565 1841 1650 1921 quod
1672 1842 1791 1905 duabus
1812 1847 1856 1907 de

544 1937 644 1998 caruis
666 1933 706 1995 sit
727 1936 811 2013 apud
832 1932 947 1994 iudices
969 1932 1137 2005 dubitatio,
1161 1932 1189 1994 si
1210 1943 1262 1993 aut
1284 1934 1420 1993 obscure
1443 1932 1592 2012 scriptum
1616 1929 1656 1991 sit
1670 1944 1723 1996 aut
1739 1938 1855 1999 adrer-

503 2028 645 2093 cesarius
668 2025 784 2109 aliquid
813 2036 925 2107 neget:
962 2035 994 2085 at
1015 2025 1067 2085 bic
1088 2036 1255 2107 utrumque
1277 2024 1473 2087 manifestum
1505 2044 1591 2097 esse:
1625 2026 1704 2086 unde
1735 2026 1857 2091 iudices

544 2139 656 2202 parere
678 2118 742 2201 legi
763 2129 908 2197 oportet,
937 2138 1000 2180 non
1022 2116 1223 2199 interpretari
1246 2117 1362 2201 legem.
1417 2118 1498 2181 Post
1519 2116 1598 2179 baec
1618 2116 1856 2203 subiunguntur

498 2282 501 2287 ,
544 2234 596 2285 ea,
623 2232 703 2293 quiae
722 2222 833 2293 contra
855 2231 925 2273 euin
945 2211 1108 2285 dicuntur,
1133 2211 1188 2295 qui
1210 2210 1307 2273 rstitrrr
1321 2210 1485 2273 sententia.
1529 2210 1571 2271 Et
1590 2210 1737 2290 quioniam
1757 2232 1857 2293 supra

544 2303 698 2368 diximus:
728 2304 901 2367 Sententia
921 2315 981 2365 ortt
1002 2304 1094 2366 idem
1110 2322 1243 2385 semper
1260 2314 1388 2385 spectat
1411 2314 1471 2365 aut
1495 2303 1542 2365 ad
1558 2313 1693 2384 ternpus
1717 2326 1855 2370 accom-

434 2426 439 2433 ·
545 2398 722 2467 moriatur:
750 2395 778 2458 si
799 2397 838 2457 ad
858 2397 938 2459 idem
961 2409 1104 2478 spectare
1127 2396 1240 2457 dicitur
1261 2395 1432 2471 sententia,
1464 2395 1533 2470 iile,
1558 2395 1611 2478 qrri
1633 2396 1755 2477 scripto
1777 2400 1854 2461 niti-

502 2500 612 2565 rotur,
651 2488 725 2550 dicit
751 2509 813 2551 non
845 2500 995 2570 oportere
1020 2510 1078 2552 nos
1105 2492 1143 2551 de
1175 2490 1337 2550 roirrntate
1370 2509 1541 2573 quaerere,
1576 2509 1669 2571 quum
1699 2492 1854 2571 scripturn

544 2593 664 2655 exstet,
690 2584 775 2664 quod
799 2581 943 2644 indicium
964 2593 1011 2645 est
1032 2582 1221 2655 voluntatis;
1245 2582 1354 2644 deinde
1377 2584 1606 2644 incommodum
1629 2601 1715 2658 esse,
1740 2585 1768 2646 si
1789 2587 1855 2647 boe

542 2675 738 2749 instituatur,
763 2686 797 2736 ut
806 2676 845 2735 ab
857 2675 977 2755 scripto
992 2677 1177 2737 recedatur:
1202 2697 1269 2737 narn
1282 2677 1328 2737 sic
1341 2696 1397 2739 nec
1405 2675 1577 2757 scriptores
1589 2685 1690 2736 ratuni
1706 2675 1852 2739 iutruurn

543 2772 688 2843 credent,
713 2770 798 2849 quod
819 2767 1022 2849 scripserint,
1052 2777 1085 2829 et
1106 2767 1223 2831 iudices
1245 2770 1394 2832 inceruun
1417 2779 1607 2853 secernentur,
1639 2766 1665 2829 si
1686 2788 1703 2829 a
1728 2772 1852 2849 scripto

542 2865 692 2925 recedere
708 2862 889 2943 coeperint:
903 2862 1012 2924 deinde
1025 2861 1236 2945 diceremagis
1245 2863 1436 2926 voluntatem
1453 2884 1521 2925 enm
1534 2860 1641 2944 sequi,
1663 2862 1718 2944 qui
1729 2862 1853 2943 scripta

501 2974 532 3024 ιι
544 2957 687 3019 defendat
709 2976 800 3037 qnam
815 2976 903 3030 essm,
927 2957 979 3038 qui
994 2957 1238 3036 interpretetur:
1261 2955 1375 3018 certius
1391 2956 1470 3017 enirn
1487 2954 1631 3017 indicium
1647 2972 1716 3016 esse
1734 2958 1852 3017 voiun-

542 3050 615 3112 tatis
637 3048 737 3130 ipsnru
759 3047 925 3130 scripturn.
975 3049 1065 3110 Haec
1086 3050 1237 3111 adversus
1259 3069 1352 3121 eum,
1383 3052 1437 3131 qui
1459 3047 1639 3110 sententiare
1662 3068 1786 3129 serrrper
1808 3052 1853 3113 ad

541 3141 623 3205 idern
655 3153 797 3222 spectare
826 3141 912 3203 dicit.
971 3141 1027 3204 Sin
1058 3149 1159 3203 auteur
1192 3144 1231 3203 ad
1263 3153 1384 3223 ternpus
1413 3139 1642 3205 accommodari
1665 3140 1849 3204 sententiani

542 3235 625 3298 dicet
646 3234 864 3311 adversarius,
889 3237 981 3297 debet
1002 3234 1074 3309 ilie,
1099 3234 1153 3317 qrri
1175 3233 1295 3315 scripto
1318 3234 1442 3309 nititur,
1478 3254 1593 3318 negare
1617 3231 1733 3295 iustum
1755 3255 1847 3310 esse,

541 3340 594 3401 ut,
632 3349 725 3409 qrrrrur
748 3327 860 3409 aliquis
882 3349 916 3390 se
937 3340 1049 3391 contra
1071 3327 1174 3410 legero
1197 3326 1308 3389 iecisse
1331 3326 1483 3403 fateatur,
1514 3328 1626 3390 efferat
1647 3346 1772 3393 cansam
1796 3331 1850 3392 vel

499 3431 531 3481 tt
542 3419 693 3500 temporis
727 3420 778 3481 vei
800 3430 930 3481 eventus
951 3420 1002 3482 vel
1026 3419 1114 3481 aliam
1137 3419 1279 3483 similem.
1338 3420 1460 3482 Deinde
1480 3422 1573 3483 debet
1594 3421 1698 3484 dicere
1720 3441 1849 3502 seraper

541 3504 758 3576 accusatorum
780 3512 894 3587 inisse,
925 3526 982 3587 ut,
1014 3535 1108 3595 qutun
1131 3512 1247 3574 crimen
1269 3513 1483 3587 intenderent,
1506 3513 1581 3576 facti
1602 3535 1725 3577 carisaur
1749 3515 1848 3577 affer·

539 3615 629 3668 rent:
665 3626 747 3666 nrrnc
768 3624 895 3665 reorum
917 3624 1005 3677 esse,
1033 3616 1087 3677 ut,
1112 3626 1206 3686 qirnrn
1228 3606 1378 3681 iecerint,
1415 3608 1501 3688 qrrod
1522 3608 1740 3685 conticebant,
1772 3609 1850 3673 i'acti

540 3696 590 3759 sui
618 3698 748 3759 afferant
778 3716 913 3760 caruem.
971 3698 1051 3759 Post
1081 3696 1158 3757 baec
1187 3709 1249 3759 tres
1281 3700 1370 3762 locos
1399 3701 1492 3760 dcbct
1512 3720 1672 3773 asserere,
1711 3703 1766 3782 qui
1784 3722 1849 3781 pro

540 3791 661 3873 scripto
682 3791 808 3852 nititur:
832 3801 903 3851 sunt
926 3799 1027 3851 erstem
1049 3788 1113 3851 bis‘
1125 3792 1218 3851 nulia
1238 3792 1273 3852 in
1295 3794 1525 3874 legecestram
1545 3794 1850 3875 contrusus-iptrun

498 3884 666 3968 ssaccipi,·
687 3883 723 3947 in
744 3887 807 3945 hnc
825 3884 899 3966 iege
918 3903 986 3947 non
1004 3882 1131 3964 accipi:
1152 3887 1238 3945 hano
1259 3905 1398 3947 causam
1418 3886 1553 3948 minime
1569 3888 1689 3969 accipi.
1733 3888 1847 3961 Haec,

541 3979 584 4043 nti
606 3977 692 4053 dixi,
716 3979 809 4039 debet
830 3985 993 4040 asserere:
1017 3996 1053 4038 ac
1074 3977 1207 4057 primunr
1231 3976 1306 4039 iiiud
1330 3978 1376 4057 (in
1397 3982 1491 4042 nulia
1512 3982 1584 4061 tege
1600 4001 1740 4043 caueam
1756 3981 1848 4041 acrei-

535 4071 697 4154 piendam
717 4075 803 4148 esse)
826 4069 951 4132 babebit
972 4070 1050 4130 baec
1070 4081 1262 4151 praecepta:
1285 4074 1372 4153 qrrod
1393 4073 1541 4154 scriptori
1562 4093 1664 4158 neque
1685 4073 1845 4159 ingenium

538 4162 637 4227 deiuit
658 4166 697 4225 ad
718 4161 903 4226 invenienda
925 4161 1028 4226 omnia
1050 4183 1149 4245 neque
1171 4184 1277 4227 sermo
1299 4168 1337 4227 ad
1353 4167 1560 4247 proferenda:
1583 4167 1610 4230 si
1624 4166 1739 4251 aiiqnid
1756 4160 1845 4230 exci-

632 4386 659 4433 ι.
677 4380 703 4427 si
720 4377 875 4444 legitimum
893 4379 1027 4444 scriptum
1044 4377 1094 4442 sit]
1115 4375 1174 4427 Hoc
1194 4392 1250 4442 ιιι,
1271 4380 1418 4451 interprete
1438 4384 1498 4453 ipso
1517 4380 1625 4449 Tullio,
1650 4395 1697 4435 suc
1716 4380 1761 4434 lex
1782 4388 1844 4455 ipsa

542 4465 589 4505 snt
607 4468 642 4503 ιι
659 4450 718 4523 lege
738 4447 851 4521 aliquid.
871 4454 952 4503 Caes.

630 4531 657 4585 3.
676 4523 750 4597 quod
765 4524 850 4575 iudex
868 4528 900 4575 iu
923 4525 1013 4592 legem
1031 4526 1212 4595 turriensis]
1238 4522 1270 4577 ld
1289 4542 1345 4593 ιιι,
1365 4544 1393 4581 se
1412 4528 1576 4601 legemem
1595 4528 1723 4602 religiose
1742 4530 1845 4583 obser·-

538 4616 674 4655 saturum.
693 4602 774 4652 Care.

615 4682 659 4730 22.
677 4691 743 4725 nam
760 4675 811 4740 sic]
833 4670 892 4725 aid.
909 4689 948 4715 ι-
965 4689 1031 4723 nens
1049 4677 1075 4723 si
1094 4677 1179 4745 Capp.
1198 4704 1236 4717 -
1254 4692 1321 4727 num
1346 4692 1395 4727 nec
1413 4680 1581 4746 scriptorum
1599 4686 1692 4729 eretum
1704 4677 1844 4749 futurarm

538 4750 681 4801 credentes
698 4766 727 4799 se
746 4755 773 4798 ee
791 4749 845 4798 sibi
863 4746 996 4798 debebunt
1013 4752 1196 4819 interpretari
1213 4749 1313 4802 habere
1331 4750 1404 4820 quod
1421 4756 1584 4822 scripserint
1602 4762 1631 4804 et
1649 4752 1778 4806 ereetum
1796 4761 1843 4807 in-

538 4834 644 4877 certum
661 4830 820 4894 sequeretur
838 4822 907 4876 eod.
929 4824 991 4875 Bas.
1010 4822 1063 4875 Oa.

614 4902 657 4955 et.
676 4898 773 4948 drinde
792 4898 893 4963 ‹tic-ere]
917 4896 1035 4968 supple,
1056 4896 1136 4947 dedet
1155 4905 1271 4958 craton·
1292 4895 1371 4969 idque
1391 4916 1423 4951 es
1442 4898 1677 4955 antecedentibus.
1696 4900 1781 4955 Care.

612 4978 656 5031 37.
676 4979 705 5024 in
723 4973 800 5023 niella
817 4973 879 5039 lege
897 4990 1009 5023 caeream
1027 4970 1216 5042 accipiendum
1236 4976 1305 5041 esse]
1327 4976 1365 5025 lis
1385 4974 1608 5028 nntecedentibns
1627 4977 1740 5049 supple,
1768 4996 1841 5029 eon-

537 5057 584 5102 tra
602 5054 753 5119 scriptum:
784 5046 838 5099 boc
854 5062 896 5101 ιιι
914 5060 1010 5100 conus
1028 5044 1135 5118 legem,
1165 5062 1260 5101 conus
1280 5046 1424 5103 formatem
1443 5048 1496 5123 (ιιι
1515 5048 1611 5123 aiunt)
1628 5049 1696 5124 legis
1715 5050 1841 5126 disposi-

537 5130 651 5179 tionem.
670 5124 752 5178 Caes.
