4434 5959
555 562 621 628 tut
1098 557 1335 625 BOETHIUS

459 723 463 728 ’
555 715 628 780 ιιιις
651 703 710 769 alia
731 702 763 766 in
785 701 853 766 eins
875 701 1018 784 partibus
1037 697 1258 783 inspiciendis,
1284 719 1324 762 ex
1346 693 1463 783 quilius
1484 696 1653 779 compositi
1676 696 1784 762 forma
1807 719 1882 762 con·

488 859 493 866 .
557 798 663 862 iuncta
685 809 745 860 est.
804 798 869 860 Sed
890 796 1038 879 quoniam
1061 807 1172 857 natura
1200 791 1362 856 hominum
1394 789 1445 866 id,
1484 794 1571 874 quod
1591 791 1758 876 intelligit,
1799 815 1879 858 voce

557 893 683 972 saepius
704 890 834 972 prodit,
859 908 985 953 necesse
1007 901 1073 965 est,
1097 901 1133 952 ιιι
1154 906 1267 951 nomen
1290 906 1437 969 quoque,
1461 887 1548 970 qnod
1570 886 1609 947 ad
1622 885 1804 949 intellectus
1828 890 1879 949 de·

559 985 765 1048 claratiouem
788 982 971 1056 adhibetur,
998 983 1143 1047 ostendat
1164 979 1300 1063 aliquam
1321 979 1389 1053 rei,
1414 1001 1506 1061 quam
1529 978 1703 1063 significat,
1727 980 1880 1062 proprie·

533 1091 673 1142 atatem:
698 1078 875 1142 intellectus
896 1075 1018 1159 quippe
1040 1077 1222 1159 qualitatem
1246 1072 1315 1148 rei,
1340 1093 1432 1157 quani
1455 1071 1617 1156 iutelligit,
1644 1073 1741 1155 capit.
1792 1073 1881 1154 Quo-

559 1176 643 1237 circa
664 1194 779 1237 nomen
795 1191 930 1255 ,quoquc
952 1170 1130 1233 intellectus
1153 1165 1333 1252 qualitatem
1357 1167 1510 1250 designat.
1558 1168 1632 1232 lure
1647 1167 1745 1250 igitur
1762 1167 1880 1231 dietum

559 1281 626 1343 est,
663 1267 893 1350 proprietatem
924 1266 1079 1348 quandam
1108 1261 1156 1324 rei
1186 1259 1344 1325 vocabulo
1367 1259 1558 1345 significari;
1596 1273 1688 1343 atque
1709 1261 1751 1325 ita
1777 1285 1821 1324 ex
1844 1281 1882 1324 eo

559 1363 642 1425 trabi
662 1371 881 1446 argumentum
904 1370 1027 1442 potest,
1052 1357 1140 1442 quod
1161 1365 1296 1418 vocatur
1318 1375 1335 1418 a
1357 1366 1444 1418 uota.
1487 1355 1614 1419 Horum
1636 1377 1716 1420 vcro
1731 1355 1880 1420 locorum

561 1460 637 1522 alias
657 1456 846 1538 partitiones
874 1456 978 1532 dedit,
1017 1474 1096 1538 quas
1119 1448 1225 1531 paullo
1248 1460 1322 1529 post
1344 1450 1471 1512 brevius
1494 1449 1694 1534 colligemus.
1750 1451 1881 1516 Affecta

518 1560 550 1610 ιθ
563 1571 663 1626 vero,
688 1571 791 1635 «urae,
816 1561 851 1614 nt
872 1548 1017 1630 superius
1040 1547 1156 1610 dictum
1179 1551 1245 1616 est,
1271 1541 1302 1604 in
1318 1543 1471 1607 relatione
1486 1544 1680 1623 consistunt,
1704 1544 1773 1628 ipsa
1789 1544 1880 1610 etiam

560 1646 620 1712 rite
646 1644 747 1707 divisa
778 1653 864 1706 stant.
908 1643 1011 1718 Nam,
1043 1659 1125 1724 quae
1146 1635 1332 1700 reseruntur
1353 1638 1392 1698 ad
1413 1637 1551 1721 aliquid,
1586 1651 1641 1702 aut
1662 1640 1879 1704 substantialia

560 1751 632 1803 sunt
653 1751 708 1802 aut
728 1735 913 1800 accidentia.
960 1731 1204 1798 substantialia:
1245 1735 1278 1794 ιἰι
1300 1729 1488 1814 coniugata;
1523 1754 1594 1794 nam
1622 1731 1724 1809 insto,
1762 1735 1797 1798 io
1820 1755 1876 1808 eo,

559 1835 647 1919 quod
668 1831 768 1895 iustus
791 1841 858 1906 est,
883 1827 999 1891 institia
1020 1825 1224 1890 substantiam
1246 1823 1334 1890 lacit.
1390 1826 1460 1888 Nec
1481 1824 1513 1888 id
1534 1827 1624 1903 dico,
1648 1829 1737 1911 qnod
1756 1825 1879 1894 bomini

560 1946 630 1989 esse
652 1946 693 1987 ex
715 1924 830 1986 iustitia
853 1920 1085 1996 constituatur,
1110 1921 1164 1984 sed
1187 1921 1288 1994 iusto,
1319 1917 1373 2001 qui
1394 1917 1510 1982 iustitia
1532 1921 1709 1986 discedente
1732 1941 1878 1984 corrum-

427 2062 433 2075 ,
518 2033 549 2082 15
560 2018 659 2100 pitur.
705 2015 822 2079 Similis
844 2026 876 2078 et
897 2016 936 2078 de
958 2035 1017 2090 eo,
1042 2015 1129 2096 quod
1149 2025 1196 2077 est
1210 2015 1298 2078 irrata
1313 2013 1482 2090 adverbio,
1506 2014 1588 2079 ratio
1600 2025 1664 2092 pst.
1708 2017 1770 2080 Est
1787 2015 1877 2079 etiam

560 2109 765 2174 substantiale
787 2129 906 2193 genus,
944 2106 1084 2188 species,
1121 2107 1314 2181 differentia,
1339 2127 1456 2182 eausa,
1481 2109 1625 2174 effectus.
1670 2108 1877 2174 Accidentia:

559 2218 594 2268 ιιι
618 2205 834 2279 contrarium,
871 2203 992 2278 simile,
1030 2203 1225 2275 adiunctum,
1264 2201 1377 2282 paria,
1409 2200 1549 2279 maiora,
1575 2203 1709 2266 minora.
1755 2201 1881 2268 Conse·

560 2299 685 2382 quentia
710 2319 789 2362 vcro
812 2308 907 2382 atque
935 2296 1163 2380 repugnantia,
1197 2295 1364 2381 quoniam,
1396 2305 1429 2357 ut
1450 2296 1597 2377 superius
1620 2297 1735 2360 dictum
1758 2309 1828 2371 est,
1851 2296 1880 2358 in

560 2391 743 2456 conditione
775 2391 878 2474 posita
906 2401 997 2467 stant,
1036 2412 1118 2455 ntrnc
1147 2387 1361 2452 substantialia
1382 2389 1604 2470 reperiuntur,
1641 2413 1724 2454 niune
1746 2389 1880 2455 veroin

516 2492 549 2540 2⁰
561 2485 775 2548 accidentibus
797 2483 1052 2550 considerantur.
1107 2481 1348 2556 Substantialia,
1380 2491 1414 2544 ut
1443 2503 1538 2563 quum
1570 2501 1670 2562 genus
1693 2488 1879 2549 anteceden-

534 2590 621 2659 tem
644 2579 799 2660 speciem;
822 2577 1014 2653 accidentia,
1048 2589 1083 2640 ut
1105 2599 1201 2662 quum
1224 2575 1357 2660 nigredo
1380 2579 1617 2656 praecedentem
1640 2578 1785 2662 sequitur
1808 2599 1879 2640 cor·

559 2693 654 2734 virui:
693 2692 881 2756 quamquam
903 2671 997 2734 etiam
1020 2670 1051 2732 in
1074 2671 1175 2734 caussis
1198 2669 1320 2750 aliquae
1343 2669 1521 2732 accidentes
1544 2691 1613 2734 esse
1635 2671 1772 2753 possint.
1830 2671 1879 2734 De

561 2786 693 2847 quarum
727 2766 863 2828 omnium
894 2765 1150 2847 proprietatibus
1172 2763 1298 2826 Tullius
1319 2783 1418 2843 supra
1444 2763 1601 2832 disseruit.
1659 2767 1769 2850 Atque
1792 2765 1878 2827 utin

560 2858 778 2922 brevissimam
809 2857 1053 2939 descriptionem
1083 2869 1152 2922 tota
1180 2858 1324 2921 locorum
1355 2855 1469 2920 m'visio
1499 2858 1688 2942 colligatur,
1726 2859 1789 2922 erit
1819 2859 1878 2920 hoc

516 2957 673 3018 asmodoa
714 2954 818 3016 Omne
840 2963 1058 3034 argiuncutum
1081 2966 1135 3015 aut
1157 2973 1197 3016 cx
1226 2951 1263 3014 iis
1284 2950 1365 3014 locis
1388 2951 1528 3028 ducitur,
1565 2951 1619 3036 qui
1649 2951 1679 3014 in
1710 2953 1801 3034 ipso,
1841 2953 1878 3012 de

560 3068 625 3132 quo
649 3045 828 3131 quaeritur,
862 3045 1048 3120 inhaerent,
1085 3059 1137 3110 aut
1159 3069 1199 3109 ex
1221 3046 1275 3121 iis,
1300 3044 1354 3129 qui
1377 3045 1573 3108 extrinsecus
1598 3059 1811 3110 assumuntur.
1845 3045 1876 3108 ls

521 3190 529 3204 ,
560 3162 640 3204 vero
663 3140 773 3213 locus,
811 3139 917 3223 quiin
939 3139 1034 3220 ipsis,
1072 3141 1112 3202 de
1135 3137 1249 3222 quibus
1272 3137 1460 3221 ambigitur,
1491 3139 1614 3219 positus
1637 3151 1704 3214 est,
1728 3140 1876 3204 dividitur

559 3234 591 3296 in
614 3256 686 3296 eum
709 3234 833 3308 locum,
856 3233 910 3316 qni
933 3245 1042 3296 estex
1065 3244 1152 3309 toto,
1178 3245 1208 3296 et
1230 3233 1261 3295 in
1285 3255 1376 3308 enirn,
1402 3231 1454 3314 qui
1477 3242 1526 3294 est
1547 3253 1587 3294 ex
1608 3233 1770 3315 partibus,
1795 3233 1876 3298 etin

561 3347 649 3402 eum,
672 3325 726 3409 qui
749 3336 860 3389 estex
880 3337 978 3402 nota,
1013 3324 1097 3388 etin
1120 3347 1212 3401 erim,
1244 3323 1298 3408 qui
1320 3335 1368 3388 est
1390 3327 1429 3386 ab
1452 3324 1587 3388 allectis.
1630 3327 1663 3389 Is
1685 3339 1801 3403 autem,
1827 3325 1877 3410 qui

519 3429 579 3482 tta
602 3431 673 3482 toto
696 3431 766 3495 eat,
804 3419 1027 3484 adelinitioue
1049 3420 1140 3483 locus
1164 3431 1309 3483 vocatur.
1354 3417 1583 3483 Definitionum
1607 3440 1684 3484 vero
1708 3421 1786 3484 aliae
1809 3429 1877 3484 siant

561 3512 734 3595 propriae,
758 3513 835 3575 aliae
858 3535 920 3576 non
945 3515 1107 3596 propriae.
1152 3515 1226 3576 Nou
1250 3511 1452 3595 propriarum
1475 3533 1555 3577 vero
1578 3513 1657 3578 aliae
1679 3525 1774 3590 sunt,
1799 3533 1876 3599 quae

562 3605 695 3689 singulis
717 3605 896 3669 nominibus
911 3607 1122 3682 denotantur,
1146 3607 1243 3681 aliae,
1267 3625 1348 3690 quae
1364 3604 1509 3670 oratione
1523 3610 1715 3688 panduntur.
1761 3609 1875 3672 Earum

562 3719 660 3772 vero,
686 3719 768 3783 quae
790 3697 923 3782 singulis
945 3700 1123 3762 nominibus
1147 3700 1248 3776 liunt,
1273 3700 1350 3763 aliae
1373 3710 1461 3775 suut,
1485 3699 1516 3762 in
1541 3701 1654 3784 quibus
1675 3703 1876 3784 pronomine

561 3793 706 3856 redditur
734 3814 869 3869 nomeu,
906 3814 988 3876 quae
1018 3793 1167 3858 dicuutur
1190 3787 1263 3858 κατ’
1295 3789 1469 3874 ἀντίλεξινι
1501 3793 1597 3870 aliae,
1632 3816 1712 3878 quae
1744 3792 1876 3876 exempli

518 3887 664 3971 tagratia
696 3909 812 3951 nomen
845 3887 1033 3963 subiiciunt,
1072 3909 1153 3971 quae
1187 3885 1332 3950 dicuntur
1363 3881 1471 3952 τύποι.
1524 3888 1644 3954 Earum
1669 3907 1768 3964 vero,
1800 3905 1875 3971 quae

562 3979 706 4044 oratione
729 3981 950 4057 declarantur,
975 3982 1054 4046 aliae
1073 3981 1154 4044 fiunt
1176 4000 1192 4041 a
1215 3979 1406 4062 partitionc;
1431 3979 1509 4042 aliae
1524 4001 1542 4042 a
1558 3979 1737 4057 divisione3
1762 3981 1838 4045 aliae
1858 3999 1875 4040 a

561 4074 745 4138 differentiis
766 4087 897 4157 praeter
919 4097 1037 4160 gentis,
1068 4096 1149 4160 quae
1171 4075 1399 4159 ἐννοηματικαὶ
1423 4071 1583 4148 dicuntur-3
1614 4074 1710 4152 aliae,
1736 4097 1816 4159 quae
1837 4095 1874 4138 ex

560 4169 704 4250 pluribus
726 4169 930 4252 qualitatibus
952 4169 1048 4244 liunt,
1072 4169 1165 4232 ctiam
1189 4167 1319 4252 singulis
1335 4179 1434 4232 totum
1450 4167 1483 4231 id
1498 4167 1769 4252 significantibus,
1794 4168 1874 4252 quod

562 4263 663 4326 omnis
684 4263 869 4346 qualitatum
892 4262 1040 4326 collectio
1065 4263 1222 4339 declarat,
1248 4283 1329 4347 quae
1352 4274 1488 4326 vocatur
1502 4258 1654 4344 ποιότηςῖ
1677 4262 1775 4340 aliae,
1800 4281 1873 4346 quae

518 4368 602 4419 tter
631 4357 864 4433 accidentibus,
899 4379 965 4421 non
992 4357 1145 4440 singulis,
1180 4359 1236 4420 scd
1263 4357 1383 4420 crunctis
1413 4379 1508 4420 untun
1531 4359 1647 4442 aliquid
1669 4355 1872 4421 efficientibus

561 4461 728 4524 constant;
763 4451 860 4528 aliae,
893 4472 972 4535 quae
996 4452 1035 4513 ad
1057 4451 1264 4514 differentiam
1288 4453 1419 4526 dantur3
1442 4451 1521 4514 aliae
1542 4473 1601 4534 per
1622 4451 1871 4524 translationem

564 4542 661 4618 aliae,
696 4565 775 4626 quae
808 4566 849 4608 ex
880 4545 1060 4627 privatione
1092 4543 1263 4619 contrarii,
1300 4544 1401 4622 aliae,
1438 4565 1518 4628 quae
1539 4545 1681 4628 propriis
1704 4546 1873 4610 nominibus

563 4647 730 4717 aptantur,
755 4659 835 4721 quae
851 4641 942 4702 etiam
964 4632 1186 4716 ὑποτυπώσεις
1201 4637 1368 4714 dicuntum
1392 4640 1471 4703 aliae
1485 4660 1545 4721 per
1559 4638 1762 4724 indigentiam
1778 4637 1871 4722 plenit

563 4729 642 4793 aliae
664 4752 722 4812 per
743 4731 1011 4813 proportionem
1031 4731 1110 4795 aliae
1132 4753 1191 4812 per
1213 4732 1417 4806 relationem
1441 4731 1518 4796 aliae
1540 4753 1598 4815 pet·
1619 4753 1758 4796 causam.
1800 4733 1873 4796 Item

521 4840 552 4890 tt
564 4823 624 4888 alia
647 4824 836 4889 definitionis
866 4825 979 4890 divisio
1006 4826 1177 4888 secundum
1208 4825 1345 4928 Tullium
1368 4825 1564 4910 principalis,
1596 4829 1684 4913 qnod
1703 4827 1787 4894 aliae
1806 4845 1873 4890 cor·

639 5050 685 5106 59.
703 5026 826 5102 corner
844 5045 968 5119 ποιότης
995 5047 1063 5102 lien.
1083 5075 1122 5092 -
1150 5055 1291 5104 vorentur
1305 5049 1422 5124 petrides
1440 5049 1516 5106 Eius.
1534 5073 1572 5092 ··
1589 5057 1729 5106 necamur
1747 5042 1872 5111 ποιιὺδιις

565 5121 652 5177 Paris.
671 5151 709 5166 -
725 5131 865 5177 vocantur
883 5120 1015 5194 ποιώδης
1034 5125 1110 5181 Basa.
