4434 5959
547 570 608 633 ιιι
1052 550 1337 641 meroumns

547 708 658 773 dubiae
685 722 733 773 est
760 711 943 795 disputatio.
986 713 1201 796 Amplilieatio
1230 713 1275 776 rei
1305 725 1410 777 eertae
1431 724 1498 791 eat,
1535 725 1569 779 ut
1590 714 1621 779 in
1642 713 1849 798 parricidam,

545 803 578 865 in
592 805 815 889 sacrilegum!
827 806 950 870 Dubiae
967 828 1044 871 vero
1058 809 1104 871 rei
1117 806 1288 871 eommunis
1302 809 1389 871 locus
1406 819 1470 885 est,
1489 808 1540 891 qui
1555 830 1571 870 a
1591 810 1719 873 Graecis
1734 810 1850 873 dicitur

547 900 661 973 θέσις,
680 920 758 979 quiae
768 900 862 962 habet
876 913 982 980 partes
994 903 1082 964 ditas.
1105 899 1736 981 Quaneidcircoloeusrommunisdieitur,
1762 906 1850 989 quod

548 1010 587 1050 ex
601 991 748 1053 materiae
761 1014 877 1076 genere
894 1016 958 1060 non
975 1006 1094 1058 certum
1111 994 1185 1079 quid
1201 993 1360 1077 designat,
1385 994 1438 1055 sed
1451 996 1544 1057 habet
1557 1007 1719 1059 tractatum
1733 1017 1773 1060 ex
1792 1018 1851 1079 ge·

523 1083 710 1146 iueralitate
723 1086 900 1149 communi:
934 1098 968 1149 ut
984 1088 1238 1171 Saupieiouibne
1252 1087 1345 1149 credi
1359 1098 1515 1169 oportere
1531 1092 1581 1151 vel
1594 1109 1661 1151 non
1677 1100 1850 1171 oportere.

547 1178 610 1238 Sed
631 1177 710 1238 hanc
731 1182 831 1243 θέσιν
859 1179 981 1242 civilem
1016 1184 1207 1246 moralemve
1234 1193 1412 1256 teneamus,
1449 1202 1513 1243 non
1541 1183 1641 1258 illam,
1665 1204 1745 1265 quae
1767 1186 1851 1264 apud

545 1270 755 1351 philosophos
777 1272 924 1335 naturalis
946 1285 1006 1337 est.
1050 1275 1189 1354 Quilibet
1211 1285 1315 1338 autem
1336 1276 1448 1337 horum
1469 1275 1612 1339 locorum
1635 1297 1729 1359 quum
1750 1273 1850 1337 inter·

547 1365 675 1446 ponitur
702 1364 877 1447 (interponi
905 1379 1006 1430 nutem
1034 1388 1109 1432 raro
1140 1368 1246 1446 debet)
1269 1376 1361 1431 ornat
1383 1366 1571 1433 orationem.
1616 1370 1728 1453 Neque
1748 1369 1850 1431 inter·

546 1459 712 1538 ponendus
735 1458 841 1531 loeus,
865 1458 926 1523 nisi
947 1481 1040 1542 quitum
1063 1458 1180 1545 aliquid
1200 1461 1258 1521 iam
1281 1462 1451 1542 probatum
1474 1471 1532 1523 eet.
1576 1462 1699 1525 Etenim
1715 1462 1742 1527 ei
1759 1465 1849 1527 loeus

506 1551 719 1615 ticommunis
741 1551 897 1636 generalia
920 1553 1077 1636 loquitur,
1101 1552 1191 1637 quasi
1213 1574 1336 1616 catanam
1358 1565 1464 1617 tenens
1486 1556 1643 1617 deseendit
1657 1558 1695 1617 ad
1709 1577 1848 1620 catinam.

548 1642 603 1703 lus
624 1643 754 1706 iudicem
777 1658 880 1708 tenet:
904 1646 976 1729 quia
998 1647 1187 1709 iureiuratue
1215 1648 1325 1709 sedens
1347 1646 1456 1711 audire
1479 1648 1647 1725 desiderat,
1672 1650 1754 1711 unde
1776 1670 1850 1711 sen·

547 1736 672 1799 tentiam
701 1736 884 1819 prolaturus
910 1750 971 1803 eet.
1028 1741 1122 1824 Ergo
1155 1750 1207 1801 aut
1233 1750 1323 1820 parte
1345 1761 1455 1803 causae
1477 1743 1611 1823 probata
1632 1744 1778 1803 utendum
1801 1752 1850 1804 est

548 1842 601 1891 aut
621 1830 652 1897 in
674 1831 898 1912 peroratione,
934 1832 1054 1910 idest,
1089 1832 1245 1916 epilogis3
1282 1843 1316 1894 nt
1337 1845 1388 1896 aut
1409 1846 1583 1898 renovetur
1605 1845 1656 1896 aut
1678 1834 1849 1896 suscitetur

547 1923 683 1986 auiditor.
737 1924 846 1988 Omnia
874 1924 953 1989 enim
986 1928 1075 1991 loeus
1103 1924 1276 1989 eommunis
1305 1925 1498 1989 locutionum
1527 1938 1636 1989 cuncta
1664 1940 1850 1989 ornamenta

506 2014 721 2079 “desiderate
759 2039 839 2101 quiae
869 2030 922 2080 aut
942 2021 1113 2083 verborum
1135 2030 1207 2081 ιιιιιι
1235 2011 1288 2081 aut
1309 2020 1547 2095 sententiarum
1580 2038 1659 2102 quae
1681 2021 1752 2080 dum
1776 2030 1851 2101 apte

549 2131 585 2173 ae
606 2110 784 2174 necessario
806 2109 969 2187 dicuntur,
994 2125 1154 2175 oratorem
1177 2116 1216 2175 ab
1232 2124 1362 2177 oratore
1377 2112 1566 2176 discernunt.
1611 2110 1735 2174 Etenim
1751 2134 1850 2194 quum

547 2200 610 2265 loni
631 2222 810 2266 cotumunes
833 2224 998 2267 catinarum
1018 2204 1081 2268 sint
1101 2225 1280 2269 communes
1303 2200 1500 2283 oratoribus,
1523 2204 1720 2269 similitudine
1735 2204 1851 2269 dictio·

547 2294 596 2356 nis
618 2316 770 2359 essenon
792 2307 936 2379 possunt.

629 2388 870 2472 Quaestiones,
905 2390 1119 2467 testimonia,
1159 2412 1315 2455 rumores
1346 2392 1425 2473 eet]
1481 2392 1571 2456 Haec
1599 2403 1701 2455 autem
1724 2391 1847 2471 omnia,

505 2486 627 2564 idquae
648 2501 710 2544 non
733 2481 875 2545 oratione
895 2479 1153 2565 argumentorum
1175 2484 1266 2548 iidem
1287 2485 1421 2563 laniunt,
1446 2507 1464 2548 a
1486 2484 1616 2551 Graecis
1637 2488 1736 2563 πὲςιις
1755 2483 1850 2573 ἄτεχ-

546 2596 600 2639 νοι
621 2572 841 2646 nominantur,
864 2594 929 2640 non
951 2576 1073 2661 quiidem
1094 2590 1197 2642 reete.

630 2668 776 2751 Uterque
796 2666 903 2732 aimili
918 2668 975 2731 oia
993 2682 1255 2753 praeceptorum
1276 2670 1352 2753 eet]
1382 2674 1425 2735 Et
1446 2681 1613 2736 accusator
1633 2683 1664 2734 et
1685 2670 1849 2735 defensor.

628 2762 724 2826 Nom
747 2772 781 2823 et
801 2784 849 2824 ex
868 2762 1063 2845 quaestione
1074 2763 1284 2846 suspiciones
1300 2776 1333 2827 et
1346 2788 1392 2827 ear
1406 2766 1597 2829 testimonio
1607 2776 1641 2827 et
1652 2787 1699 2829 eae
1709 2786 1851 2827 rumore

545 2854 661 2941 aliquo
672 2853 754 2936 pari
768 2854 902 2917 ratione
924 2856 1004 2935 cet.]
1025 2856 1106 2919 Ideo
1128 2857 1181 2932 fit,
1206 2869 1240 2920 ut
1261 2869 1329 2921 arte
1352 2871 1443 2943 egeat
1464 2858 1640 2923 huiusmodi
1660 2856 1850 2939 disputati03

503 2949 694 3031 aequoniam
715 2958 747 3009 et
768 2958 880 3009 eontra
900 2948 980 3010 haee
1000 2958 1032 3010 rt
1052 2969 1114 3030 pro
1135 2950 1184 3012 hie
1206 2972 1299 3031 saepe
1321 2950 1482 3015 dicendum
1505 2964 1564 3014 est.

629 3042 673 3103 Ut
693 3062 740 3103 ea
767 3061 874 3103 causo
893 3052 926 3103 et
947 3064 994 3104 eac
1011 3062 1163 3124 persono
1182 3053 1215 3105 et
1236 3065 1283 3106 ear
1292 3040 1403 3133 sacto
1423 3043 1501 3106 duci
1522 3042 1702 3126 oportebit]
1757 3042 1849 3121 Quae

546 3153 587 3195 ex
618 3133 819 3211 noniessinne
847 3135 1041 3218 argumentis
1069 3136 1229 3199 materiam
1258 3136 1418 3215 tribuunt,
1452 3148 1486 3199 ut
1515 3158 1555 3199 ex
1581 3135 1690 3209 laeto,
1727 3132 1847 3215 inquit,
1896 3166 1901 3179 x

545 3227 616 3290 dimi
648 3228 822 3308 oportebit.
865 3229 951 3292 Eece
978 3229 1038 3291 iam
1066 3241 1201 3294 nonest
1228 3229 1312 3305 ιιὶςις
1339 3226 1489 3317 ἄτεχνος,
1525 3229 1642 3303 idest,
1672 3226 1749 3288 fides
1782 3227 1849 3289 sine

545 3331 625 3383 arte.
667 3322 743 3385 Hoe
767 3332 905 3383 ceterum
927 3320 1051 3384 artificii
1072 3343 1136 3386 non
1155 3333 1266 3405 putant
1282 3320 1444 3407 indigere,
1468 3343 1562 3407 quum
1578 3318 1736 3404 appellant
1750 3320 1851 3397 πιςεις

503 3423 535 3471 to
547 3405 713 3497 ἀτέχνους.
1088 3438 1093 3447 ’
1177 3440 1180 3447 ’
1741 3481 1745 3489 ,

627 3502 740 3567 Aliter
765 3504 827 3567 hoe
862 3503 903 3569 de
933 3526 1058 3588 genere
1088 3527 1129 3571 ae
1161 3506 1202 3571 de
1235 3506 1329 3571 omni
1363 3506 1543 3571 coniectura
1570 3506 1850 3591 praecipiendum

544 3774 658 3831 genere,
676 3760 753 3812 locns
772 3774 788 3811 a
807 3765 898 3831 speeie
917 3776 971 3815 eet.
991 3776 1072 3833 atque
1091 3762 1145 3815 hoe
1165 3765 1276 3815 tertium
1296 3760 1352 3832 inei
1372 3765 1525 3815 eommunis
1545 3779 1628 3834 ςιιιιιι
1648 3760 1753 3817 indicat
1767 3761 1851 3836 penio

544 3847 607 3907 post
626 3837 684 3905 lpse
703 3833 863 3888 Victorinus
882 3836 925 3889 his
944 3835 1048 3891 serbis:
1067 3836 1107 3889 lte
1125 3838 1201 3889 locres
1218 3841 1367 3887 communis
1391 3845 1588 3906 argumentum
1605 3846 1657 3892 eet.
1676 3839 1760 3894 Care.

636 3913 664 3967 ὅ.
683 3927 701 3961 ιι
720 3908 838 3961 Graecis
854 3908 959 3963 dieitur
977 3911 1073 3979 θέσις]
1094 3910 1128 3969 In
1148 3910 1213 3964 edit.
1232 3910 1380 3964 Baelleensi
1400 3911 1500 3984 legitur
1517 3908 1626 3976 κοινός.
1647 3912 1730 3965 Cere.

620 3981 689 4037 llud.
709 3981 792 4035 halet
806 3992 905 4054 partes
923 3985 1003 4053 dues]
1036 3985 1225 4039 affirmantem
1256 3985 1363 4039 seilicet
1389 4001 1417 4040 et
1445 4002 1607 4059 negantem,
1636 4002 1666 4040 ιιι
1699 4004 1733 4039 ex
1760 3984 1849 4041 allato

544 4072 620 4134 patet
638 4058 777 4130 exemplo:
802 4062 1002 4130 suspicionibus
1019 4061 1096 4113 credi
1114 4069 1258 4130 oportere,
1277 4061 1397 4111 velrois
1416 4068 1552 4131 oportere.
1573 4062 1656 4115 Care.

638 4138 666 4191 6.
684 4134 793 4187 civilem
808 4136 988 4209 moralemve]
1018 4136 1169 4209 Legebamr
1197 4149 1291 4189 sntea:
1319 4136 1497 4191 moralemne.
1524 4136 1608 4189 Cera.
1650 4134 1754 4211 (Etiam
1775 4134 1848 4193 eod.

544 4207 608 4267 Bas.
627 4208 811 4275 moratoriae,
830 4208 876 4261 aed
897 4215 958 4264 dee.
979 4224 1009 4263 ιιι
1030 4212 1114 4284 capp.
1134 4210 1201 4277 On.)
1223 4206 1234 4230 ⁸

619 4290 665 4341 12.
680 4283 801 4354 probato
821 4283 948 4335 utendum
967 4288 1020 4353 est]
1040 4314 1079 4329 ·-
1094 4286 1217 4355 probata
1236 4283 1320 4335 liedes
1332 4281 1450 4335 utendus
1468 4292 1511 4335 est
1530 4280 1598 4339 Coti.
1618 4286 1679 4339 Bas.
1690 4313 1727 4327 -
1742 4302 1789 4357 pr.
1809 4289 1855 4337 lu·

545 4356 604 4409 diei
620 4376 647 4410 u.
665 4366 708 4409 est
727 4360 791 4413 Ate.
811 4361 868 4413 An:
884 4359 1008 4429 probata
1025 4359 1111 4427 θέρει
1129 4360 1259 4411 utendum
1278 4360 1342 4410 est?
1361 4357 1414 4412 On.

621 4435 665 4488 lli.
683 4434 850 4485 locutionum
877 4443 978 4485 cuneta
995 4438 1171 4508 ornamento]
1204 4436 1314 4507 Figurae
1334 4434 1479 4505 intelligit,
1497 4450 1611 4501 quarum
1632 4432 1701 4487 eliae
1721 4432 1853 4489 dlenntnr

545 4502 701 4572 verborum,
721 4507 790 4562 altae
802 4512 1008 4563 sententinrmn.
1027 4510 1076 4563 His
1089 4508 1191 4563 addunt
1205 4508 1315 4580 quidam
1335 4528 1481 4584 σχηματα
1499 4506 1599 4585 λόγου,
1619 4510 1719 4574 idest,
1732 4508 1854 4583 figuras

546 4584 692 4636 orationis.
712 4580 780 4634 llide
800 4582 1024 4637 Fortunatinnnm
1043 4586 1190 4638 uictorem
1209 4584 1258 4639 lib.
1277 4586 1304 4641 5.
1324 4586 1405 4638 Caes.

620 4661 664 4716 18.
682 4656 861 4710 similitudine
878 4657 1020 4726 dictionis]
1039 4662 1096 4730 τῆς
1113 4664 1263 4738 φράσεως,
1281 4659 1333 4711 hoe
1347 4672 1404 4724 est,
1424 4656 1599 4713 elocutionis.
1636 4656 1725 4729 Vulgo
1744 4658 1853 4730 stylum

545 4744 654 4783 vocant.
675 4730 757 4783 Cere.

554 4875 569 4895 ν
620 4810 665 4863 21.
684 4812 802 4932 afflet&
815 4799 948 4882 ἄτεχνοι]
969 4806 1016 4861 ste
1036 4811 1143 4879 teripsi.
1162 4816 1326 4865 ΠΙΣἼἙΤΣ
1341 4814 1521 4864 ,ιΊἙΧΝΟΣ
1534 4806 1602 4863 Cod.
1623 4808 1735 4861 lien·
1752 4804 1854 4871 ulmea

545 4896 599 4939 art
620 4898 672 4942 νος
749 4916 757 4937 .
803 4896 828 4931 ι.
1095 4927 1097 4930 .

594 4899 664 5012 130-
684 4954 825 5021 appellant
848 4951 939 5018 πίςεις
962 4952 1117 5032 ἀτέχνους]
1155 4954 1188 5007 ln
1220 4956 1340 5010 editione
1370 4956 1519 5011 Basileensl
1553 4956 1671 5028 legitur.-
1709 4956 1854 5025 appellent

546 5044 652 5098 nante.
672 5033 752 5085 caes.
791 5028 871 5101 (Seii.
891 5028 1007 5097 Graece,
1033 5030 1061 5088 h.
1091 5030 1110 5085 l.
1131 5034 1159 5087 in
1179 5030 1247 5087 Col.
1269 5034 1330 5089 ties.
1351 5036 1472 5099 omissa,
1501 5048 1551 5086 suo
1570 5030 1706 5086 arbitratu
1724 5028 1853 5089 nonulli

546 5102 747 5175 suppleverunt.
766 5100 834 5180 0⁸.)
