4434 5959
905 611 1018 680 eur.
1037 611 1101 678 vt.
1304 579 1307 586 ’
1597 607 1658 670 ner

340 748 483 815 momnis
513 759 628 827 vocata
661 749 761 817 altera
788 772 967 820 monem
997 751 1065 818 sine
1094 749 1162 815 ullo
1184 759 1275 814 certo
1305 758 1434 814 auctore
1463 745 1657 828 dispersum,

339 845 395 910 cui
416 843 597 929 malignitas
617 843 755 922 initium,
787 847 959 912 credulitas
978 845 1205 914 incrementum
1236 843 1346 918 efferta
1379 844 1467 926 qrsod
1488 840 1564 904 nulli
1593 860 1658 904 non

338 938 435 1000 etiam
455 937 712 1003 innocentissimo
731 939 832 1020 possit
852 940 996 1010 accidere
1007 937 1121 1000 frande
1137 934 1425 1000 inimicornrnialsa
1448 933 1656 1013 vulgantium.

340 1032 501 1113 Exempla
532 1030 698 1118 utriusque
723 1055 787 1098 non
815 1038 961 1100 deerunt.
1017 1030 1057 1094 ln
1096 1029 1264 1094 tormentis
1299 1049 1426 1113 quoque
1453 1048 1529 1109 pars
1559 1025 1657 1089 altera

338 1126 559 1212 qenaestionem
589 1147 665 1190 vera
703 1127 822 1192 latendi
852 1123 1070 1192 necessitatem
1105 1133 1227 1197 vocata
1265 1122 1365 1186 altera
1404 1123 1482 1186 falsa
1516 1119 1684 1194 dicendi,⁵
1723 1205 1725 1212 Α

341 1221 432 1304 qarod
451 1217 520 1282 aliis
548 1218 699 1300 patientia
730 1220 826 1286 lacile
846 1218 1041 1284 mendacium
1072 1214 1188 1293 iaciat,
1229 1215 1298 1280 aliis
1329 1215 1492 1278 infirmitas
1515 1233 1660 1276 necessa·

340 1311 439 1375 rium.
490 1313 535 1376 Et
556 1311 584 1376 si
604 1314 644 1374 de
665 1311 700 1376 vi
720 1313 862 1377 habenda
881 1311 1024 1397 quaestio
1045 1321 1180 1394 agetur,
1214 1308 1383 1392 plurimum
1406 1307 1565 1380 intererit,
1590 1305 1664 1388 quis·

342 1416 376 1470 et
397 1425 492 1485 utrem
512 1397 655 1486 pestnlet
676 1416 730 1468 ant
751 1407 885 1481 offerat,
922 1416 954 1468 et
976 1403 1007 1466 in
1028 1424 1141 1487 quem,
1173 1413 1268 1466 etex
1289 1422 1350 1486 qnia
1373 1421 1485 1464 canisae
1509 1397 1577 1461 sive
1599 1397 1661 1460 iarn

342 1497 405 1564 erit
427 1498 532 1561 habits
556 1499 720 1582 quaestio,
755 1499 825 1585 quis
846 1499 876 1562 ei
896 1493 1089 1582 praefuerit,
1123 1493 1208 1580 quis·
1216 1507 1247 1558 et
1269 1515 1334 1578 qino
1357 1495 1452 1556 modo
1475 1491 1516 1555 sit
1538 1503 1660 1564 tortus;

342 1609 384 1654 an
407 1591 567 1655 credibilia
590 1592 725 1667 dixerit;
747 1615 786 1655 au
807 1592 891 1656 inter
912 1613 946 1656 se
967 1587 1192 1663 consonantia;
1216 1610 1255 1652 an
1276 1585 1532 1670 perseveraverit
1553 1584 1583 1646 in
1607 1603 1659 1657 eo,
1673 1583 1723 1633 ¹⁰·

342 1686 432 1768 qttod
453 1696 624 1765 coeperat;
646 1707 684 1747 an
707 1686 824 1769 aliquid
844 1686 959 1750 dolore
982 1681 1174 1756 mutaverim
1206 1681 1307 1766 prima
1329 1691 1420 1764 parte
1450 1677 1659 1763 qtraestiouis,

342 1796 385 1841 an
413 1781 621 1858 praecedente
652 1778 815 1843 uinciatur
846 1797 929 1863 quiae
955 1775 1103 1859 euinque
1129 1786 1192 1838 tam
1225 1773 1344 1838 infinita
1377 1783 1450 1836 stunt
1478 1793 1571 1856 quiam
1594 1770 1663 1852 ipsa

342 1891 452 1934 rerum
475 1871 626 1934 varietas.
670 1871 793 1937 Contra
815 1871 938 1935 tabulas
958 1889 1052 1950 saepe
1074 1867 1239 1932 dicendum
1261 1879 1322 1933 est.
1367 1866 1472 1947 Quium
1495 1864 1662 1928 aitautem

343 1965 377 2026 in
398 1963 449 2028 bis
470 1973 524 2026 aut
545 1963 649 2027 senine
669 1964 867 2047 signatorum
889 1975 943 2027 arnt
963 1961 1167 2053 ignorantia,
1191 1961 1290 2026 tutius
1311 1965 1352 2026 ad
1368 1956 1579 2044 ignorantiam
1604 1976 1678 2022 nos

345 2057 581 2130 convertimus,
601 2078 680 2141 -quo
701 2057 868 2140 pauciores
889 2056 936 2122 rei
957 2057 1046 2120 liant.
1099 2057 1164 2120 Sed
1192 2057 1231 2120 ad
1260 2057 1326 2120 hoc
1353 2055 1454 2137 ipsum
1479 2063 1662 2138 argumenta
1675 2051 1708 2102 ¹⁵

346 2160 381 2214 et
401 2170 498 2212 cansa
526 2148 772 2227 trahuntur,.si
792 2150 880 2214 forte
908 2160 961 2216 aut
989 2147 1174 2214 incredibile
1201 2161 1249 2212 est
1277 2150 1309 2212 id
1331 2162 1432 2214 actum
1455 2168 1542 2222 esse,
1578 2145 1667 2228 qarod

346 2243 478 2306 tabulae
498 2241 678 2317 contineut;
701 2255 755 2306 aut
775 2243 846 2308 aliis
866 2264 994 2328 qnoque
1014 2243 1260 2324 probationibus
1290 2263 1327 2306 ae
1351 2263 1390 2306 ue
1416 2236 1668 2304 inartificialibus

347 2334 506 2410 solvitur,
542 2334 569 2398 si
591 2347 643 2399 atat
664 2334 707 2409 is,
743 2335 774 2400 in
796 2357 863 2421 qtto
882 2336 1043 2421 signatum
1065 2348 1132 2412 est,
1156 2347 1210 2399 aut
1231 2336 1343 2420 aliquis
1365 2335 1564 2418 signatorum
1587 2331 1667 2394 dici·

348 2441 405 2492 tur
425 2428 541 2492 afuisse
562 2429 616 2492 vel
635 2429 725 2510 prius
745 2451 816 2494 esse
836 2429 1020 2510 deiunctus3
1041 2429 1068 2494 si
1089 2441 1231 2511 tempora
1254 2451 1318 2492 nou
1341 2438 1542 2512 congrunnt;
1564 2424 1592 2488 si
1615 2422 1666 2486 vel

348 2521 567 2585 antecedentia
590 2524 641 2586 vel
663 2524 826 2607 moerentia
847 2524 963 2588 tabulis
984 2534 1176 2608 repugnant.
1222 2522 1385 2605 inspectio
1408 2522 1499 2586 etiam
1522 2517 1714 2602 maslai-²⁰³

350 2637 420 2678 sum
443 2635 540 2697 saepe
562 2615 783 2697 deprehendit.
805 2617 860 2681 lus
875 2617 1036 2682 iurandum
1051 2619 1106 2702 qui
1127 2619 1242 2694 offert,
1266 2628 1319 2681 aut
1334 2615 1378 2679 ita
1399 2637 1434 2680 se
1455 2613 1607 2687 tuebitur,
1632 2619 1669 2674 nt

349 2729 423 2774 enm
446 2729 509 2772 non
532 2709 571 2772 sit
592 2710 745 2772 credibile
765 2712 1016 2792 periuratnrum3
1053 2722 1107 2775 aut
1136 2710 1203 2794 ipsa
1234 2710 1266 2776 vi
1294 2707 1478 2794 religionis,
1501 2707 1668 2788 'ianuam

348 2803 425 2884 plus
446 2801 519 2864 fidei
540 2803 765 2884 consequitur,
788 2801 817 2866 si
836 2805 869 2866 id
890 2805 1012 2889 egerit,
1036 2817 1072 2868 ut
1093 2826 1157 2869 uon
1178 2805 1291 2886 cupide
1314 2805 1354 2866 ad
1375 2803 1439 2867 hoc
1460 2803 1670 2874 descendere,-

350 2898 412 2961 sed
438 2917 479 2958 ne
510 2897 572 2961 hoc
600 2895 725 2980 quidem
752 2916 903 2961 recusare
929 2897 1106 2962 videatura.
1131 2909 1184 2961 aut
1214 2897 1241 2963 si
1266 2917 1361 2961 eausa
1382 2894 1536 2978 patiatur,
1573 2896 1675 2958 mods

352 2987 436 3064 litis,
467 3001 604 3070 propter
631 3011 724 3074 quam
744 2993 935 3056 devoturum
957 3002 990 3052 et
1010 3012 1045 3054 se
1065 2991 1135 3072 ipse
1157 3013 1221 3056 non
1242 2990 1339 3056 luerit
1359 3007 1497 3072 passusa
1535 2996 1606 3062 aut,
1642 2983 1734 3052 site

351 3092 483 3164 praeter
516 3083 576 3146 alia
608 3103 720 3146 causae
751 3083 975 3159 instrumenta,
1013 3083 1139 3149 adiiciet
1169 3106 1211 3147 ex
1240 3081 1410 3148 abundanti
1437 3082 1519 3144 hanc
1540 3093 1691 3165 quoqne·

353 3173 566 3242 maxientiae
586 3197 661 3240 suae
682 3177 841 3240 fiduciam.
896 3175 962 3256 Qtri
983 3198 1047 3241 non
1068 3177 1202 3260 recipiet
1224 3176 1464 3250 condicionem,
1495 3184 1526 3237 et
1547 3193 1565 3234 a
1588 3169 1691 3234 mul-·

354 3267 399 3332 tis
419 3269 578 3332 contemni
600 3269 814 3334 iurisiurandi
835 3279 951 3333 metum
973 3270 1074 3346 dicet,
1097 3293 1194 3355 marim
1218 3271 1309 3335 etism
1336 3266 1522 3352 philosophi
1543 3263 1679 3351 quidam*

352 3359 419 3427 sint
439 3362 577 3444 reperti.
600 3364 656 3442 qui
675 3365 753 3426 deos
773 3383 871 3446 agere
892 3384 999 3426 curam
1020 3385 1127 3426 rerum
1150 3365 1354 3428 humanarum
1376 3369 1556 3446 negarent;
1599 3371 1693 3421 eum*

352 3475 456 3532 nero,
487 3454 542 3538 qui
563 3455 652 3519 nertio
674 3455 826 3519 offerente
847 3455 955 3520 iurare
976 3456 1018 3520 sit
1039 3469 1189 3539 paratus,
1212 3457 1315 3539 ipsum
1337 3457 1417 3520 velle
1439 3458 1476 3518 de
1499 3473 1591 3516 causa
1613 3455 1715 3514 'attali

353 3549 564 3630 pronuntiare
585 3559 617 3611 et
640 3553 828 3626 ostendere,
865 3557 958 3634 quam
981 3549 1034 3624 id,
1064 3553 1150 3633 quand
1174 3553 1309 3626 offerat,
1336 3551 1406 3614 leve
1429 3569 1466 3612 ac
1487 3546 1580 3610 facilc
1601 3547 1693 3608 ere·'

355 3643 424 3705 dat.
448 3639 511 3721 Qui
532 3642 654 3706 delerat
675 3642 743 3706 aliis
764 3642 977 3708 iurisiurandi
997 3643 1238 3719 condicionem,
1266 3646 1406 3708 modeste
1422 3661 1518 3724 agere
1533 3638 1673 3713 videtur,
1800 3669 1805 3678 ·

355 3755 454 3818 quam
487 3733 549 3798 litis
576 3735 794 3800 adversarium
819 3737 951 3801 iudicem
973 3737 1091 3812 iaciat,
1130 3749 1279 3811 et.eum‚
1318 3735 1406 3800 cuius
1437 3731 1583 3816 cognitio
1604 3743 1670 3807 est,

356 3846 459 3892 onere
478 3827 612 3892 liberet:
635 3829 692 3913 qui
711 3829 861 3912 prolecto
882 3831 986 3894 diens
1007 3829 1225 3894 iureiurando
1241 3829 1319 3894 stari
1340 3850 1433 3914 quam
1456 3847 1515 3890 suo
1538 3824 1696 3888 mavolu-

358 3917 436 3998 Quo
458 3919 616 3984 diffieilior
643 3921 801 3988 neusatm
821 3932 890 3998 est,
921 3921 981 3986 sisi
1002 3922 1089 3987 lorte
1111 3943 1163 3986 res
1185 3934 1234 3986 est
1255 3943 1313 3998 ea,
1345 3943 1437 4007 quam
1459 3919 1611 3984 credibile
1632 3917 1715 3980 sitas

357 4021 467 4076 noum
488 4013 550 4096 ipsi
572 4035 636 4079 soa
658 4035 739 4079 esse.
794 4015 886 4095 Quem
906 4014 935 4080 si
954 4015 1119 4080 excusatio
1140 4017 1259 4091 deerit,
1284 4017 1346 4080 hoc
1367 4011 1544 4095 supererit,
1565 4023 1602 4075 ut
1622 4009 1673 4074 ic·

358 4103 475 4168 sidiam
495 4105 557 4170 sibi
582 4107 696 4190 quaesi
721 4109 763 4173 ab
784 4107 967 4174 adversario
988 4107 1089 4185 dicat,
1123 4119 1219 4194 atque
1239 4110 1271 4172 id
1292 4107 1364 4194 agi,
1386 4120 1428 4171 ·ut
1449 4106 1482 4168 in
1504 4124 1616 4181 causa,
1638 4103 1672 4168 in

358 4217 422 4280 qna
445 4196 573 4264 sineere
594 4221 660 4266 son
680 4210 806 4283 potest,
843 4200 954 4284 quaeri
976 4201 1090 4281 possit.
1142 4204 1254 4286 ltaque
1276 4202 1436 4266 hominem
1460 4198 1587 4284 quidem
1610 4219 1675 4262 ma·

358 4287 425 4352 lum
455 4302 682 4374 occupaturum
713 4294 796 4356 haoc
822 4291 1040 4360 condicionem
1067 4295 1181 4372 luisse,
1211 4317 1248 4360 se
1268 4307 1371 4360 antem
1393 4293 1533 4377 probare
1555 4291 1696 4366 malles

358 4403 445 4468 qnae
463 4383 616 4462 affirmet,
647 4407 740 4468 quum
761 4386 888 4452 dubium
909 4387 1053 4472 cssiqnam
1075 4389 1274 4475 relinquere,
1305 4410 1344 4452 an
1366 4384 1528 4470 peierarit.
1573 4385 1716 4450 Prae-tt

359 4475 469 4557 cipere
482 4487 586 4542 tamen
600 4479 724 4562 qnidam
742 4481 863 4557 solent,
887 4502 1045 4564 nunqrram
1060 4495 1179 4548 temere
1198 4484 1246 4548 ius
1261 4483 1425 4548 iurandum
1440 4477 1558 4544 deferri
1573 4497 1675 4562 opor·

360 4581 448 4646 tere,
471 4570 553 4636 sient
572 4573 734 4655 optionem
755 4573 851 4638 indici
871 4577 1056 4640 adversario
1077 4579 1225 4642 dandam.
1270 4579 1351 4642 Nam
1373 4575 1401 4641 si
1420 4575 1525 4638 dicere
1546 4584 1675 4639 eontra·

359 4663 409 4726 ria
440 4674 534 4749 turpe
564 4668 755 4732 advocatum
787 4668 933 4746 videtur,
970 4681 1056 4734 certe
1088 4683 1136 4734 est
1163 4670 1286 4754 turpius
1308 4671 1414 4736 lacere
1436 4670 1524 4754 anod
1546 4678 1673 4732 noceat.

361 4755 556 4823 Testimonia
592 4772 646 4823 ant
675 4782 734 4842 per
766 4763 887 4825 tabulas
919 4760 1065 4826 dicuntur
1092 4774 1145 4826 anit
1167 4784 1184 4827 a
1208 4762 1440 4846 praesentibus.
1493 4759 1675 4843 Simplicior

406 4936 411 4944 .
433 4894 458 4942 l.
476 4897 502 4943 si
520 4897 554 4944 ds
579 4897 613 4959 st]
626 4898 690 4958 lap.
710 4901 763 4944 ss'ss
776 4899 808 4944 de
821 4897 1106 4960 momenmentum.
1123 4903 1194 4949 ltere.
1233 4901 1256 4948 9.
1276 4907 1347 4950 setes
1366 4901 1410 4947 Ed.
1431 4903 1501 4948 nau.
1549 4899 1590 4945 li.
1610 4899 1674 4959 begs

450 5000 457 5016 .
501 4981 535 5014 aa
555 4981 643 5016 essse
660 4967 708 5014 on.
745 4967 786 5014 id.
805 4969 914 5030 ispum
932 4971 1014 5027 Qsist.
1052 4970 1095 5016 22.
1114 4973 1141 5016 s'ss
1159 4973 1243 5032 pessa]
1263 4973 1298 5018 th
1315 4973 1376 5020 cst.
1412 4969 1454 5018 ²7.
1474 4971 1673 5018 sthstitsrids·

501 5046 549 5084 tar.
588 5030 630 5082 ll.
649 5039 728 5084 lisias
745 5045 829 5084 eostre
845 5041 905 5084 (led.
922 5041 974 5084 ieri
993 5040 1110 5086 termes.
1148 5038 1191 5089 tt.
1211 5039 1366 5102 adsuetam]
1386 5041 1421 5088 lta
1439 5043 1499 5090 iisd.

440 5137 487 5194 32.
506 5130 569 5186 Sel.
588 5128 746 5186 Modestum
766 5137 887 5186 ansteus
906 5146 1092 5208 praeceptum.
