4434 5959
926 613 1019 689 Llu'.
1045 621 1108 688 [V.
1609 625 1670 690 347

354 809 361 820 -
439 763 539 847 (Cap.
564 764 616 828 ll.
639 769 671 842 ς.
694 763 1144 844 manducassemus
1166 799 1207 812 -
1227 799 1266 812 -
1291 785 1464 852 nunqrtom
1481 767 1607 850 possit.

356 905 363 912 ·
439 859 603 940 Expedite
636 858 854 921 adiuncturum
877 859 951 922 loeo
973 879 1055 921 osane
1082 860 1121 920 de
1144 861 1397 923 antecedentibus
1419 872 1449 924 et
1472 879 1671 944 consequen-

351 955 441 1020 tibus
456 965 489 1016 et
507 952 760 1035 repugnantibus
783 952 919 1015 disserit.
963 952 1027 1032 Qasi
1043 953 1135 1015 locus
1158 973 1253 1033 quum
1275 953 1315 1014 sit
1334 975 1433 1028 unru,
1457 951 1489 1016 in
1510 952 1569 1017 tria
1585 952 1672 1016 velut

352 1049 497 1112 membra
518 1046 639 1109 divisus
661 1057 721 1108 est.
778 1046 831 1107 M.
849 1046 974 1127 quidem
995 1046 1119 1109 Tutilius
1145 1045 1208 1107 loci
1229 1044 1323 1108 huius
1347 1047 1535 1110 vocabulum
1553 1047 1669 1122 tacuit,

353 1142 430 1204 mibi
448 1152 552 1202 antem
572 1149 660 1201 totus
679 1137 903 1202 conditionalis
918 1140 1124 1221 appellandus
1145 1140 1283 1202 ridetur.
1328 1139 1429 1205 Cuius
1444 1163 1539 1226 quum
1560 1147 1697 1225 prom-⁸

351 1233 498 1316 ptissime
520 1242 630 1294 natura
649 1232 817 1306 claruerit,
841 1253 955 1296 nomeu
972 1252 1099 1315 quoque
1115 1231 1162 1304 ei,
1187 1234 1272 1314 quod
1295 1253 1353 1295 nos
1377 1235 1561 1315 posuimus,
1585 1248 1672 1298 reete

351 1327 486 1390 inditum
513 1325 708 1388 manifestius
731 1325 911 1407 apparebit.
961 1324 1104 1390 Primum
1126 1325 1225 1409 igitur
1246 1325 1440 1410 singularum
1461 1329 1596 1409 partium
1617 1331 1673 1390 de·

352 1421 459 1484 linitio
476 1421 672 1502 providenda
692 1431 753 1484 est.
798 1420 911 1500 ltaque
934 1421 1120 1482 antecedens
1139 1430 1203 1493 est,
1228 1439 1293 1504 quo
1313 1418 1419 1500 posito
1438 1421 1523 1485 aliud
1544 1442 1673 1485 necesse

354 1526 404 1576 est
425 1523 661 1596 consequatur3
684 1513 758 1574 item
778 1530 976 1594 consequens
1001 1510 1130 1574 alicuius
1158 1522 1223 1585 est,
1248 1514 1335 1596 quod
1356 1533 1425 1576 esse
1448 1535 1576 1579 necesse
1602 1526 1670 1591 est,

355 1605 385 1671 si
405 1606 503 1681 illud,
527 1606 615 1668 cuius
637 1617 686 1668 cst
706 1625 922 1689 consequens,
945 1605 1154 1686 praecessisse
1181 1603 1376 1680 constiterit;
1398 1627 1580 1691 repugnans
1603 1619 1671 1682 est,
1684 1613 1715 1664 ¹⁰

356 1702 446 1784 quod
468 1698 560 1762 simul
584 1720 789 1774 cumenae,
812 1698 1063 1782 cuirepugnare
1079 1699 1212 1776 dieitur,
1237 1719 1305 1780 esse
1329 1719 1391 1762 uon
1413 1700 1526 1781 possit.
1570 1701 1674 1764 Ante·

354 1793 534 1856 cedentium
562 1792 660 1876 igitur
688 1801 783 1876 atque
815 1793 1074 1875 consequentium
1103 1803 1135 1854 et
1165 1792 1408 1876 repugnantium
1440 1813 1534 1854 eruum
1565 1792 1672 1854 locum

353 1907 426 1950 esse
447 1885 682 1967 praediximus:
717 1885 771 1968 qui
793 1887 955 1969 quomodo
976 1884 1019 1948 sit
1043 1907 1141 1962 untes,
1180 1886 1289 1968 paucis
1313 1887 1487 1950 ostendam.
1530 1885 1672 1949 Primum

352 1979 472 2062 igitur,
496 1982 568 2041 dum
594 1991 817 2062 quaereretur,
841 1999 976 2062 quonam
994 1981 1091 2042 modo
1115 2000 1193 2042 esurus
1217 1989 1300 2042 esset
1323 1980 1413 2044 locus
1434 2000 1452 2041 a
1474 2000 1672 2064 consequen·

352 2075 440 2136 tibus
459 2085 491 2135 et
511 2073 767 2135 antecedentibus
791 2084 823 2135 et
847 2073 1116 2156 repugnantibus,
1151 2072 1332 2150 dicebatur,
1363 2072 1511 2157 quoniam
1534 2073 1714 2136 eiusdemtt

353 2167 471 2231 mentis
488 2177 536 2228 est
557 2178 652 2248 atque
675 2163 922 2248 intelligentiae,
944 2175 1008 2228 tam
1032 2177 1244 2231 consentanea
1266 2167 1391 2230 sibimet
1412 2188 1505 2250 quam
1521 2167 1673 2230 dissiden-

352 2260 398 2323 tia
419 2259 611 2343 providere,
632 2257 752 2322 idcirco
775 2259 1010 2342 huncquoque
1033 2260 1137 2323 locum
1160 2281 1254 2321 unum
1271 2259 1383 2327 videri.
1428 2260 1674 2326 Consentaneo·

352 2374 426 2416 rum
443 2374 579 2436 namque
601 2354 680 2414 duae
702 2363 774 2414 sunt
792 2362 915 2432 partes,
939 2355 1127 2415 antecedens
1143 2374 1220 2426 rina,
1247 2352 1343 2415 altera
1357 2375 1566 2439 consequens.
1591 2355 1673 2418 Nam

354 2469 453 2530 quum
472 2446 580 2530 aliquo
595 2448 804 2526 praecedente
826 2442 994 2508 comitatur
1015 2445 1167 2521 alterum,
1200 2445 1251 2506 illa
1272 2445 1397 2508 sibimet
1425 2447 1455 2510 iu
1484 2449 1553 2531 ipsa
1582 2461 1674 2512 natu·

354 2561 414 2604 rae
443 2539 670 2623 consequentia
691 2539 871 2603 consentire
896 2557 1024 2600 necesse
1046 2549 1107 2602 est.
1166 2537 1426 2622 Repugoantium
1448 2562 1528 2605 vero
1549 2541 1674 2605 tametsi
1684 2553 1718 2604 tt

356 2635 439 2698 duae
464 2648 572 2715 partes
592 2625 682 2707 strnt',
720 2653 814 2694 unnim
835 2641 938 2692 tamen
959 2641 1008 2693 est
1029 2631 1173 2717 utrisque
1197 2631 1406 2694 vocabuluma
1431 2644 1565 2716 utraque
1590 2635 1671 2698 enim

354 2727 567 2812 repugnantia
585 2726 803 2800 nominantem
825 2725 889 2786 dito
912 2744 992 2787 vero
1018 2745 1106 2800 esse,
1130 2745 1212 2808 quae
1231 2723 1357 2788 sibimet
1379 2738 1558 2809 repugnent
1580 2738 1675 2812 atque

356 2843 375 2885 a
394 2843 429 2884 se
452 2821 653 2895 dissentiant,
677 2819 781 2882 nullus
803 2819 950 2902 ignorat3
972 2819 1027 2879 sed
1045 2839 1085 2895 eo
1108 2819 1246 2892 distant,
1271 2818 1358 2901 quod
1379 2819 1624 2882 antecedentium
1643 2831 1675 2885 et

357 2913 618 2999 consequentium
638 2915 702 2977 duo
723 2922 797 2976 sunt
819 2909 964 2986 nomina,
988 2910 1062 2973 licet
1079 2932 1160 2973 rantis
1184 2910 1326 2994 utrisque
1353 2931 1537 2976 consensus.
1580 2916 1673 3000 Ergb

358 3011 469 3071 eadem
492 3029 578 3070 mens
600 3009 772 3090 eademque
795 3003 1019 3084 intelligentiae
1040 3004 1122 3067 ratio
1147 3003 1198 3078 id,
1236 3006 1322 3089 quod
1345 3005 1524 3086 praecedit,
1562 3020 1594 3069 et
1619 3007 1716 3084 id‚as

360 3105 448 3186 quod
468 3102 660 3176 connitatur,
682 3099 844 3183 intelligit.
887 3106 1000 3185 Neque
1019 3098 1100 3161 enim
1123 3097 1194 3162 lieri
1215 3107 1343 3178 potest,
1368 3107 1402 3159 ut
1416 3103 1601 3163 antecedens
1617 3102 1675 3164 ali·

359 3197 437 3279 quid
456 3194 669 3280 intelligatur,
708 3192 769 3256 uisi
794 3195 825 3257 in
848 3201 984 3269 eodem,
1020 3191 1097 3276 quid
1125 3191 1164 3254 sit
1187 3211 1403 3275 consequens,
1441 3191 1673 3258 consideretur.

359 3290 486 3352 Eodem
506 3309 634 3372 quoque
655 3288 751 3351 modo
776 3309 835 3351 uec
858 3306 1073 3371 consequens,
1097 3283 1157 3347 nisi
1180 3296 1355 3366 appareat,
1385 3285 1461 3369 quid
1482 3289 1671 3366 praecedat,

358 3381 436 3446 item
459 3403 640 3464 repugnans
661 3381 777 3463 aliquid
799 3381 977 3468 intelligere
997 3399 1091 3442 nerano
1114 3389 1242 3459 potest,
1278 3377 1338 3440 nisi
1355 3377 1526 3463 intelligat,
1552 3379 1602 3444 cui
1622 3401 1674 3444 re·

360 3488 497 3560 pugnet.
542 3473 775 3556 sedquoniam
803 3478 910 3538 eadem
930 3473 1013 3538 ratio
1034 3482 1142 3554 potest
1162 3470 1275 3534 similia
1305 3472 1528 3556 dissimiliaque
1549 3472 1717 3556 perspi-³⁰

362 3589 458 3645 cere,
497 3568 742 3631 antecedentium
772 3588 852 3631 vero
880 3579 912 3631 et
938 3563 1195 3649 consequentium
1219 3585 1392 3630 cousensus
1416 3566 1539 3650 quidam
1561 3577 1593 3629 et
1617 3587 1676 3649 pet·

361 3675 493 3725 naturae
526 3661 756 3726 similitudidem
779 3662 951 3727 concordia
976 3671 1042 3735 est,
1081 3658 1241 3722 dissensus
1264 3680 1343 3723 vero
1369 3659 1399 3722 in
1426 3661 1675 3746 repugnantibus

362 3777 401 3819 ac
420 3755 658 3818 dissimilitudo:
695 3775 822 3818 necesse
840 3767 904 3832 est,
938 3765 974 3817 ut
996 3775 1055 3816 rina
1076 3764 1171 3836 atque
1192 3753 1299 3815 eadem
1332 3753 1414 3816 ratio
1437 3765 1468 3817 et
1490 3756 1676 3819 anteceden-

362 3849 442 3911 tium
460 3847 782 3931 consequentiumque
802 3860 943 3910 naturam
967 3858 999 3911 et
1018 3846 1263 3930 repugnantium
1289 3857 1425 3928 spectet.
1471 3847 1545 3928 Quo
1565 3847 1617 3924 iit,
1641 3858 1677 3911 ut

362 3963 446 4006 unus
465 3963 593 4026 quoque
613 3942 705 4005 locus
727 3941 786 4016 sit,
810 3963 905 4027 quem
928 3961 989 4004 una
1013 3937 1222 4024 intelligentia
1246 3939 1496 4019 comprehendit.
1540 3941 1603 4002 Sed
1624 3941 1718 4002 htcss

364 4037 609 4117 opponebatur:
641 4032 710 4098 Cur
728 4034 828 4118 igitur
848 4035 940 4097 alium
959 4055 1000 4097 ex
1024 4031 1244 4108 similitudine,
1269 4031 1360 4094 alium
1385 4053 1424 4094 ex
1443 4034 1604 4097 contrariu
1627 4036 1676 4097 lu·

363 4149 435 4190 eum
457 4129 511 4192 M.
535 4127 659 4191 Tullius
678 4129 822 4208 superius
840 4125 1060 4191 enumerarit?
1081 4128 1164 4190 Nam
1181 4127 1350 4188 secundum
1366 4127 1561 4208 propositam
1576 4125 1677 4190 ratio·

363 4241 455 4297 nem,
478 4223 625 4305 quoniam
648 4220 880 4285 similitudinem
902 4233 933 4284 et
958 4219 1210 4284 contrarietatem
1232 4217 1435 4304 intelligentia
1460 4239 1520 4283 tina
1540 4241 1677 4302 perpen-

364 4315 428 4388 dit,
450 4337 532 4379 unus
553 4317 644 4379 locus
661 4315 806 4378 similium
828 4313 1127 4398 contrariorumque
1150 4331 1218 4374 esse
1238 4312 1408 4378 debuisset.
1461 4313 1524 4378 Sed
1540 4333 1677 4396 respon-

364 4408 518 4472 debatur:
550 4408 706 4490 Quoniam
729 4430 794 4472 non
815 4410 926 4472 eodem
955 4410 1052 4488 modo
1077 4405 1137 4469 sibi
1160 4405 1371 4470 antecedentia
1395 4418 1426 4470 et
1454 4407 1677 4492 consequentia
1688 4419 1720 4470 tu

364 4501 546 4565 consentire
565 4502 728 4575 dicuntur,
751 4501 833 4565 sicut
854 4521 910 4576 ca,
934 4521 1016 4584 quae
1036 4499 1147 4563 similia
1172 4512 1405 4581 nitoeupantur.
1456 4501 1494 4563 ln
1516 4499 1564 4565 bis
1590 4522 1678 4564 nam·

364 4615 429 4677 que
444 4615 503 4657 una
517 4606 636 4659 tantum
658 4595 790 4678 qualitas
811 4594 972 4658 invenitur
988 4606 1019 4658 et
1039 4595 1211 4656 secundum
1236 4595 1364 4655 eaodem
1390 4592 1570 4678 qualitatem
1592 4593 1678 4658 simi·

363 4687 405 4750 lia
425 4707 494 4752 esse
517 4689 680 4752 dicuntur:
705 4701 736 4750 at
756 4689 788 4751 in
811 4689 1066 4750 antecedentibus
1088 4697 1120 4748 et
1142 4685 1411 4770 consequentibus
1434 4707 1497 4750 noo
1521 4686 1679 4770 qualitatis

363 4781 553 4857 similitudo,
586 4784 641 4845 sed
662 4782 785 4866 quidam
807 4793 938 4843 naturae
961 4800 1133 4844 consensus
1160 4790 1217 4844 est.
1273 4780 1316 4842 Et
1338 4800 1419 4862 quae
1444 4779 1554 4844 similia
1579 4791 1676 4854 suot,

364 4875 433 4936 sine
449 4896 483 4937 se
504 4896 575 4939 esse
594 4887 745 4958 possunt:
782 4873 997 4937 antecedentia
1031 4894 1111 4937 vero
1138 4884 1169 4936 et
1200 4873 1425 4956 consequentia
1455 4874 1522 4937 sine
1548 4893 1583 4937 se
1609 4883 1721 4936 essets

363 4989 428 5030 non
451 4980 597 5050 possunt.
651 4969 759 5050 Atque
780 4967 901 5031 idcirco
923 4987 989 5032 non
1015 4967 1229 5030 videturesse
1255 4967 1515 5052 consequentiu-
1537 4977 1571 5030 et
1593 4977 1680 5030 aute-

363 5060 540 5148 cedentium
562 5083 632 5125 crim
652 5061 852 5124 similitudine
878 5060 940 5122 ulla
969 5061 1149 5124 communio
1178 5071 1321 5124 naturae.
1379 5061 1470 5140 erae
1503 5059 1586 5123 ratio
1615 5079 1678 5121 non

364 5155 457 5219 valde
480 5154 605 5220 uidetur
628 5153 743 5221 idonea
768 5177 828 5220 nee
851 5153 1006 5239 explieat,
1044 5155 1134 5240 quod
1155 5155 1372 5220 demonstrare
1393 5165 1541 5219 coeatur.
1595 5151 1680 5216 Illud
