4434 5959
479 538 484 549 '
557 558 618 633 tor
1101 574 1336 641 sonemus

555 730 626 774 rum
649 720 682 773 et
701 710 792 795 quasi
814 707 966 796 quaedam
988 712 1116 777 ultimae
1136 717 1229 779 sedes
1250 735 1321 779 esse
1338 713 1522 781 rideantur.
1565 714 1648 781 Nam
1661 738 1704 781 ex
1718 715 1769 782 bis
1784 729 1874 804 quat·

556 815 633 869 tuor
661 804 945 889 significationibus
978 807 1226 889 appellationum
1258 810 1410 884 duarum,
1444 809 1727 895 argumentationis
1754 811 1875 875 scilicet

556 908 653 983 atque
675 899 869 984 argumenti,
892 920 984 963 urnam
1006 902 1178 984 quamlibet
1199 908 1268 965 cs'se
1284 921 1413 965 necesse
1433 914 1493 966 est.
1539 905 1606 968 Aut
1630 904 1712 966 enim
1732 905 1873 968 elocutio

557 1003 590 1057 et
612 991 778 1057 contentio
800 993 866 1075 ipsa
889 994 1147 1076 propositionum
1169 1016 1240 1059 cum
1262 994 1405 1059 maximis
1420 996 1695 1079 propositionibus
1710 998 1764 1061 rel
1786 1011 1874 1061 extra

532 1086 775 1172 ssyllogismum
801 1085 915 1169 positis
932 1088 984 1153 vel
1007 1086 1038 1149 in
1057 1089 1167 1151 eodem
1189 1088 1317 1151 inclusis
1342 1089 1575 1173 argumentatio
1600 1102 1754 1165 vocator3
1778 1115 1875 1177 argu·

556 1192 693 1244 mentum
715 1200 794 1243 vero
817 1200 904 1242 mens
926 1191 957 1243 et
979 1181 1131 1244 sententia
1153 1181 1345 1267 syllogismi.
1403 1185 1471 1247 Aut
1495 1182 1634 1249 elocutio
1655 1185 1875 1250 ratiocinatio·

556 1272 605 1337 nis
634 1292 704 1335 cnm
737 1272 889 1337 maximis·
910 1273 1185 1355 propositionibus
1214 1287 1246 1337 et
1274 1275 1427 1340 sententia
1455 1276 1633 1362 syllogismi
1654 1291 1875 1363 argumentum

555 1386 625 1430 esse
646 1366 789 1443 ditetur,
824 1378 858 1430 nt
878 1368 961 1430 idem
982 1366 1023 1430 sit
1044 1377 1275 1453 argumentum,
1298 1371 1387 1452 quod
1406 1372 1653 1453 argumentatio.
1683 1375 1750 1436 Ant
1773 1393 1872 1457 argu·

557 1459 706 1524 mentatio
744 1460 869 1544 quidem
905 1460 1073 1525 vocabitur
1101 1473 1169 1527 tota
1202 1461 1367 1526 contextio
1400 1462 1579 1547 syllogismi
1606 1487 1676 1527 cnm
1698 1467 1874 1541 sententia,

514 1556 613 1619 tosecl
635 1566 855 1639 argumentum
878 1554 1010 1617 maxima
1031 1554 1228 1638 propositio.
1281 1556 1349 1619 Aut
1371 1555 1496 1640 integer
1516 1558 1770 1624 ratiocinationis
1793 1563 1875 1624 ordo

559 1660 687 1731 praeter
716 1648 865 1711 maximas
894 1647 1136 1731 propositiones
1162 1650 1395 1734 argumentatio
1428 1651 1568 1729 dicetur,
1606 1652 1760 1716 sententia
1794 1674 1873 1717 sero

556 1741 837 1826 argumentationis
866 1754 1102 1826 argumentum,
1137 1741 1260 1827 reliqua
1290 1762 1370 1806 vero
1399 1744 1533 1808 maxima
1560 1746 1743 1828 propositio
1769 1749 1873 1811 heus.

554 1836 619 1901 Sed
651 1857 745 1921 quum
776 1836 919 1899 haesita
941 1835 1022 1910 sint,
1058 1834 1127 1899 sire
1152 1836 1223 1919 quis
1244 1836 1384 1919 ipsarum
1406 1838 1664 1921 propositionum
1690 1842 1874 1904 contextio·

555 1950 625 1993 nem
647 1942 679 1992 et
700 1949 800 2014 usque
822 1932 863 1991 ad
885 1928 1121 1994 conclusionem
1144 1928 1325 1991 continuum
1349 1933 1475 1993 drictum
1501 1954 1570 1994 cum
1593 1932 1727 1996 maxima
1749 1956 1874 2017 propo·

513 2021 669 2087 assitione
691 2022 743 2085 rel
766 2034 857 2086 extra
880 2022 983 2105 posita
1005 2022 1056 2085 vel
1079 2019 1354 2105 propositionibus
1376 2022 1625 2087 ratiocinationis
1639 2024 1758 2089 inclusa
1774 2048 1874 2110 argu·

555 2115 774 2180 mentationem
804 2137 924 2179 vocare
957 2116 1055 2190 velit,
1091 2126 1311 2199 argumentum
1347 2137 1427 2181 vero
1455 2119 1641 2182 sententiam
1672 2131 1875 2203 mentemque

553 2208 822 2273 ratiocinationis:
859 2208 960 2272 nihilo
982 2208 1083 2271 miuus
1112 2208 1201 2271 locos
1222 2206 1427 2291 intelligimus
1448 2210 1653 2275 maximarum
1675 2212 1875 2296 propositio·

554 2324 627 2365 num
651 2301 855 2365 differentias.
900 2302 975 2366 Sive
997 2302 1067 2386 quis
1090 2300 1339 2365 ratiocinationis
1362 2301 1460 2366 totius
1481 2305 1546 2368 vim
1568 2318 1663 2391 atque
1684 2306 1874 2369 sententiam

552 2404 651 2459 totam
674 2417 745 2457 cum
761 2395 892 2457 maxima
915 2394 1140 2477 propositione
1162 2395 1212 2457 vel
1235 2394 1393 2459 intra'vcl
1414 2410 1504 2462 entra
1527 2399 1631 2481 posita
1654 2412 1875 2485 argumentum

510 2499 669 2556 sevocata
703 2510 766 2553 non
789 2500 837 2552 est
857 2488 1003 2563 dubium,
1038 2488 1112 2573 quin
1137 2488 1233 2553 totius
1255 2490 1502 2556 ratiocinationis
1532 2492 1625 2560 locus
1646 2494 1702 2557 illc
1721 2492 1783 2567 sit,
1819 2490 1876 2577 qui

553 2594 602 2647 est
626 2581 777 2645 maximae
800 2582 1030 2665 propositionis
1053 2581 1251 2658 dili'ercntia3
1285 2584 1427 2648 continet
1454 2585 1536 2649 enim
1561 2587 1725 2650 maximam
1749 2607 1876 2669 propo·

552 2676 716 2753 sitionem,
748 2676 779 2739 in
808 2696 869 2760 qua
898 2675 1136 2760 propositioncs
1164 2686 1290 2739 ceterae
1312 2679 1528 2747 continentur.
1572 2679 1647 2744 Sive
1668 2694 1876 2766 argumenta·

551 2770 669 2835 tionem
692 2770 815 2855 quidem
837 2782 938 2834 totam
954 2768 1206 2833 ratiocinationis
1224 2771 1463 2835 contextionem
1481 2773 1589 2837 vocari
1611 2775 1748 2857 placeat,
1772 2796 1872 2858 argu·

551 2876 689 2928 mentum
722 2886 802 2929 vero
833 2864 997 2927 maximam
1030 2862 1309 2945 propositionem:
1345 2886 1456 2929 rursus
1485 2879 1572 2929 recte
1594 2868 1684 2931 locus
1706 2868 1874 2950 pictabitor

507 2984 540 3035 2⁵
553 2957 704 3021 maximae
740 2958 973 3041 propositionis
1004 2955 1196 3033 differentia,
1228 2978 1308 3041 quae
1334 2971 1553 3043 argumentum
1576 2960 1692 3023 claudit
1712 2972 1745 3024 et
1766 2962 1872 3025 conti·

551 3061 616 3113 net.
669 3051 768 3132 Quod
802 3053 829 3115 ai
858 3063 1075 3133 argumentum
1105 3049 1230 3133 quidem
1259 3072 1370 3113 sensns
1398 3052 1467 3133 ipse
1500 3054 1595 3118 totius
1617 3052 1872 3119 ratiocinationis

550 3142 765 3228 intelligatur,
803 3147 1035 3230 argumentatio
1060 3165 1141 3208 vero
1163 3144 1289 3228 integra
1310 3145 1562 3211 ratiocinationis
1583 3148 1744 3231 prolatio,
1778 3159 1871 3209 entra

550 3259 630 3303 vero
659 3250 691 3301 ct
716 3240 757 3303 ab
781 3239 921 3318 utrisque
951 3240 1110 3303 diversum
1133 3238 1240 3301 valens
1263 3238 1348 3302 velut
1370 3240 1460 3304 locus
1483 3241 1607 3326 quidam
1629 3239 1869 3304 consideretur:

549 3329 596 3393 sic
617 3352 747 3415 quoque
769 3332 972 3396 maximarum
996 3330 1190 3396 differentiae
1210 3329 1467 3413 propositionum
1489 3333 1555 3399 loci
1576 3356 1644 3398 esse
1665 3333 1870 3399 videbuntur.

508 3424 631 3493 tollam
665 3445 761 3508 quum
793 3426 970 3489 differentia
998 3426 1065 3508 ipsa
1090 3424 1254 3487 maximam
1276 3426 1530 3508 propositionem
1553 3427 1714 3492 contineat
1735 3428 1871 3514 eiusque

549 3516 591 3580 sit
613 3518 718 3592 locus,
751 3518 883 3582 maxima
906 3540 985 3584 vero
1008 3520 1189 3601 propositio
1211 3520 1477 3603 argumentationi
1501 3523 1550 3585 vel
1573 3535 1763 3607 argumento
1785 3525 1871 3586 sires

548 3609 721 3684 ministret,
751 3632 815 3675 non
838 3624 886 3676 est
906 3612 1058 3689 dtrbium,
1096 3613 1173 3698 quin
1195 3634 1232 3676 ea
1255 3614 1314 3677 toti
1336 3626 1526 3698 argomento
1556 3617 1646 3679 locus
1669 3637 1738 3679 esse
1761 3616 1871 3679 ridea-

548 3713 623 3779 tur,
649 3706 736 3788 quod
758 3715 860 3768 totum
881 3705 964 3768 intra
985 3728 1020 3769 sc
1043 3706 1195 3769 maximae
1210 3706 1440 3787 propositionis
1462 3708 1612 3771 ambitum
1627 3709 1758 3773 claudit.
1802 3709 1870 3772 De·

549 3809 755 3860 monstratum
778 3799 875 3881 igitur
900 3812 967 3875 est,
992 3819 1072 3883 quae
1093 3800 1157 3863 sint
1178 3812 1436 3883 argumentorum
1459 3804 1567 3877 sedes,
1591 3802 1709 3878 idest,
1734 3802 1790 3865 obi
1815 3824 1867 3864 ar·

506 3903 695 3975 ssgunmnta
718 3892 924 3967 clauduntur;
955 3896 1026 3974 (bae
1047 3905 1120 3956 sunt
1141 3905 1244 3956 autem
1271 3893 1474 3957 maximarum
1497 3896 1755 3979 propositionum
1777 3896 1869 3957 ‹lill'e-

547 3984 686 4059 rentiae,
710 4006 791 4068 quae
813 3998 969 4049 vocantur
990 3986 1054 4050 loci
1062 3988 1087 4065 ς)
1110 3986 1186 4069 quid
1207 3987 1299 4049 etiam
1322 3999 1561 4071 argumentum,
1584 3990 1734 4075 quioniam
1750 4000 1800 4053 est
1821 3986 1866 4051 rei

547 4076 660 4140 durbiae
690 4078 809 4143 laniena
838 4080 951 4156 lidem;
990 4100 1071 4165 quae
1104 4079 1146 4143 sit
1167 4100 1247 4143 vero
1269 4101 1323 4143 res
1345 4080 1458 4155 dubia,
1495 4083 1528 4145 id
1559 4095 1624 4157 cst,
1668 4104 1746 4165 pars
1767 4085 1866 4147 atim

547 4171 763 4253 quaestiouis;
796 4173 873 4257 quial
894 4174 936 4238 sit
957 4174 1123 4257 quaestio,
1145 4172 1179 4237 id
1201 4185 1269 4248 est,
1300 4172 1482 4238 dubitabilis
1502 4174 1705 4259 propositio;
1730 4177 1806 4261 qnid
1826 4173 1866 4239 sit

547 4264 683 4348 simplex
704 4266 906 4349 propositio,
944 4266 978 4331 id
999 4281 1070 4343 est,
1106 4264 1300 4342 enuntiatio,
1337 4288 1419 4353 qoae
1445 4269 1632 4351 praedicato
1661 4292 1698 4332 ac
1718 4270 1866 4334 subiecto

503 4362 536 4412 ⁴⁰
547 4358 682 4424 termino
704 4361 921 4437 contineatur,
947 4382 1054 4424 rerum
1077 4361 1234 4424 falsumve
1255 4361 1442 4447 designans:
1464 4384 1548 4447 quae
1569 4363 1673 4427 omnia
1689 4363 1867 4427 meminisse

547 4464 689 4533 oportet.
733 4454 948 4517 Maximarum
972 4454 1053 4517 enim
1077 4454 1334 4537 propositionum
1350 4455 1565 4533 differentiae,
1590 4478 1669 4540 quas
1685 4458 1778 4523 locos
1796 4476 1864 4521 esse

545 4544 778 4627 praediximus,
803 4549 843 4609 ab
865 4547 902 4610 iis
926 4550 1084 4610 ducirutur
1105 4546 1271 4624 terminis,
1307 4549 1362 4633 qui
1384 4550 1473 4630 prius
1496 4552 1527 4614 in
1543 4552 1767 4633 propositione
1780 4562 1864 4625 stunt,

545 4638 707 4721 posterius
736 4638 768 4701 iu
798 4640 984 4725 quaestione
1012 4641 1275 4718 considerantur,
1305 4644 1490 4727 praedicato
1518 4645 1639 4708 scilicet
1666 4657 1779 4729 atque.
1792 4646 1867 4709 aab·

545 4732 645 4795 iecto.
704 4733 756 4795 Ex
786 4734 833 4797 lris
867 4735 970 4814 etiam,
1002 4735 1254 4821 quaesuperius
1277 4736 1474 4813 dictasunt,
1509 4740 1584 4823 quid
1604 4740 1719 4802 distem
1742 4738 1866 4821 Topica

503 4836 534 4887 ts
545 4824 713 4892 Ciceronis
736 4838 830 4912 atque
852 4828 1057 4906 Aristotelis,
1081 4830 1240 4913 apparuit.
1291 4830 1485 4897 Aristoteles
1505 4854 1640 4917 namque
1661 4834 1701 4897 clo
1724 4830 1866 4897 maximis

618 5056 647 5113 6.
675 5054 735 5106 Aut
763 5054 882 5107 elocutio
900 5084 920 5099 ·-
938 5086 958 5099 -
976 5060 1117 5109 carcerata
1145 5056 1308 5128 syllogismi
1334 5074 1390 5111 om.
1423 5058 1501 5115 Elnm
1549 5028 1603 5121 55.
1625 5057 1771 5113 clauditur
1789 5062 1865 5116 Eine.

545 5134 649 5184 omisso
670 5128 762 5203 paullo
781 5145 845 5184 ante
866 5134 1030 5203 pronomine
1049 5148 1089 5201 sa,
1109 5146 1140 5188 ut
1159 5136 1189 5187 tn
1207 5134 1277 5189 Vcn.
1295 5146 1324 5189 et
1341 5134 1421 5191 Βυιι
