4434 5959
556 629 598 689 70
966 665 971 674 ¹
1064 626 1349 694 vtctotttttos

555 787 597 828 ex
616 765 732 831 inmitis
754 767 804 834 vel
819 767 990 852 sanguimen
1012 777 1048 830 nt
1061 767 1214 843 Tullius,
1238 767 1433 845 Cornelius,
1457 791 1498 834 ex
1514 767 1683 836 Corneliis.
1727 770 1870 853 Cogno·

557 882 627 923 rnen
648 873 750 922 etitem
781 861 945 943 proprium
973 882 1131 943 personne
1153 873 1219 936 est;
1248 873 1281 924 ut
1303 862 1438 940 Cicero,
1462 876 1498 926 ut
1511 864 1637 948 Scipio.
1681 865 1746 928 Iam
1762 887 1870 948 agno·

557 976 626 1016 men
650 954 848 1016 extrinsecus
878 954 981 1028 venit,
1016 963 1048 1015 et
1075 953 1162 1017 venit
1188 955 1289 1017 tribus
1312 955 1431 1018 modis:
1469 969 1523 1020 eut
1550 957 1716 1020 exanimo
1739 971 1791 1022 rut
1823 979 1869 1021 ex

557 1067 696 1128 corpore
725 1057 779 1108 arrt
810 1067 851 1109 ex
879 1045 1020 1109 fortuna.
1077 1048 1131 1110 Ex
1161 1048 1281 1120 animo,
1316 1048 1396 1110 sicut
1416 1050 1589 1132 Stuporbus
1617 1063 1648 1112 et
1669 1051 1764 1114 Piae.
1809 1053 1867 1114 Ex

532 1159 713 1222 scorpoce,
737 1140 817 1202 sicut
837 1142 985 1204 Crassus
1006 1150 1037 1202 et
1058 1141 1213 1202 Pulcher.
1264 1141 1316 1202 Est
1337 1139 1482 1216 fortuna,
1513 1141 1594 1204 sient
1615 1141 1810 1234 Africano
1832 1157 1870 1207 et

467 1225 477 1240 ’
556 1233 722 1299 Creticus.
758 1232 925 1310 ‘Quattuor
951 1232 1000 1295 his
1021 1232 1128 1315 itaque
1155 1233 1296 1314 partibus
1318 1253 1479 1314 personae.
1496 1236 1661 1317 proprium
1688 1248 1866 1300 etcertum

557 1347 670 1390 nomen
698 1326 887 1389 includitur:
925 1326 1148 1410 prpenomine‚
1186 1324 1329 1400 nomine,
1366 1329 1575 1408 cognomine,
1609 1329 1791 1413 agnominc;
1829 1345 1868 1396 ut

556 1421 697 1484 Publius
717 1441 926 1502 praenomen,
951 1438 1065 1482 nomeu
1084 1418 1282 1492 Cornelius,
1307 1419 1420 1500 Scipio
1435 1439 1628 1502 cognomen,
1652 1419 1864 1512 Africanus,

557 1534 724 1596 agnomen.
767 1516 1000 1596 Argumentum
1022 1523 1143 1585 sutem,
1168 1511 1195 1574 si
1216 1532 1344 1574 necesse
1366 1513 1478 1587 fuerit,
1503 1514 1534 1576 in
1548 1513 1649 1576 tribus
1664 1535 1864 1598 quereremus,

516 1618 548 1668 tt
559 1608 587 1667 in
610 1606 757 1679 nomine,
791 1606 996 1688 cognomine,
1037 1604 1216 1682 agnomine.
1260 1605 1373 1688 Itnque
1396 1605 1584 1669 delinitionis
1605 1605 1695 1669 istius
1718 1609 1794 1671 haec
1815 1622 1869 1673 est

557 1699 757 1780 propositio,
780 1701 916 1763 Nomen
936 1708 987 1759 est
1007 1697 1127 1780 cuique
1142 1717 1322 1778 perronae.
1365 1699 1486 1762 Deinde
1500 1702 1571 1763 hinc
1584 1699 1692 1780 incipit
1707 1701 1864 1779 definitio,

556 1813 623 1874 quo
644 1814 709 1856 suo
729 1811 898 1877 quaeque,
921 1790 953 1852 id
975 1801 1041 1865 est,
1067 1791 1237 1854 vocabulo.
1281 1793 1344 1854 Sed
1365 1797 1452 1875 qnod
1473 1815 1560 1856 sunm
1576 1805 1642 1868 est,
1666 1804 1770 1874 potest
1791 1817 1867 1860 csse

556 1905 720 1948 commune
750 1905 821 1946 oum
852 1883 1021 1958 iratribus,
1059 1905 1129 1944 cum
1152 1884 1375 1968 propinquisz.
1392 1896 1425 1948 ut
1446 1886 1593 1950 Tullius.
1637 1887 1735 1951 Multi
1755 1889 1866 1974 itaque

557 1978 674 2050 Tnttti;
707 1977 781 2060 quia
803 1996 915 2040 nomen
936 1998 976 2038 ex
998 1976 1151 2061 sanguine
1174 1990 1233 2042 est.
1289 1979 1412 2042 Deinde
1434 1981 1519 2043 addit
1538 1981 1693 2063 proprio.
1738 1983 1867 2046 Rursus

515 2083 587 2138 tset
609 2071 795 2134 vocabulum
817 2068 983 2151 proprium
1003 2082 1199 2168 potestuesse
1228 2093 1411 2134 commune:
1454 2085 1489 2136 ut
1521 2075 1661 2148 Cicero,
1696 2075 1865 2158 proprium

557 2164 764 2228 vocabulum:
801 2166 857 2226 sed
880 2175 985 2244 tamen
1010 2164 1097 2226 multi
1119 2177 1253 2245 possunt
1281 2185 1348 2228 esse
1370 2165 1561 2231 Cicerones.
1615 2168 1726 2249 Itaque
1747 2168 1869 2231 addidit

555 2267 703 2330 certam,
732 2255 850 2320 scilicet
871 2259 958 2341 qtrod
980 2279 1020 2320 ex
1044 2257 1188 2320 omnibus
1210 2269 1362 2340 qttattuor
1383 2270 1525 2322 constet:
1559 2279 1624 2344 quo
1648 2261 1736 2324 nnius
1758 2263 1867 2325 cuius·

556 2369 618 2432 quie
640 2369 796 2430 personae
827 2369 937 2413 verum
959 2361 991 2413 et
1011 2371 1074 2412 non
1098 2350 1159 2413 nisi
1180 2349 1246 2413 eius
1273 2349 1374 2431 possit
1401 2371 1515 2414 nomen
1536 2352 1688 2434 intelligi3
1722 2365 1754 2417 et
1774 2367 1867 2418 recte

555 2456 686 2507 certum
713 2466 834 2508 nornen
847 2469 861 2519 ,·
894 2446 1049 2510 interdum
1075 2444 1156 2508 enim
1186 2463 1227 2504 ex
1259 2442 1384 2506 libidine
1410 2456 1442 2506 et
1469 2447 1601 2528 quisdam
1631 2446 1866 2510 obtrectatione

512 2555 668 2608 nonomen
696 2537 881 2619 imponitur.
932 2541 978 2605 Ut
1002 2541 1079 2603 illud
1112 2537 1141 2600 in
1175 2537 1331 2602 Salustiot
1370 2541 1639 2624 Tyrannumque
1663 2551 1698 2602 et
1717 2541 1866 2606 Cinnam

554 2635 776 2715 appellantes.
819 2633 931 2715 ltaque
951 2631 1131 2696 huiusmodi
1154 2649 1267 2692 nomen
1289 2640 1408 2693 eertum
1432 2651 1501 2694 esse
1522 2653 1585 2694 non
1606 2643 1725 2714 potest.
1769 2634 1866 2715 Quo·

554 2727 738 2810 tiesennque
761 2738 862 2788 autem
885 2725 1064 2808 specialiter
1085 2721 1201 2806 aliquid
1217 2722 1361 2786 volumus
1382 2723 1559 2800 includere,
1583 2725 1632 2787 his
1646 2725 1747 2788 tribus
1761 2725 1867 2789 inclu-

554 2817 673 2882 dimus:
695 2840 778 2894 suo,
801 2820 955 2901 proprio,
979 2831 1089 2892 certo;
1113 2829 1147 2880 ut
1169 2815 1312 2879 Tullius:
1334 2819 1537 2894 Eumenis,
1559 2839 1636 2882 eum
1656 2819 1759 2883 certis
1777 2841 1865 2902 pro-

548 2911 705 2996 priisque
725 2913 923 2976 criminibus
944 2914 1123 2976 acoemeto.

387 3067 399 3090 ‚
510 3026 543 3076 25
635 3007 811 3072 Naturam
832 3006 944 3088 ipsam
966 3005 1114 3084 definire
1136 3001 1276 3092 difficile
1297 3014 1361 3066 eet.
1405 3005 1526 3068 Partes
1547 3015 1663 3067 atatem
1682 3005 1756 3068 eius
1777 3023 1864 3068 eme·

553 3120 687 3166 merore
715 3121 794 3175 eas,
832 3121 979 3184 picarum
1006 3099 1201 3183 indigemus
1228 3097 1275 3162 od
1295 3099 1382 3159 lianc
1398 3109 1688 3180 praeceptionem,
1705 3095 1866 3188 facilius

551 3195 618 3274 est]
660 3193 750 3257 Haec
771 3193 853 3258 ratio
879 3205 947 3270 est,
989 3205 1023 3257 ut
1051 3192 1183 3259 difficilis
1212 3193 1252 3255 sit
1282 3202 1412 3253 naturae
1446 3189 1604 3266 definiti03
1637 3195 1751 3255 etenim
1777 3196 1865 3273 apud

552 3287 709 3367 sapientes
739 3284 901 3350 contentio
923 3296 989 3361 eet,
1026 3284 1104 3369 ¹qnid
1123 3284 1211 3366 prius
1234 3281 1295 3356 sit,
1326 3285 1421 3356 deus,
1453 3303 1492 3344 an
1515 3295 1639 3347 notura.
1690 3284 1723 3348 si
1750 3297 1864 3350 natura

551 3377 642 3460 prior
663 3389 730 3452 est,
753 3399 834 3462 ergo
851 3380 928 3441 dens
947 3388 1038 3440 natus
1058 3389 1126 3440 est:
1151 3375 1237 3460 etqui
1259 3378 1334 3438 dctis
1358 3373 1445 3436 nasci
1468 3395 1530 3438 non
1551 3375 1668 3458 potnit.
1714 3379 1862 3452 Rursus,

510 3489 542 3540 so
552 3471 579 3534 si
598 3474 676 3533 deus
699 3471 790 3552 prior
807 3481 872 3545 est,
896 3483 969 3532 nata
983 3481 1033 3534 est
1051 3481 1183 3534 natura:
1209 3468 1335 3550 quodsi
1357 3468 1443 3532 nasci
1463 3468 1568 3550 potuit
1590 3481 1719 3546 natura,
1743 3469 1865 3552 incepit

552 3583 622 3626 esse
644 3572 768 3626 nature.
813 3563 927 3645 ltaque
956 3575 1086 3626 natiuae
1119 3563 1249 3626 difficilis
1280 3562 1419 3626 delinitio
1447 3574 1508 3626 est.
1553 3563 1697 3627 Difficilis
1718 3563 1862 3628 definitio

550 3669 680 3722 naturae
701 3661 871 3721 secundum
893 3659 1060 3722 Platonem
1084 3659 1135 3722 vel
1156 3657 1236 3720 elios
1250 3656 1421 3737 sepientes,
1446 3655 1566 3739 inquit;
1589 3655 1707 3740 alioqui
1724 3657 1864 3720 ostendit

550 3773 646 3835 posse
662 3751 794 3815 deliniri.
839 3750 984 3834 Denique
997 3752 1153 3832 sapientes
1172 3750 1296 3834 quidam
1312 3749 1357 3812 sic
1372 3749 1521 3812 definiere
1537 3760 1695 3812 naturam:
1720 3751 1864 3816 Natura

506 3875 511 3887 ·
550 3857 602 3908 est
621 3845 714 3928 ignis
734 3841 874 3934 artifex
892 3845 1042 3929 picodum
1061 3845 1119 3907 uia
1139 3845 1264 3907 codem
1285 3843 1321 3906 in
1342 3843 1594 3914 reomensibiles
1613 3843 1864 3926 procreandas,-

508 3954 541 4003 ts
551 3939 663 4003 etenim
690 3937 886 4001 menifestum
908 3949 957 4001 est
973 3937 1077 4002 omnia
1098 3937 1240 4020 principe
1267 3938 1342 4020 igne
1365 3936 1525 4021 generari.
1574 3937 1670 4000 Plato
1692 3946 1795 4000 autem
1813 3938 1864 4000 sic

550 4031 711 4095 delinivit:
736 4033 876 4096 Natura
895 4042 947 4094 eet
968 4029 1023 4093 dei
1044 4033 1212 4095 noluntas.
1256 4031 1300 4092 Et
1316 4029 1397 4092 inter
1416 4041 1537 4093 ceteras
1564 4030 1643 4092 haec
1664 4028 1766 4114 magis
1781 4051 1862 4112 pro·

550 4127 650 4190 &nde
673 4123 834 4199 definiti03
857 4145 926 4186 nam
944 4122 973 4186 si
986 4126 1063 4186 deus
1080 4136 1113 4186 et
1132 4132 1240 4184 natura
1260 4122 1301 4184 its
1323 4133 1412 4198 suut,
1436 4133 1470 4185 ut
1492 4145 1533 4186 ex
1547 4121 1596 4184 tu‘s
1620 4121 1750 4186 alterum
1769 4121 1861 4204 prius

549 4239 613 4283 non
634 4219 675 4281 sit
695 4222 836 4298 (necesse
858 4229 906 4281 est
926 4231 1030 4281 entem
1051 4238 1093 4281 ex
1115 4217 1217 4299 primo
1241 4216 1343 4293 nesci,
1367 4217 1455 4301 quod
1475 4219 1643 4280 secundum
1665 4218 1725 4294 est)
1747 4217 1864 4280 deinde

549 4311 679 4395 siquod
700 4312 839 4376 nascitur
865 4333 925 4376 nce
946 4314 1023 4376 deus
1044 4323 1092 4375 est
1116 4331 1175 4374 nec
1192 4323 1319 4387 nutura,
1350 4322 1437 4374 recte
1459 4322 1599 4374 naturam
1622 4309 1701 4372 dixit
1723 4311 1771 4372 dci
1790 4331 1863 4374 csse

507 4419 540 4468 tt
551 4405 755 4470 volontatem.
798 4405 887 4469 Deus
910 4405 991 4468 enim
1011 4425 1137 4488 semper
1161 4403 1297 4468 volucrit
1318 4415 1349 4466 et
1366 4403 1440 4466 velit
1461 4423 1587 4466 necesse
1608 4414 1668 4466 est.
1712 4406 1863 4488 itaquo.

549 4497 630 4560 niam
652 4497 739 4561 nesoi
760 4511 869 4561 nauus
892 4521 955 4562 noo
975 4499 1098 4581 potuit,
1132 4497 1160 4561 si
1181 4498 1230 4560 dei
1253 4497 1400 4560 voluntas
1423 4507 1488 4571 est;
1523 4507 1557 4559 ut
1584 4499 1660 4559 deus
1683 4498 1770 4564 nesci
1793 4519 1861 4562 non

548 4591 671 4675 potuit,
694 4613 753 4656 nec
766 4603 889 4655 natine.
933 4593 1017 4656 Illud
1031 4605 1132 4656 antem
1145 4591 1227 4654 scire
1249 4593 1416 4667 debemus,
1440 4601 1581 4654 naturum
1596 4589 1673 4653 illud
1688 4611 1757 4654 esse
1772 4593 1863 4676 qrtod

549 4688 715 4760 mundum,
759 4686 841 4748 ultra
867 4688 1012 4748 mnndum
1045 4698 1188 4748 naturum
1217 4705 1279 4746 non
1308 4705 1397 4760 csse,
1435 4687 1490 4747 scd
1511 4686 1624 4747 deum:
1664 4685 1860 4748 voluntatem

550 4789 651 4842 antem
675 4779 742 4855 dei,
766 4797 827 4864 qua
850 4781 979 4842 mundus
1001 4789 1068 4854 est,
1092 4779 1220 4842 eandem
1244 4799 1312 4842 csse
1336 4790 1489 4841 naturam.
1533 4779 1645 4861 ltaque
1665 4779 1717 4840 hic
1739 4775 1860 4842 Cicero

624 5021 650 5071 1.
671 5031 708 5066 σε
727 5013 879 5084 cometus]
898 5013 1017 5068 Debent
1036 5031 1110 5068 ests:
1131 5015 1239 5067 Tulltus
1257 5035 1294 5067 ee
1312 5014 1428 5080 Tultr'ts,
1449 5015 1601 5069 cernente.
1622 5013 1675 5070 Οι.

622 5092 667 5149 50.
686 5091 804 5159 incepit]
824 5087 874 5144 Cd.
894 5090 957 5143 Bas.
978 5117 1011 5132 -
1030 5095 1129 5160 inctplt
1151 5088 1219 5144 Edd.
1239 5091 1292 5146 On.

623 5165 669 5222 33.
688 5193 723 5208 -
741 5165 846 5234 altoque·
860 5169 951 5235 possit
968 5164 1085 5236 elesiutrt
1103 5163 1227 5217 ostendtt
1246 5165 1297 5220 Cd.
1317 5169 1379 5221 Bes.
