4434 5959
566 619 607 680 68
1051 644 1056 661 =
1071 615 1358 682 VICTORINUS

567 778 635 819 csse
657 757 714 818 alia
743 766 930 836 praecepta3
967 759 1021 818 sed
1050 766 1154 818 tamen
1183 777 1262 840 quae
1284 759 1322 818 ad
1350 757 1600 840 philosophiam,
1639 779 1703 820 nnn
1725 781 1810 842 quae
1833 764 1881 822 ad

566 853 757 912 rhetoricam
788 849 976 928 pertineant.
1019 851 1072 916 Ad
1099 848 1350 931 philosophiam,
1387 850 1506 933 inquit,
1544 853 1580 911 de
1612 873 1672 932 qua
1702 853 1780 914 haec
1804 855 1880 935 ipsa
1913 868 1918 876 '

481 1022 485 1032 ¹
567 956 735 1024 praecepta
763 943 989 1004 transtulimus.
1043 943 1140 1016 Ideo,
1180 940 1297 1022 inquit,
1332 941 1403 1024 quia
1433 943 1520 1004 nihil
1550 945 1661 1004 horrtm
1689 945 1725 1006 in
1748 949 1881 1010 ceteris

566 1038 697 1098 artibus
718 1035 979 1098 inveniebamus.
1030 1033 1176 1100 Ostendit
1198 1033 1275 1094 haee
1296 1035 1334 1095 de
1356 1035 1525 1114 partitione
1547 1048 1712 1117 praecepta
1738 1041 1879 1102 Latinos

542 1148 723 1211 suasuquam
746 1128 893 1191 habuisse
916 1130 946 1191 in
968 1128 1089 1191 artibus
1111 1128 1191 1199 sitis,
1216 1146 1249 1186 εε
1272 1126 1402 1206 primum
1426 1128 1621 1190 transtulisse
1642 1131 1681 1191 de
1704 1131 1853 1194 Graecis.

651 1227 761 1305 Atque
781 1223 833 1284 hia
854 1222 895 1283 de
913 1222 1098 1305 partitione
1110 1219 1319 1302 praeceptis,
1344 1219 1379 1279 ia
1401 1221 1494 1282 omni
1516 1220 1662 1282 dictione
1678 1226 1879 1288 meminisse

566 1315 733 1398 oportebit
755 1315 833 1394 cet.]
876 1315 1061 1377 Extremum
1086 1317 1147 1376 hoe
1169 1315 1221 1372 dat
1244 1311 1273 1371 in
1296 1311 1465 1392 partitione
1485 1323 1704 1395 praeceptum:
1729 1331 1761 1378 ιιι
1783 1323 1877 1401 quod

566 1412 700 1492 primum
722 1411 754 1472 in
777 1409 945 1491 partitione
967 1410 1129 1489 ponimns,
1153 1405 1184 1467 id
1207 1403 1337 1484 priumm
1361 1409 1583 1488 aggrediamur
1604 1417 1635 1465 et
1657 1408 1874 1488 explicemus3

566 1507 652 1588 quod
674 1505 842 1566 secuudum
863 1502 1028 1584 ponimus,
1052 1512 1085 1562 ut
1103 1495 1245 1563 'secrrndo
1267 1499 1487 1582 aggrediamur
1508 1501 1601 1573 loco;
1623 1501 1707 1581 quud
1729 1506 1874 1586 tertium,

525 1598 682 1671 insertio,
706 1609 888 1678 postremo,
912 1594 1007 1656 finitis
1028 1615 1085 1674 per
1108 1589 1248 1655 ordinem
1271 1611 1358 1653 suum
1373 1593 1538 1673 partibus,
1562 1596 1728 1660 dictionem
1745 1615 1873 1658 omnem

567 1689 721 1754 extremis·
737 1689 884 1771 epilogis
904 1688 1137 1750 concludamus.

648 1781 880 1860 Confirmatio
899 1792 970 1855 est,
990 1801 1054 1862 per·
1071 1798 1174 1861 quana
1185 1777 1457 1858 argumentando
1471 1794 1608 1844 austrae
1625 1805 1748 1846 cartana
1756 1783 1876 1860 fidem

565 1890 599 1940 et
620 1875 861 1939 auctoritatem
880 1885 913 1936 et
926 1873 1193 1950 firmamentum
1211 1869 1369 1952 adiungit
1394 1871 1520 1954 oratio]
1575 1875 1728 1940 Definitio
1750 1878 1875 1939 conlis-

566 1969 733 2043 matiouis,
755 1988 819 2031 non
841 1988 898 2049 per
918 1966 969 2039 id,
993 1967 1078 2049 quod
1098 1977 1165 2037 εει,
1189 1966 1244 2025 sed
1261 1984 1318 2044 per
1335 1963 1384 2038 id,
1405 1967 1492 2049 quod
1512 1966 1599 2030 iacit.
1645 1971 1689 2032 Et
1709 1970 1794 2054 quod
1812 1970 1872 2042 ait,

524 2067 717 2130 ssNosrrae
736 2081 878 2134 causae,
902 2080 1065 2124 cammarus
1088 2068 1291 2138 praeceptum
1315 2067 1361 2118 est
1380 2069 1441 2119 tam
1463 2061 1637 2125 defensoris
1660 2085 1751 2147 quam
1775 2083 1874 2123 accis·

566 2154 693 2219 satoris.
737 2156 879 2235 Uterque
896 2151 976 2215 enim
1002 2163 1139 2237 utroque
1161 2169 1285 2229 semper
1299 2147 1413 2224 utitur,
1437 2149 1468 2213 id
1491 2165 1555 2229 est,
1581 2169 1612 2218 et
1629 2155 1873 2218 conliuuatione

557 2262 598 2312 et
617 2246 878 2329 reprehensione.
923 2242 1012 2307 Scire
1030 2257 1132 2306 arrtcm
1155 2244 1304 2304 debemus
1327 2241 1512 2318 exordium,
1536 2247 1763 2324 narrationem,
1793 2269 1873 2328 par-

564 2341 708 2404 titionem
731 2351 763 2401 et
790 2337 1024 2402 conclusionem
1046 2337 1078 2398 iu
1102 2333 1246 2400 omnibus
1269 2354 1382 2396 causae
1402 2337 1571 2418 generibus
1595 2341 1645 2402 vel
1669 2341 1874 2405 constitutio-

565 2436 656 2498 nibus
678 2433 818 2517 generali
834 2432 996 2514 disciplina
1014 2431 1121 2492 eadem
1141 2439 1308 2510 praecepta
1323 2427 1480 2492 retinere:
1504 2431 1773 2498 confirmationem
1787 2453 1872 2496 vero

523 2547 555 2596 ao
566 2540 596 2591 et
617 2526 895 2609 reprehensionem
918 2546 978 2606 per
1003 2524 1126 2608 singula
1155 2541 1317 2582 causarum
1340 2541 1457 2604 genera
1482 2524 1532 2586 vcl
1553 2524 1691 2608 singulas
1713 2525 1872 2592 constitu-

564 2621 667 2684 tiones
688 2621 811 2682 dirersa
835 2631 866 2681 et
886 2618 1017 2700 propria
1039 2636 1164 2696 semper
1188 2615 1302 2675 habere
1324 2627 1504 2696 praecepta.
1549 2618 1640 2682 Nunc
1655 2620 1759 2704 itaque
1780 2621 1875 2683 iuxta

564 2715 706 2777 ordinem
732 2712 868 2794 partium
896 2722 971 2792 post
998 2710 1199 2792 partitionem
1221 2715 1335 2767 tractat
1356 2709 1394 2768 de
1417 2709 1666 2775 confirmatione.
1724 2715 1767 2776 Et
1788 2733 1874 2794 quo-

562 2806 664 2878 nisisi,
689 2819 722 2867 ut
745 2826 842 2887 supra
861 2805 1011 2878 diximus,
1036 2801 1067 2864 in
1085 2798 1215 2884 singulis
1235 2819 1395 2862 caussarum
1414 2803 1583 2884 generibus
1607 2806 1656 2866 vel
1671 2803 1873 2868 constitutio·

564 2900 656 2962 nibus
673 2900 798 2963 diversa
815 2912 846 2960 et
867 2897 997 2979 propria
1013 2898 1107 2958 habet
1122 2905 1307 2976 praecepta,
1332 2893 1404 2977 quia
1420 2908 1584 2971 moreest,
1608 2908 1641 2959 ut
1659 2897 1871 2980 persingulas

521 2993 686 3075 asspccies
707 2990 954 3055 confirmationis
979 3000 1149 3072 praecepta
1170 2988 1329 3075 dicantur,
1361 2989 1550 3071 generaliter
1572 3001 1603 3052 ct
1628 2991 1758 3054 confesse
1775 3011 1872 3072 prae-

540 3086 659 3166 .cipit,
697 3086 871 3169 quibusda
895 3084 974 3146 locis
995 3081 1233 3165 argumentandi
1252 3080 1426 3144 rationibus
1447 3083 1574 3160 tractis,
1597 3083 1628 3146 iu
1651 3086 1735 3148 omni
1758 3103 1872 3146 causa-

564 3199 633 3240 rum
662 3199 778 3260 genere
810 3179 861 3240 vel
887 3175 919 3239 in
947 3176 1091 3238 omnibus
1125 3174 1215 3236 simul
1248 3173 1525 3238 constitutionibus
1562 3175 1760 3240 confirmatio
1788 3173 1872 3238 effici

563 3270 678 3352 possit.
721 3271 766 3333 Et
787 3272 850 3334 hoc
871 3269 903 3332 in
925 3270 1030 3351 primo
1052 3267 1136 3333 libro
1158 3267 1283 3352 agitur:
1313 3267 1344 3330 id
1366 3279 1430 3344 est,
1453 3281 1487 3331 ut
1508 3268 1540 3332 in
1563 3291 1655 3333 omne
1676 3288 1775 3352 genus
1799 3267 1874 3328 lor-

564 3383 709 3445 mamque
740 3384 903 3425 cansarum
932 3364 1084 3445 quaedam
1115 3360 1319 3443 communitas
1346 3361 1650 3444 argumentationum
1677 3360 1764 3423 velut
1790 3359 1874 3421 silva

523 3467 555 3516 to
564 3465 714 3534 ponatur.
758 3455 920 3516 Secundus
940 3465 1044 3517 autcm
1066 3451 1149 3515 liber
1169 3454 1231 3515 hoc
1252 3453 1413 3529 continet,
1444 3464 1477 3517 ιιι
1499 3455 1530 3518 in
1552 3455 1682 3540 siugulis
1706 3475 1873 3517 causarum

564 3546 734 3629 generibus
756 3569 793 3609 ac
814 3547 926 3610 formis
947 3546 1079 3629 propria
1105 3567 1143 3608 ac
1165 3556 1250 3608 certa
1274 3557 1304 3608 et
1327 3547 1451 3610 diversa
1472 3560 1644 3630 praecepta
1665 3559 1871 3630 separentur,

564 3642 603 3703 de
624 3639 729 3722 primo
751 3640 834 3703 libro
856 3639 978 3702 cunctis
999 3639 1234 3723 argumentandi
1255 3637 1431 3702 rationibus
1453 3639 1574 3703 tractis.

649 3735 715 3796 Per
748 3753 851 3816 queam
879 3727 1152 3815 argum'entando
1173 3731 1252 3811 cet.]
1295 3733 1370 3794 Hoc
1391 3735 1471 3794 euim
1496 3731 1660 3814 proprium
1681 3742 1730 3795 est
1751 3729 1873 3792 contir-

566 3825 731 3898 mationis;
754 3826 872 3906 alioqui
894 3837 925 3888 ει
946 3825 1088 3889 narratio
1110 3824 1203 3886 fidem
1225 3823 1319 3887 lacit:
1344 3825 1399 3886 sed
1419 3845 1481 3886 non
1504 3828 1752 3909 argumentando
1777 3825 1871 3887 tidem

523 3931 595 3984 sset
617 3917 834 3981 auctoritatem
855 3929 886 3980 et
914 3918 1154 3981 firmamentum.
1198 3917 1291 3980 Fides
1320 3929 1368 3979 est
1395 3930 1630 4002 argumentum,
1665 3940 1729 4001 quo
1751 3918 1873 3980 crimen

564 4015 756 4096 probamus,
779 4012 811 4074 id
833 4025 908 4087 est,
932 4012 1023 4074 fidem
1045 4011 1169 4074 crimini
1188 4010 1333 4074 iacimus.
1376 4011 1560 4075 Assctoritas
1582 4023 1629 4074 cst
1651 4023 1872 4096 argumentum

565 4107 672 4169 verius
694 4117 786 4189 atque
818 4105 979 4170 honestius
1001 4117 1032 4169 et
1054 4105 1104 4166 cui
1134 4103 1224 4188 quasi
1247 4125 1376 4168 necesse
1398 4107 1512 4168 haheat
1534 4105 1633 4169 credi.
1678 4104 1875 4167 Firmamen-

565 4209 629 4264 tum
652 4211 700 4262 est
721 4199 910 4262 creberrima
934 4199 1177 4279 argumentatio.
1843 4219 1846 4226 ⁴

648 4293 767 4357 Omnis
779 4314 834 4356 res
851 4293 1126 4375 argumentando
1137 4293 1366 4369 confirmatur
1383 4305 1443 4355 aut
1458 4315 1504 4357 ea·
1518 4315 1570 4367 eo,
1594 4291 1686 4378 quod
1701 4291 1871 4374 personis,

522 4395 625 4450 toneat
638 4407 685 4448 ex
707 4407 765 4461 eo,
799 4387 890 4470 quod
911 4385 1061 4465 negotiis
1083 4395 1134 4447 est
1159 4384 1375 4467 attributum]
1420 4385 1530 4450 Omnis
1552 4407 1602 4448 res
1624 4387 1873 4468 argumentando

564 4478 787 4552 confirmatur,
821 4481 876 4540 secl
903 4499 984 4562 quac
1015 4478 1046 4540 in
1079 4471 1240 4542 nundinet
1270 4489 1334 4549 est,
1372 4499 1452 4560 quae
1480 4499 1572 4540 carisa
1602 4477 1728 4541 dicitur.
1773 4479 1874 4544 Cuius

564 4591 676 4633 causae
695 4571 756 4633 ista
778 4570 918 4633 delinitio
940 4583 1006 4632 est:
1030 4570 1092 4632 Lis
1112 4583 1297 4632 cumberto
1313 4593 1476 4654 persona.
1522 4573 1610 4634 Haec
1632 4573 1756 4654 quidem
1772 4573 1874 4638 omnis

564 4676 615 4717 res
636 4679 677 4718 ex
697 4655 759 4719 illis
782 4668 900 4736 septem
923 4653 1005 4717 locis
1028 4667 1211 4737 argumenta
1233 4657 1416 4719 contrahit:
1440 4657 1544 4739 Quis,
1567 4655 1667 4738 quid,
1690 4679 1771 4732 eur,
1796 4657 1873 4732 ubi,

563 4750 719 4831 pacando,
755 4747 1056 4832 quemadmodum,
1088 4747 1212 4829 quibus
1241 4749 1470 4811 adminiculis.
1527 4749 1647 4810 Verum
1671 4770 1710 4812 ea
1733 4748 1781 4812 his
1809 4751 1874 4812 duo

522 4844 663 4923 tsprima
686 4863 809 4905 ornnem
834 4841 895 4904 rim
918 4838 1200 4924 argumentationis
1224 4841 1402 4916 contiueat,
1435 4840 1570 4926 quinque
1592 4841 1715 4925 reliqua
1735 4842 1874 4905 secundo

638 5013 664 5065 7.
684 5007 860 5073 Extremum]
881 5001 950 5058 Cod.
970 5003 1033 5055 Bas.
1053 5029 1090 5045 -·
1110 5001 1160 5054 Ad
1175 5011 1328 5056 extremam
1348 5002 1419 5058 Edd.
1436 5003 1489 5059 Oa.

638 5087 682 5142 50.
703 5111 737 5124 -·
758 5097 814 5134 om.
833 5085 863 5130 tn
883 5077 934 5132 ed.
956 5081 1018 5132 Bas.

637 5161 682 5218 39.
701 5157 800 5210 Omnis
819 5185 837 5198 ·
856 5186 875 5198 -
893 5151 1097 5225 confirmatur]
1117 5149 1167 5205 ed.
1187 5151 1250 5207 llas.
1269 5175 1306 5192 ·-
1324 5169 1417 5206 amnes
1436 5183 1454 5198 -
1474 5181 1492 5196 -
1513 5149 1718 5224 confirmantur
1734 5150 1805 5206 Edd.
1819 5151 1874 5206 οιι.
