4434 5959
544 608 585 673 92
1056 606 1343 673 vtc'rottttttts

543 760 728 833 argumento
750 750 842 813 etde
866 748 932 811 eius
953 745 1076 823 modis,
1108 747 1229 810 scilicet
1250 748 1371 810 tribus:
1398 768 1480 811 niano
1505 750 1543 809 de
1570 748 1729 828 probabili
1751 772 1849 829 argu·

542 853 649 905 mento
672 842 827 917 dicamus,
860 841 978 925 inquo
1006 843 1077 906 solo
1103 842 1203 903 virtus
1225 840 1325 902 omnis
1354 841 1425 903 lidei
1450 842 1641 905 continetur.
1685 842 1729 903 Ut
1749 864 1849 922 supra

543 935 623 997 euim
648 935 803 1011 diximus,
838 933 1043 997 necessarium
1068 926 1152 995 inter
1169 932 1310 995 homines
1341 954 1402 995 non
1436 944 1503 1007 est;
1538 936 1720 1015 praesertim
1748 957 1850 1019 quirun

544 1026 635 1090 etiam
655 1027 755 1107 ipsum
776 1030 941 1108 probetur.
984 1026 1149 1091 Probabili
1172 1026 1276 1109 itaque
1299 1026 1370 1090 solo
1392 1028 1492 1091 omnis
1514 1028 1591 1090 fides
1613 1027 1741 1102 nititur,
1765 1030 1850 1091 adeo

519 1133 578 1183 ⁵ut
609 1120 725 1183 Graeci
755 1119 889 1185 officium
918 1131 950 1183 et
981 1120 1074 1182 linem
1103 1118 1242 1181 oratoris
1272 1118 1319 1181 sic
1350 1120 1547 1195 definierint,
1584 1122 1737 1196 πιθανῶς
1764 1118 1852 1207 πρὸς

543 1214 652 1279 πίστιν
670 1216 788 1295 λέγειν,
819 1214 852 1276 id
869 1224 926 1288 est,
939 1212 1165 1295 probabiliter
1185 1211 1231 1275 ad
1243 1211 1358 1288 fldem
1380 1213 1502 1275 dicere.
1546 1214 1720 1285 Probabile
1742 1224 1850 1275 autem

543 1326 602 1387 per
615 1326 649 1367 sc
670 1304 770 1386 ipsum
785 1328 848 1370 non
863 1317 968 1388 potest
983 1304 1104 1367 definiri
1128 1325 1228 1388 neque
1247 1303 1277 1365 in
1299 1316 1500 1387 praeceptum
1519 1308 1673 1389 quoddam
1691 1304 1848 1386 exprimi:

544 1400 600 1460 sed
620 1400 786 1480 probabile
807 1399 866 1463 erit
880 1410 1097 1483 argumentum
1119 1418 1178 1478 pro
1195 1398 1334 1459 moribus
1355 1396 1497 1477 patriae,
1522 1399 1652 1479 populi,
1677 1398 1850 1478 temporis.

543 1493 657 1576 Neque
678 1494 757 1556 enim
773 1493 915 1557 omnibus
932 1514 1023 1555 unum
1042 1504 1135 1574 atque
1153 1489 1234 1553 idern
1250 1492 1414 1570 probabile
1438 1503 1504 1554 est:
1528 1492 1610 1555 aliud
1630 1484 1709 1553 e'niru
1731 1491 1848 1553 iustum

504 1602 534 1651 to
545 1585 712 1659 Romanis,
732 1586 815 1649 aliud
824 1586 975 1649 Barbaris
987 1585 1122 1647 videtur.
1139 1584 1251 1666 ltaque
1261 1584 1477 1665 utprobabilia
1487 1596 1666 1669 argumenta
1679 1584 1846 1657 iaciamus,

544 1677 677 1758 primum
699 1679 791 1741 nobis
812 1680 911 1760 patria
925 1678 1113 1759 inspicienda
1137 1688 1203 1750 est,
1226 1677 1257 1737 in
1280 1698 1339 1759 qua
1354 1699 1469 1753 sumus,
1494 1678 1604 1741 eteius
1620 1676 1850 1759 patriaeinspi·

543 1769 645 1832 ciendi
666 1792 783 1833 mores.
826 1771 949 1842 Deinde
979 1768 1171 1851 inspicienda
1198 1780 1246 1831 est
1274 1770 1402 1845 civitas,
1435 1794 1515 1855 quae
1538 1794 1611 1854 pars
1637 1772 1754 1852 patriae
1776 1780 1846 1833 est:

544 1864 644 1927 omnis
679 1865 758 1927 enim
792 1864 902 1927 civitas
926 1866 1021 1927 habet
1050 1862 1200 1943 proprios
1225 1883 1342 1925 mores.
1401 1864 1523 1929 Deinde
1548 1864 1770 1945 inspiciendum
1798 1874 1848 1925 est

542 1968 684 2037 tempus:
719 1967 861 2039 tempora
889 1958 970 2019 enim
995 1976 1088 2037 saepe
1113 1965 1282 2018 mutantur.
1331 1957 1500 2019 Postremo
1522 1957 1613 2019 etiam
1639 1958 1724 2032 eius,
1762 1958 1848 2036 apud

502 2070 635 2132 asquem
658 2048 809 2122 dicimus,
840 2053 1061 2134 cognoscenda
1084 2060 1194 2111 natura
1217 2058 1284 2124 est,
1307 2061 1340 2112 nt
1362 2054 1531 2113 secundum
1553 2072 1659 2114 mores
1681 2050 1746 2113 eins
1768 2068 1848 2129 pro·

543 2140 659 2203 habilia
691 2156 874 2226 argumenta
895 2144 1058 2206 faciamus.
1110 2142 1222 2225 Itaque
1244 2143 1319 2205 haec
1340 2146 1548 2224 praecedunt,
1584 2156 1745 2227 antequam
1768 2162 1848 2222 pro·

542 2234 657 2297 habilia
690 2246 871 2319 argumenta
893 2236 1102 2317 proferamus.
1160 2236 1281 2298 Verum
1310 2234 1412 2315 ipsum
1440 2236 1605 2317 probabile
1628 2245 1847 2318 argumentum

542 2327 645 2409 primo
668 2326 700 2389 in
726 2328 785 2390 tria
804 2329 972 2403 dividitur,
994 2329 1024 2391 id
1045 2338 1113 2404 est,
1135 2328 1166 2393 in
1189 2329 1238 2403 id,
1268 2332 1353 2412 quod
1377 2328 1447 2391 lere
1469 2331 1550 2394 solet
1578 2328 1664 2401 heri,
1688 2340 1718 2389 et
1740 2327 1771 2389 in
1794 2326 1845 2401 id,

544 2422 630 2503 quod
650 2420 682 2482 in
705 2421 853 2503 opinione
876 2424 1010 2503 positum
1036 2432 1102 2499 est,
1126 2422 1207 2485 etin
1229 2420 1282 2497 id,
1306 2424 1391 2504 qnod
1414 2422 1507 2487 habet
1529 2426 1566 2486 ad
1592 2427 1669 2485 haec
1692 2422 1847 2505 qiiandam

500 2512 782 2579 cusimitimtinem.
828 2517 950 2580 Deinde
965 2515 995 2577 in
1011 2525 1179 2600 qriattuor‚
1202 2514 1340 2598 signum,
1365 2514 1531 2590 credibile,
1557 2514 1742 2593 iudicatum,
1759 2532 1848 2575 com·

542 2607 696 2690 parabile.
740 2609 863 2671 Verum
885 2609 936 2672 illa
959 2608 1018 2672 tria
1039 2628 1091 2670 res
1111 2619 1200 2683 sunt,
1215 2624 1217 2629 '
1233 2608 1346 2691 quibus
1369 2609 1535 2688 probabile
1557 2608 1723 2673 coniicitur
1749 2622 1848 2689 argu·

542 2713 698 2765 mentum:
734 2701 786 2764 illa
816 2714 918 2766 antem
948 2714 1121 2787 qirattnor‚
1152 2722 1233 2784 quae
1266 2712 1458 2784 sequuntur,
1491 2722 1596 2765 rerum
1619 2704 1727 2763 harum
1751 2700 1847 2761 trium

545 2797 675 2864 effectus
703 2805 788 2859 siunt.
846 2796 956 2860 Primo
988 2795 1095 2878 itaque
1120 2794 1175 2857 illa
1201 2792 1260 2856 tria
1290 2793 1468 2868 videamus,
1505 2796 1536 2858 in
1569 2816 1647 2878 qiiae
1678 2794 1847 2875 probabile

549 2888 699 2952 dividitur
721 2880 948 2974 argumentum.
993 2892 1058 2953 Per
1078 2888 1122 2964 id,
1145 2890 1231 2972 quod
1252 2888 1318 2951 sere
1339 2887 1421 2951 solet
1442 2887 1533 2967 lieri,
1563 2888 1730 2970 probabile
1752 2907 1849 2969 argu·

501 2989 534 3038 ²⁵
545 2995 679 3046 mentum
705 2982 751 3046 sic
773 2984 827 3061 lit,
862 2984 888 3047 si
915 3006 949 3047 ea
979 2985 1018 3046 ad
1034 2974 1136 3045 ntem
1165 2980 1316 3065 colligas,
1354 3002 1434 3065 quae
1455 2982 1487 3047 in
1505 2994 1602 3045 ¹actus
1623 2979 1848 3045 consuetudine

543 3089 732 3140 versantur:
769 3090 803 3140 ut
829 3090 921 3159 puta,
955 3079 994 3143 Si
1023 3088 1133 3140 mater
1160 3086 1229 3150 est,
1265 3074 1379 3157 diligit
1398 3074 1540 3151 filium:
1566 3075 1598 3139 si
1625 3094 1750 3137 avarus
1776 3084 1844 3147 est,

543 3170 688 3252 negligit
711 3169 963 3235 irmiurondum.
1020 3172 1071 3234 lta
1099 3180 1131 3231 et
1161 3168 1328 3231 Terentius
1364 3170 1544 3231 meretrices
1579 3168 1694 3241 malas,
1731 3186 1847 3229 avaros

542 3262 694 3338 lenones,
732 3263 838 3347 tristes
870 3286 981 3341 senes,
1020 3268 1131 3327 edaces
1158 3260 1313 3341 parasitos
1346 3280 1414 3323 csse
1444 3257 1713 3323 commemorarit.
1757 3260 1849 3321 Haec

541 3352 706 3439 itaque,ad
726 3354 817 3418 fidem
841 3346 922 3419 dicta
947 3367 1020 3420 sum
1040 3376 1099 3437 per
1120 3354 1169 3428 id,
1204 3357 1291 3436 quod
1312 3353 1379 3416 lere
1401 3356 1482 3417 solet
1502 3352 1586 3417 fieri.
1645 3352 1766 3415 Deinde
1789 3372 1848 3432 per

502 3454 534 3503 ³0
544 3445 594 3519 id,
618 3447 704 3528 quod
725 3445 757 3508 in
776 3448 924 3530 opinione
945 3448 1081 3531 positum
1104 3460 1170 3521 cst,
1195 3446 1361 3527 probabile
1380 3458 1598 3531 argumentum
1613 3446 1658 3507 sic
1681 3446 1738 3506 fit:
1760 3442 1786 3505 si
1808 3446 1849 3507 ad

542 3537 637 3599 fidem
659 3557 722 3600 non
742 3558 799 3614 ea,
825 3560 904 3623 qnae
926 3540 957 3602 in
979 3562 1037 3604 usu
1058 3554 1130 3603 sunt
1145 3540 1273 3625 agendi,
1296 3541 1351 3603 sed
1375 3560 1430 3614 ea,
1455 3560 1534 3623 quae
1556 3539 1586 3602 in
1606 3536 1753 3621 opinione
1776 3547 1850 3598 sunt

541 3630 664 3717 posita,
688 3633 892 3716 colligamns;
913 3635 939 3697 si
960 3622 1044 3698 dicas
1060 3636 1180 3698 inferos
1202 3654 1270 3697 ease
1293 3644 1325 3695 et
1342 3632 1443 3715 impiis
1467 3636 1549 3716 apud
1570 3632 1690 3697 inferos
1707 3648 1847 3711 poenas3
1895 3691 1899 3699 ,

542 3724 569 3788 si
589 3724 673 3789 dicas
695 3745 823 3801 omnes,
847 3726 902 3810 qui
924 3728 1212 3809 philosophentur,
1236 3738 1346 3791 contra
1370 3728 1445 3790 deos
1469 3726 1588 3791 lacere.
1644 3724 1743 3789 Multi
1765 3722 1847 3787 enim

488 3886 491 3893 ,
544 3820 690 3892 credunt,
713 3822 799 3901 qnod
813 3820 994 3902 philosophi
1017 3824 1223 3885 contradens
1242 3816 1370 3883 faciant.
1414 3819 1537 3884 Etenim
1560 3821 1585 3885 si
1609 3822 1685 3882 deos
1706 3826 1850 3880 asserunt

502 3921 576 3977 sset
591 3911 749 3975 melorte
771 3913 900 3975 stultum
926 3934 995 3976 esse
1018 3913 1140 3989 dicunt,
1175 3913 1321 3997 quoniam
1348 3934 1395 3975 me
1415 3914 1506 3975 talem
1530 3915 1605 3976 deus
1632 3934 1700 3975 esse
1722 3910 1844 3987 voluit,

544 4015 655 4069 contra
688 4006 764 4069 deos
794 4006 930 4083 faciunt,
961 4028 1055 4091 qiriim
1088 4026 1136 4069 me
1163 4006 1407 4088 reprehendunt.
1461 4005 1584 4069 Deinde
1604 4004 1637 4067 in
1658 4025 1695 4067 re
1720 4004 1846 4085 publica

543 4120 639 4183 qiiiim
662 4100 743 4161 bella
775 4111 827 4162 aut
856 4122 919 4184 pax
948 4121 988 4164 ex
1016 4100 1067 4164 dci
1098 4100 1259 4164 voluntate
1289 4100 1493 4185 contingant,
1528 4098 1589 4180 ipsi
1619 4108 1719 4161 autem
1751 4098 1848 4159 multa

542 4192 672 4273 cupiunt
685 4196 892 4274 persuadere;
908 4206 1019 4259 contra
1034 4197 1110 4258 deos
1125 4193 1256 4270 faciunt,
1267 4193 1293 4256 si
1308 4192 1339 4255 id
1353 4213 1415 4255 non
1428 4194 1579 4277 agendum
1590 4202 1743 4267 asserunt,
1761 4192 1848 4273 quod

544 4286 672 4347 deorum
686 4288 845 4351 voluntate
858 4288 1025 4369 contingit.
1042 4288 1151 4373 Ergo,
1166 4286 1358 4361 indiximus,
1370 4286 1471 4361 exiis,
1485 4284 1606 4371 quaein
1619 4282 1857 4365 opinionesunt·

501 4394 533 4443 to
544 4378 665 4459 posita,
682 4381 848 4460 probabile
856 4380 1016 4465 colligitur
1026 4390 1259 4463 argumentum
1276 4380 1303 4441 si
1316 4378 1613 4452 dicasinlerosesse,
1629 4380 1749 4440 uelnou
1759 4396 1846 4451 essc;

543 4476 619 4538 deos
630 4494 710 4549 esse,
728 4475 779 4536 rel
791 4496 853 4538 uon
865 4496 949 4548 esse;
973 4478 1117 4536 mundum
1129 4485 1254 4550 natum,
1272 4474 1416 4534 mundum
1429 4492 1491 4533 non
1501 4492 1568 4533 ease
1582 4482 1698 4532 natum.
1743 4469 1844 4549 [Istae

543 4564 708 4646 opiniones
740 4562 890 4652 δόγματα
922 4567 1082 4641 dicuntum
1119 4562 1226 4651 δόγμα
1254 4566 1336 4628 enim
1363 4566 1485 4627 Graece
1511 4564 1619 4646 opinio
1641 4574 1673 4626 et
1695 4558 1847 4648 δόγματα

615 4768 660 4823 211.
672 4763 754 4837 scre]
774 4795 812 4809 -
829 4784 896 4819 ecre
914 4764 957 4820 bis
977 4764 1046 4819 Cod.
1065 4766 1126 4819 Bas.
1164 4764 1259 4818 Tertio
1280 4766 1341 4817 loco
1360 4768 1383 4817 ts
1403 4780 1511 4835 quoqne
1523 4759 1601 4833 scra.
1622 4764 1676 4817 Oa.

615 4844 661 4899 57.
680 4842 777 4909 mutia]
817 4839 982 4915 deprecabar
1002 4846 1166 4904 contraria,
1184 4841 1260 4904 aba,
1277 4838 1378 4895 bellum
1399 4855 1448 4914 pro
1468 4854 1535 4911 pice
1554 4852 1605 4893 cet.
1625 4840 1678 4892 Οι.

614 4914 661 4971 112.
678 4911 832 4993 δόγματα]
855 4915 968 4969 Εάἰιααι
986 4914 1074 4969 luerat
1095 4917 1200 4968 Lsitnls
1219 4913 1306 4967 ltierts
1326 4913 1482 4983 dogmasa:
1501 4910 1548 4965 sed
1567 4928 1600 4965 ea
1620 4908 1845 4967 antecedentibus

541 5005 570 5044 ct
588 4990 817 5062 consequentibns
836 5006 911 5064 pacet
930 4988 1105 5044 scribendum
1125 4988 1207 5043 lutire
1226 4988 1429 5041 characteribus
1449 4990 1563 5043 Graecis
1583 4982 1732 5063 δόγματα.
1764 4992 1847 5038 tlara.

540 5066 660 5132 (Graece
677 5071 782 5137 scripu
800 5081 865 5119 snm
884 5070 913 5119 tn
932 5066 973 5119 St.
993 5063 1055 5121 ald.
1077 5066 1154 5132 Quae
1174 5064 1209 5136 [J
1235 5064 1333 5120 tnucu
1355 5063 1455 5117 absunt
1474 5078 1489 5116 a
1509 5060 1562 5119 Cd.
1581 5064 1645 5119 Bes.
1683 5062 1766 5119 Δὸι.
1787 5059 1845 5117 ΛΜ.

542 5141 642 5195 abeunt
661 5158 701 5195 rr.
720 5146 748 5193 st
766 5138 792 5201 ὅ.
811 5159 838 5197 ο.
856 5148 1057 5211 mmcupantur.
1076 5138 1143 5213 Oe.)
1511 5149 1517 5159 '
