4434 5959
1012 643 1102 707 nin.
1125 601 1156 706 i.
1690 603 1730 705 si

427 802 500 847 nem
515 783 640 845 realem
655 784 860 855 vocaverunt,
884 783 969 864 quod
990 781 1020 843 in
1042 803 1079 845 cs
1102 791 1288 866 quaeratur,
1312 792 1414 845 utrum
1436 802 1501 855 nes,
1525 784 1563 845 rle
1578 803 1639 866 qua
1662 781 1744 867 agi.

428 888 501 952 tur,
538 877 620 939 lacta
642 896 710 937 esse
732 876 899 937 videatur:
944 874 995 937 alii
1017 871 1220 959 σταδιασμὸν
1248 876 1372 940 Graeco
1398 876 1556 939 vocabulo
1586 874 1729 958 quidem,

431 974 520 1054 quod
551 970 582 1033 in
615 991 651 1033 ea
687 971 724 1030 de
759 969 884 1031 incerto
921 968 1138 1049 investigando
1179 970 1343 1032 maximum
1379 981 1537 1031 certarnen
1568 970 1731 1031 habeatur.

432 1065 528 1128 Unde
549 1074 581 1126 et
607 1063 756 1126 stadium
777 1062 911 1135 dicitur,
945 1064 1030 1145 quod
1052 1061 1102 1123 ibi
1123 1073 1330 1124 exerceantur
1361 1062 1539 1125 certamina.
1594 1063 1656 1123 Sed
1677 1060 1733 1125 ci-

431 1179 510 1220 cero
533 1157 746 1220 constitutioni
767 1155 841 1218 huic
861 1176 900 1217 ex
924 1157 1020 1218 modo
1042 1153 1173 1217 actionis
1195 1178 1307 1219 nornen
1333 1156 1495 1238 imposuit.
1539 1155 1577 1217 In
1599 1156 1657 1217 bac
1679 1160 1759 1217 art-⁵

430 1262 494 1312 tem
516 1250 740 1314 constitutione
756 1252 865 1312 modus
894 1247 1027 1311 actionis
1050 1248 1100 1310 hic
1121 1261 1192 1324 est,
1211 1252 1297 1333 quod
1322 1272 1371 1313 res
1399 1249 1587 1313 coniecturis
1610 1248 1734 1333 quaeri·

433 1355 500 1405 tur.
544 1345 622 1406 ldeo
644 1364 724 1427 ergo
745 1342 978 1405 coniecturam
997 1340 1137 1403 vocavit.

516 1440 630 1519 Quum
651 1448 764 1498 autem
785 1434 950 1508 nominis,
980 1435 1060 1517 quia
1081 1435 1131 1496 vis
1152 1436 1303 1500 nmabuti
1323 1436 1519 1512 definiendo
1538 1437 1646 1500 ner-bis
1666 1447 1739 1510 est,-

431 1530 633 1593 constitntio
653 1529 831 1607 definitiva
855 1526 1063 1608 nominatur]
1107 1528 1268 1603 Nominis,
1300 1529 1418 1613 inquit,
1451 1542 1497 1592 est
1518 1530 1739 1593 controversia

432 1644 530 1707 quum
553 1625 591 1684 dc
613 1622 699 1685 sacto
721 1632 861 1696 constat,
897 1622 950 1682 scd
972 1620 1151 1703 quaeritur,
1175 1643 1240 1703 quo
1254 1619 1289 1684 id
1309 1622 1425 1685 iactum
1446 1623 1570 1686 nomino
1598 1622 1779 1704 appelle-ro

432 1728 501 1779 tue.
556 1719 664 1797 Atque
692 1714 761 1777 ideo
794 1712 938 1798 quoniam
966 1712 1042 1775 lacti
1070 1715 1276 1789 vocabulum,
1311 1736 1370 1796 pro
1390 1715 1574 1805 necessitate
1601 1716 1740 1807 suseepti:

434 1807 573 1893 negotii,
598 1807 688 1871 nobis
710 1807 851 1888 apposita
877 1805 1057 1870 definitione
1081 1811 1255 1871 nudandum
1277 1820 1340 1884 est,
1365 1810 1544 1873 constitutio
1560 1808 1739 1885 definitiva

436 1903 628 1965 nominatur.
672 1900 757 1963 Huic
778 1919 904 1982 quoque
926 1899 1144 1964 constitutioni
1165 1922 1227 1963 non
1249 1923 1291 1964 ex
1311 1922 1365 1978 re,
1389 1904 1443 1965 sed
1465 1923 1505 1964 ex
1520 1907 1615 1965 modo
1638 1901 1742 1964 aetio·

437 1995 486 2057 nis
507 2015 621 2058 nomen
642 1991 805 2076 imposuit.
861 1993 928 2055 Res
950 2003 999 2054 cst
1019 1993 1099 2054 enim
1121 1993 1211 2056 huius
1233 1994 1466 2058 constitutionis
1486 1994 1617 2058 nominis
1640 1994 1737 2058 ambi·

439 2088 561 2171 guitast
597 2089 707 2150 modus
735 2085 866 2149 actionis
888 2097 934 2147 est
954 2084 1091 2148 nominis·
1108 2086 1262 2149 definitio.
1306 2088 1405 2150 Recte
1427 2108 1506 2172 ergo
1527 2089 1599 2151 huic
1620 2088 1780 2152 consti-1⁵

438 2180 553 2243 tutioui
575 2200 638 2244 non
660 2201 701 2242 ex
721 2200 773 2254 re,
797 2180 851 2240 sed
872 2199 912 2240 ex
935 2180 1030 2241 modo
1052 2177 1184 2242 actionis
1206 2200 1316 2243 nomen
1338 2180 1499 2261 imposuit.
1762 2191 1765 2195 ’

521 2278 636 2356 Quum
656 2293 735 2335 nero
754 2271 865 2355 qualis
883 2293 938 2334 res
958 2271 1021 2347 sit,
1060 2272 1136 2354 cct.]
1170 2274 1215 2335 Et
1234 2292 1329 2354 supra
1352 2273 1561 2347 ostendimus,
1584 2293 1678 2356 quum
1700 2274 1739 2334 de

439 2388 556 2452 genere
592 2365 668 2429 antis
696 2364 874 2428 rhetoricae
907 2366 1157 2447 disputaremus,
1193 2386 1291 2449 genus
1321 2366 1352 2427 in
1377 2365 1494 2447 triplici
1514 2364 1739 2450 significatione

438 2459 632 2523 consistere:
669 2479 736 2521 esse
758 2479 856 2542 genus
878 2458 1078 2542 sanguineum
1116 2480 1185 2522 esse
1208 2480 1324 2543 genus,
1347 2460 1404 2521 sub
1418 2481 1491 2543 quo
1513 2459 1622 2522 similis
1644 2457 1739 2521 multa

438 2564 621 2626 teneantnr3
643 2573 712 2615 essa
733 2572 830 2635 genus
852 2551 1026 2635 qualitatis,
1059 2552 1089 2613 id
1111 2564 1178 2627 est,
1203 2573 1267 2635 quo
1289 2552 1379 2615 unius
1402 2552 1551 2637 cuiusque
1572 2550 1619 2614 rei
1640 2549 1782 2633 quali-2⁰

439 2658 487 2709 tas
508 2645 677 2708 indicetur.
721 2646 831 2728 Ergo,
855 2645 972 2729 inquit,
997 2667 1098 2727 quum
1113 2658 1148 2709 et
1164 2648 1202 2708 de
1223 2646 1308 2709 fecto
1327 2658 1358 2707 et
1379 2648 1418 2710 de
1433 2648 1555 2709 nomine
1577 2644 1736 2716 convenit,

438 2742 494 2802 sed
516 2739 689 2823 quaeritur,
712 2729 807 2820 quale
824 2737 865 2800 sit
887 2732 917 2800 iil
927 2784 942 2813 ,1
974 2742 1059 2822 quod
1082 2740 1112 2802 in
1134 2739 1248 2803 iudicio
1271 2750 1432 2815 versatur,
1457 2739 1602 2823 quoniam
1625 2741 1663 2801 de
1685 2757 1741 2822 ge-

439 2852 518 2894 nere
538 2832 658 2917 negotii
678 2831 896 2894 controversia
918 2843 966 2896 est
974 2876 989 2906 ,.
1021 2831 1205 2896 constitutio
1227 2832 1398 2916 generalis
1419 2842 1570 2908 vocatur,
1608 2829 1740 2917 qualitas

437 2924 573 2987 scilicet.
616 2928 737 2989 Verum
764 2925 837 2988 huic
858 2926 1073 2989 constitutioni
1095 2948 1158 2989 non
1181 2947 1222 2989 en
1244 2928 1339 2989 modo
1361 2925 1511 2999 actionis,
1540 2936 1576 2986 ut
1596 2921 1741 3006 superio-

438 3018 530 3080 ribus
550 3019 671 3081 drrabus
693 3029 725 3079 et
744 3029 818 3100 post
838 3030 986 3101 quartas:
1010 3022 1197 3095 sedenos,
1219 3019 1330 3094 idest,
1355 3018 1483 3102 negotio
1505 3038 1618 3082 nomen
1640 3017 1783 3099 iupa-25

391 3105 393 3112 ’
438 3111 515 3173 neit.
558 3113 621 3174 ch
641 3112 722 3176 onim
744 3133 794 3175 res
815 3111 867 3174 illa
890 3124 956 3187 ost,
980 3116 1073 3197 quod.
1088 3115 1127 3175 de
1141 3112 1259 3196 negotii
1282 3133 1398 3195 genere
1422 3112 1471 3172 vel
1486 3110 1632 3194 qualitate
1647 3129 1743 3192 quae·

439 3205 536 3266 ritur.
593 3206 704 3289 Itaque
734 3227 774 3268 ex
806 3226 840 3267 re
869 3206 940 3267 huic
967 3206 1183 3270 constitutioni
1205 3226 1316 3268 nomen
1339 3204 1506 3288 imposuit,
1529 3217 1564 3267 ut
1586 3202 1743 3289 generalis

438 3309 594 3372 nocetur,
618 3297 737 3375 idest,
761 3299 906 3383 qualitas,

526 3396 575 3454 At
596 3415 715 3476 prtum,
749 3393 868 3476 inquit,
901 3414 1007 3457 cama
1030 3418 1077 3457 ex
1104 3415 1146 3457 eo
1163 3393 1311 3476 pendet,
1336 3393 1413 3475 cet}
1472 3392 1593 3472 Quum,
1623 3388 1741 3475 inquit,

438 3482 513 3545 talis
539 3483 636 3546 fuerit
663 3486 905 3560 controversia,
938 3500 972 3549 ut
999 3486 1114 3551 inhoc
1143 3487 1183 3549 sit
1204 3499 1270 3551 tota
1298 3486 1478 3563 contentio,
1514 3508 1608 3569 qmun
1632 3497 1684 3548 aut
1705 3485 1785 3546 abso

439 3576 526 3651 alio,
550 3598 614 3639 non
635 3580 674 3639 ab
696 3581 759 3641 hoc
781 3601 840 3643 nos
860 3580 999 3643 accusari
1020 3583 1134 3642 debere
1157 3579 1304 3654 dicimus3
1328 3592 1380 3642 aut
1402 3602 1466 3644 non
1487 3600 1566 3653 nos,
1589 3581 1644 3641 sed
1665 3579 1744 3640 alios

439 3670 602 3744 accusari;
635 3684 689 3734 aut
710 3693 774 3736 non
795 3676 876 3754 apud
899 3675 975 3746 hos,
1012 3676 1067 3735 sed
1088 3673 1178 3747 lllos;
1212 3695 1276 3737 non
1298 3675 1356 3735 hac
1378 3674 1465 3757 lego,
1499 3674 1553 3735 sed
1575 3672 1645 3745 illo;
1681 3671 1745 3734 non

440 3764 508 3825 hoc
528 3762 675 3842 crimine,
700 3769 754 3827 sed
775 3766 848 3841 illo;
877 3787 940 3830 non
963 3770 1021 3828 hac
1042 3788 1170 3849 poena,
1185 3769 1240 3829 sod
1261 3767 1331 3830 illa:
1355 3766 1500 3851 quoniam
1522 3765 1553 3829 in
1575 3766 1624 3829 his
1646 3763 1749 3828 omui·

441 3857 504 3917 ltus
525 3858 563 3917 de
587 3858 790 3922 translatione
817 3860 949 3922 actionis
976 3859 1193 3924 controversia
1223 3872 1289 3936 est,
1327 3860 1509 3924 constitutio
1545 3857 1751 3921 translativa

442 3949 634 4011 nominatur.
678 3951 763 4014 Huic
784 3973 915 4035 quoque·
933 3954 1157 4017 constitutioni⁴
1173 3958 1212 4015 ex
1241 3956 1335 4016 modo
1358 3953 1487 4017 actionis
1510 3973 1623 4014 nomen
1645 3950 1787 4031 impo·t⁵

443 4041 520 4101 suit.
564 4042 684 4122 Agitur
706 4044 805 4119 enim,
828 4058 863 4108 ut
885 4046 1210 4123 actio-transferatur,
1234 4058 1288 4108 aut
1309 4046 1339 4108 in
1355 4058 1443 4119 toto,
1466 4057 1519 4107 ut:
1542 4047 1747 4110 Nallatenas

443 4132 508 4195 tibi
527 4138 736 4216 respondebo
746 4160 759 4209 ,·
780 4148 833 4199 aut
854 4138 885 4200 in
906 4151 1013 4221 parte,
1037 4149 1072 4200 ut
1084 4160 1097 4200 a·
1116 4139 1353 4220 Respondebo,
1376 4138 1517 4201 sednon
1538 4137 1574 4199 in
1586 4155 1747 4219 praesen-

445 4224 587 4288 tiarum.
630 4230 751 4302 Verum
774 4233 861 4315 quod
882 4232 946 4307 ait,
984 4253 1052 4295 non
1072 4234 1135 4296 hoe
1155 4233 1312 4308 crimine,
1347 4232 1640 4302 sedillo;-nonne
1662 4226 1748 4291 etin

520 4516 546 4563 1.
566 4513 792 4563 constitutionem
810 4514 925 4586 realem]
953 4510 1100 4567 Hic-idem
1119 4521 1213 4564 status
1231 4513 1265 4565 ab
1293 4515 1463 4586 Hermogene
1483 4513 1610 4567 definitur
1637 4508 1750 4586 ἀδήλου
1855 4558 1857 4562 .

446 4577 758 4660 πράγματοςὲλεγχος
779 4586 941 4659 οὺσιώὸης,
966 4588 993 4641 id
1012 4603 1072 4652 est,
1102 4589 1234 4660 probatio
1255 4590 1450 4640 substantialis
1472 4608 1519 4643 een
1539 4590 1572 4640 de
1590 4588 1749 4639 narrantia
1859 4590 1863 4599 '

446 4664 474 4707 et
492 4660 646 4709 existentia
663 4664 788 4713 incertae
806 4667 857 4715 rei.
878 4667 959 4716 Cirr.
1861 4659 1864 4663 ι

518 4736 545 4786 2.
564 4734 624 4783 Atti
651 4731 851 4812 σταδιασμὸν]
880 4739 1025 4810 Perperam
1052 4738 1194 4812 legebatur
1218 4739 1265 4792 hio
1290 4739 1356 4791 olim
1385 4736 1563 4808 σταδιάζων.
1607 4736 1659 4790 Sed
1690 4750 1750 4786 eam
1853 4784 1855 4789 .

447 4801 593 4860 lectionem
621 4823 729 4861 secutus
764 4827 841 4876 sum,
871 4830 952 4883 qnam
981 4814 1091 4867 exhibet
1120 4814 1282 4868 Basilernsis
1312 4812 1399 4866 editio
1425 4817 1692 4868 Commentariorum
1722 4815 1753 4862 in
1863 4835 1865 4839 ⁴

448 4896 539 4933 omnes
564 4885 705 4934 Ciceronis
735 4882 821 4938 libros
849 4886 882 4938 de
906 4896 969 4940 arte
1000 4889 1160 4943 Rhetorica.
1186 4895 1267 4944 cnr.
1298 4895 1353 4955 (·-
1373 4886 1541 4947 σταόιακὸν
1566 4890 1608 4943 St.
1633 4885 1692 4940 ΔΜ.
1716 4912 1752 4928 ·-

451 4954 596 5006 stadiason
614 4956 665 5013 ed.
682 4957 745 5012 Bas.
765 4960 833 5027 Os.)

517 5035 562 5091 52.
582 5031 659 5100 apud
675 5030 737 5104 Iros]
758 5034 875 5109 Supple,
894 5038 1008 5090 iudicer.
1025 5040 1108 5093 Care.

447 5111 634 5235 Μῃῧιῖυιε
651 5111 682 5159 r'n
701 5139 720 5150 -
738 5139 757 5152 -
772 5116 1006 5181 praesentiarum]
1027 5113 1121 5182 Haec,
1154 5128 1222 5186 qnae
1247 5116 1351 5167 tosernt
1377 5130 1392 5165 e
1424 5109 1475 5165 cd.
1504 5113 1583 5176 Bra,
1603 5110 1702 5165 absunt
1721 5112 1755 5164 ab
