4434 5959
947 620 1039 694 nm.
1063 620 1092 683 1.
1622 618 1682 681 uu

362 777 447 839 qttas
467 752 587 821 iaciunt
609 756 721 833 fldem,
752 759 808 821 sed
828 758 901 843 qnia
924 758 1064 822 rationes
1085 772 1260 834 nunaunt,
1289 773 1330 823 ne
1348 772 1534 845 argumenta
1556 760 1681 843 qrtideoa

362 870 436 913 esse
458 862 608 931 possunt,
647 861 681 913 ut
713 850 799 914 visus
822 851 899 914 facit
920 852 1013 915 fidem
1036 852 1097 927 iis,
1129 875 1210 937 qttae
1230 854 1400 929 videntur,
1422 856 1480 916 sed
1503 852 1576 938 quin
1598 852 1680 916 ratio

362 954 498 1007 nonest
519 944 625 1020 visus,
649 966 688 1007 ne
716 957 933 1029 argumentum
955 946 1078 1029 quidem
1104 968 1173 1010 esse
1199 959 1317 1029 potest.
1361 946 1578 1013 Differentiam
1603 965 1681 1007 vero

363 1058 457 1099 arnam
481 1037 632 1121 sumpsit,
656 1060 741 1113 eam,
765 1036 979 1128 quaefaciot
993 1039 1121 1117 fidem.
1152 1041 1254 1106 Omne
1274 1040 1354 1103 enim
1372 1052 1591 1121 argumentum
1604 1037 1683 1101 facit

363 1130 471 1193 fidem.
526 1130 690 1215 Si,igitur
719 1132 912 1194 innxerirnus
933 1152 1031 1217 genus
1063 1154 1099 1195 ac
1121 1134 1329 1195 differentiam
1358 1145 1388 1196 et
1409 1133 1491 1195 idem
1513 1126 1707 1212 tegimen-⁵

362 1236 430 1287 tum
453 1224 620 1299 dicamus,
648 1226 736 1309 qtaod
754 1225 926 1301 rationem,
961 1246 1042 1307 qrrae
1060 1224 1138 1287 iacit
1166 1226 1277 1301 fidern,
1315 1247 1387 1288 nram
1414 1236 1481 1288 tota
1503 1224 1683 1308 argumenti

364 1329 475 1381 nature
490 1320 661 1382 monstrata
677 1318 748 1384 sit?⁴
769 1319 916 1394 Minime.
961 1316 1070 1398 Quid?
1092 1318 1120 1380 si
1135 1317 1203 1381 eius
1214 1319 1280 1394 rei,
1304 1320 1343 1381 de
1355 1340 1416 1402 qua
1430 1339 1521 1383 nemo
1537 1321 1680 1393 dubitat,

364 1412 469 1494 aliqua
501 1411 624 1475 ratione
659 1411 767 1475 facere
788 1411 860 1495 qiris
886 1412 978 1475 iidem
1002 1410 1098 1486 velit,
1133 1434 1205 1475 num
1226 1413 1347 1475 idcirco
1369 1413 1443 1487 ilia,
1475 1416 1563 1497 quod
1589 1415 1680 1475 iidem

362 1504 479 1581 iaciat,
505 1507 671 1570 vocabitur
689 1505 935 1589 argumentum?
958 1505 1055 1569 Nullo
1080 1509 1192 1570 modo:
1217 1518 1435 1590 argumentum
1458 1527 1591 1590 namque
1613 1518 1679 1583 est,

365 1602 454 1683 qrtod
473 1620 539 1661 rem
562 1598 687 1683 arguit,
719 1598 835 1673 idest,
865 1600 1003 1680 probat,
1040 1598 1117 1662 nihit
1134 1620 1212 1663 vero
1234 1600 1366 1681 probari
1386 1598 1444 1663 nisi
1464 1601 1593 1665 dubium
1619 1621 1681 1683 po·
1693 1610 1723 1661 u

364 1690 442 1755 teit.
494 1692 564 1755 Nisi
585 1714 666 1774 ergo
693 1693 731 1755 sit
759 1713 809 1754 res
831 1693 976 1777 ambigua
998 1703 1030 1755 et
1051 1695 1093 1755 ad
1113 1714 1180 1756 eam
1207 1694 1289 1756 ratio
1309 1694 1402 1758 tidem
1422 1694 1542 1759 iaciens
1567 1694 1682 1758 affera-

363 1797 438 1864 tur,
460 1798 676 1869 argumentum
696 1806 765 1848 esse
788 1806 849 1849 non
872 1785 1003 1867 poterit.
1047 1787 1166 1849 Addita
1186 1786 1288 1872 igitur
1302 1789 1361 1851 alia
1381 1788 1575 1865 differentia,
1599 1808 1680 1873 quae

364 1892 414 1943 est
440 1880 492 1942 rei
513 1879 653 1952 dubiae,
676 1878 758 1941 taeta
782 1891 830 1941 est
851 1880 975 1963 integra
998 1879 1138 1944 definitio
1154 1880 1334 1965 argumenti
1354 1903 1394 1944 ex
1418 1902 1536 1967 genere
1552 1892 1583 1943 et
1602 1883 1679 1942 dna-

365 1976 425 2036 bns
442 1972 628 2036 differentiis
650 1984 819 2037 conetense
843 1994 962 2058 genere
984 1974 1128 2057 qttidern,
1153 1976 1296 2039 rationea
1319 1996 1473 2039 sanavero
1491 1974 1679 2049 differentia,

364 2070 452 2152 quod
466 2067 561 2130 iaciat
577 2067 690 2142 fidem,
722 2067 820 2130 attera
841 2088 943 2141 vero,
967 2068 1054 2151 quod
1075 2066 1123 2131 rei
1146 2068 1278 2143 dubiae,
1303 2079 1337 2130 ιιι
1363 2068 1404 2131 sit
1426 2079 1491 2130 tota
1518 2066 1677 2142 definitio,
1693 2078 1723 2131 ιι

362 2161 395 2224 id
415 2162 750 2244 esse'argtuucntum,
788 2161 877 2245 qttnd
901 2160 940 2222 sit
971 2160 1054 2223 ratio
1077 2161 1125 2223 rei
1151 2162 1263 2224 alathiae
1283 2160 1404 2224 iaciens
1424 2161 1530 2223 iidem.
1589 2162 1680 2243 Quae

363 2276 461 2337 epirum
485 2255 526 2317 ita
552 2254 631 2327 siut,
657 2276 787 2317 necesse
815 2266 864 2316 est
887 2265 938 2325 ut,
971 2255 1022 2317 ubi
1049 2254 1211 2333 dubitatur
1232 2257 1373 2341 atiqrtid,
1397 2256 1440 2318 ibi
1459 2254 1500 2318 sit
1522 2254 1679 2336 quaestio.

364 2351 462 2428 Quod
485 2349 512 2411 si
534 2360 749 2433 argumentum
773 2360 900 2430 praeter
921 2370 989 2411 rem
1012 2350 1136 2411 dubiam
1156 2370 1301 2412 essenon
1319 2349 1458 2431 poterit,
1481 2339 1680 2413 nullomodo

363 2464 433 2507 esse
450 2453 579 2524 praeter
602 2441 818 2526 quaestionem
842 2453 961 2523 potest.
1007 2442 1161 2521 Quaestio
1182 2464 1261 2507 vero
1283 2453 1332 2505 est
1355 2442 1538 2511 dubitabilia
1558 2462 1682 2524 propo·

362 2536 451 2599 sitio.
510 2535 699 2616 Propositio
723 2558 803 2601 vero
827 2548 872 2598 cst
895 2535 999 2597 oratio
1020 2552 1130 2599 rerum
1153 2537 1309 2599 talsirmee
1327 2534 1511 2620 designans.
1569 2532 1681 2597 Omnis
1692 2553 1724 2601 tt

364 2629 463 2715 igitur
496 2628 677 2711 propositio
707 2628 774 2691 sive
804 2641 989 2693 constanter
1019 2642 1113 2713 atque
1140 2628 1378 2711 pronuntiative
1399 2630 1609 2711 proferatur,
1647 2639 1683 2689 ut

363 2721 488 2806 siquis
506 2724 607 2786 dicat:
653 2724 773 2788 Omnis
800 2725 902 2787 horno
929 2722 1059 2785 animat
1079 2735 1149 2798 est,
1172 2723 1240 2785 sire
1263 2728 1302 2786 ad
1323 2721 1609 2807 interrogationem
1634 2719 1681 2780 di·

363 2818 508 2897 rigatur,
541 2829 575 2879 ut
607 2816 632 2878 si
666 2818 735 2900 qtris
765 2816 963 2901 interroget:
994 2820 1162 2880 Putasne:
1193 2816 1432 2881 omnishomo
1451 2816 1582 2878 animat
1604 2821 1682 2881 est?

364 2910 479 2971 retinet
500 2911 666 2991 proprium
693 2931 807 2973 nomen
837 2922 869 2973 et
892 2908 1072 2991 propositio
1096 2920 1307 2989 nuncupatur.
1352 2913 1399 2973 Αι
1420 2910 1447 2973 si
1467 2912 1573 2973 cadem
1593 2913 1684 2975 reiut

364 3002 548 3066 dubitabilis
574 3004 778 3085 proteratur,
817 3004 851 3065 iit
873 3002 1031 3085 quaesti03
1071 3004 1159 3065 vetut
1182 3002 1298 3087 siquis
1320 3016 1476 3087 quaerat:
1495 3024 1542 3065 cn
1570 3004 1724 3068 omniatt

362 3100 466 3161 homo
488 3096 619 3158 animat
639 3097 709 3159 sit?
742 3096 832 3174 Quot
853 3108 955 3158 autem
983 3095 1083 3159 modis
1105 3096 1249 3180 quaestio
1271 3097 1451 3172 dividatur,
1475 3119 1557 3161 nunc
1578 3098 1680 3179 expli·

363 3190 454 3251 candi
479 3190 569 3251 torus
592 3210 655 3251 nou
680 3189 805 3251 videtur
826 3192 1067 3263 accommodus,
1103 3192 1158 3252 scd
1180 3188 1211 3251 in
1233 3190 1273 3253 iis
1292 3192 1380 3254 libris
1402 3191 1559 3266 dicemus,
1597 3212 1680 3275 quos

363 3287 403 3347 de
433 3282 548 3363 topicis
577 3281 762 3345 diffcrentiis
796 3283 938 3347 iorrnare
963 3284 1123 3346 nroiinutr.
1178 3285 1230 3346 nd
1256 3284 1472 3367 qtraestiooem
1495 3283 1610 3369 igitur,
1649 3286 1681 3348 id
1790 3343 1793 3352 ,
1840 3340 1853 3365 ,

364 3390 432 3449 est,
456 3380 497 3439 ad
516 3376 716 3439 dtabitabiieur
736 3375 1009 3459 propositionem,
1041 3377 1143 3440 omnis
1164 3376 1296 3439 intentio
1319 3377 1468 3463 dirigitur
1490 3378 1678 3463 argumenti,

364 3493 431 3535 non
451 3490 528 3533 vero
554 3481 587 3532 ut
610 3481 707 3533 totam
731 3472 918 3552 corriprobet
942 3471 1175 3553 quaestionem,
1199 3475 1255 3534 sed
1273 3484 1306 3533 ut
1329 3483 1451 3553 partem
1472 3473 1539 3538 eius
1558 3472 1680 3534 ratione
1692 3486 1723 3534 ιι

365 3564 550 3629 confirmet:
575 3585 675 3647 neqttc
699 3564 779 3626 enirn
799 3575 867 3627 tota
891 3564 1035 3647 ‹prraestio
1063 3566 1260 3639 detenditur,
1284 3568 1339 3627 sed
1360 3587 1421 3627 una
1441 3564 1680 3648 eiusquaelibe't

363 3676 440 3741 pars
457 3658 728 3741 argumentatione
746 3660 901 3720 tirmatur.
947 3660 1049 3720 Nemo
1072 3660 1152 3721 enini
1168 3658 1324 3732 defendit,
1347 3662 1479 3721 caetum
1494 3660 1681 3723 rotundum
1776 3724 1781 3731 ,

362 3772 452 3827 esse,
483 3764 515 3814 et
536 3772 605 3815 non
626 3772 714 3824 esser
748 3750 774 3813 si
794 3750 874 3813 enirn
892 3749 932 3813 ita
961 3752 1029 3836 quis
1050 3754 1251 3828 detenderet,
1276 3766 1374 3817 totam
1396 3753 1610 3836 qstacstionem
1634 3752 1681 3812 vi-

363 3848 498 3907 deretur
521 3848 672 3927 probare.
725 3848 787 3907 Sed
810 3867 906 3926 qutun
928 3845 971 3908 ita
995 3846 1236 3910 consideratur:
1261 3850 1383 3911 Utrum
1407 3848 1539 3909 caelum
1561 3858 1682 3909 rotun·

361 3939 447 4000 diem
465 3938 527 4012 sit,
565 3960 611 4001 un
629 3960 697 4001 uon
714 3938 780 4009 eit3
815 3938 844 4001 in
865 3961 923 4001 atria
946 3952 1061 4002 tantum
1087 3940 1232 4004 consistit
1252 3940 1443 4025 qtraestionis
1461 3952 1551 4021 parte
1570 3939 1679 4002 deien-
1692 3949 1723 3997 ιε

363 4032 433 4103 sio,
457 4032 524 4094 sive
555 4053 636 4113 quiae
665 4031 818 4105 affirmat,
853 4036 920 4095 sive
940 4054 1021 4115 qtrae
1045 4046 1151 4115 negat.
1196 4035 1307 4099 Omnis
1330 4032 1411 4096 enim
1434 4032 1582 4117 qtraestio
1603 4053 1680 4096 con·
1731 4039 1735 4047 ’

362 4124 608 4187 tradictionibns
631 4138 767 4189 constat.
821 4128 899 4189 Natu
924 4124 950 4188 si
971 4146 1032 4210 qua
1056 4148 1107 4189 res
1126 4130 1169 4189 ab
1188 4128 1292 4191 altero
1313 4125 1511 4200 affirmetur,
1547 4137 1680 4208 negetur

364 4222 407 4280 ab
426 4218 546 4291 attero,
571 4230 669 4281 totum
697 4221 759 4281 boc
781 4220 991 4287 contradictio
1019 4233 1237 4303 ntrncupatur,
1262 4232 1298 4283 ut
1316 4219 1343 4282 si
1366 4220 1436 4304 quis
1458 4218 1562 4282 dicat:
1595 4218 1681 4283 cae·

363 4314 437 4375 bem
460 4312 646 4375 rotundum
668 4326 742 4385 ectr
764 4315 845 4377 atter
866 4324 977 4397 neget,
1002 4314 1136 4376 dicens:
1159 4315 1300 4379 Ocelum
1315 4312 1503 4376 rotamdum
1525 4332 1593 4375 non
1616 4324 1679 4375 est.

367 4402 501 4469 Caeltun
524 4408 693 4467 rotundum
720 4426 806 4481 esse,
841 4417 873 4469 et
897 4428 959 4471 non
983 4428 1071 4481 esse,
1102 4408 1311 4471 contradictio
1336 4406 1533 4489 perhibetur.
1577 4404 1725 4470 Demi-⁸⁰

365 4497 470 4561 tabitis
493 4519 571 4563 aero
601 4500 805 4582 propositio,
845 4522 937 4583 quam
957 4502 1174 4580 qrraestionern
1195 4522 1264 4565 esse
1286 4501 1517 4582 praediximus,
1541 4511 1575 4563 et
1597 4500 1700 4564 affin·

366 4590 534 4655 mationem
557 4591 589 4657 in
612 4614 646 4655 se
668 4592 809 4657 continet
833 4606 864 4657 et
885 4595 1105 4679 negationem
1144 4596 1207 4659 boc
1232 4595 1301 4678 ipso
1326 4595 1426 4668 enim,
1450 4597 1537 4677 qtsod
1558 4594 1683 4657 dubita·

364 4687 437 4749 biiis
459 4698 526 4761 est,
551 4688 831 4751 contradictionem
857 4688 980 4753 videtur
1004 4690 1178 4753 includere.
1222 4691 1327 4770 Qnuua
1351 4689 1433 4753 enim
1461 4691 1581 4753 dubitat
1597 4690 1680 4774 quis,

968 4844 1229 4858 m
1240 4849 1283 4856 ιιι-ι
1313 4847 1320 4856 ι
1358 4848 1680 4857 1----———--—----

441 4932 470 4984 5.
489 4937 518 4980 et
536 4928 569 4981 td
592 4949 653 4985 em
680 4940 877 5002 argumentum
895 4932 972 4986 Eius.
1001 4934 1079 4989 Basa.
1129 4937 1176 4991 28.
1198 4940 1353 5004 topicorum
1372 4933 1449 4987 Eine.
1497 4937 1546 4991 37.
1566 4941 1682 4985 contru-

363 5004 547 5077 da'ctr'oru'bur]
568 5010 634 5059 Ven.
658 5012 732 5063 Base.
751 5036 787 5051 -·
806 5012 959 5059 contrariis
978 5008 1147 5060 dictionibus
1168 5012 1244 5062 Eius.
1255 5040 1293 5051 -
1311 5014 1464 5062 contrariis
1482 5010 1683 5060 contradictio·

364 5081 665 5227 aggsvtzrisbngpid.
684 5080 872 5158 affirmatur,
896 5093 1020 5155 negatur·
1038 5084 1116 5140 Eine.
1153 5084 1199 5141 dt.
1217 5084 1305 5159 qiud]
1325 5085 1402 5139 Eine.
1422 5112 1458 5128 -·
1477 5102 1531 5157 quo
1550 5086 1627 5137 nasa.
1647 5110 1684 5127 -
