4434 5959
990 579 1083 645 LIB.
1105 579 1154 644 V.
1403 627 1405 642 .
1670 582 1731 646 375

416 721 606 816 praevidete
633 719 808 806 potuisset,
845 742 948 806 neque
975 719 1068 796 iecit,
1101 719 1177 807 quia
1208 719 1311 786 volutit
1332 734 1511 806 percutere.
1572 723 1606 788 Si
1628 736 1731 789 eutem

416 840 483 885 nou
502 816 703 904 ignorasset,
727 837 793 882 nou
813 827 981 900 percutere
1001 815 1170 897 potuisset.
1224 815 1316 880 Unde
1339 815 1429 880 etiam
1453 815 1731 884 machinamentum

418 913 577 998 quoddam
609 921 705 996 atque
737 909 878 975 defensio
905 908 938 972 in
969 907 1244 991 iurisperitorum
1272 909 1534 993 responsionibus
1556 911 1733 992 invenitur,

417 1006 483 1071 boc
513 1007 632 1070 modot
667 1004 707 1070 Si
733 1005 840 1068 telum
868 1001 1094 1096 monusugit
1115 1003 1228 1087 magis
1249 1025 1354 1090 quom
1374 1005 1464 1070 iecit.
1508 1007 1591 1070 Nam
1613 1007 1640 1070 si
1663 1006 1732 1093 quis

417 1097 523 1164 caedis
544 1109 735 1172 accusetur,
759 1095 880 1182 optima
899 1095 983 1162 solet
1004 1117 1074 1160 esse
1094 1095 1258 1174 defensio,
1289 1097 1316 1161 si
1338 1096 1396 1162 alia
1418 1119 1482 1162 non
1504 1101 1660 1184 suppetit,
1683 1103 1759 1170 rus

418 1192 505 1282 gisae
525 1214 620 1257 manu
641 1191 738 1256 telum
760 1202 793 1256 et
818 1188 917 1276 magis
939 1211 1032 1276 mum
1061 1188 1213 1256 voluisset
1237 1190 1370 1268 iecisse,
1406 1203 1528 1257 utnon
1557 1194 1731 1272 voluntati,

418 1309 501 1374 qnae
529 1290 756 1352 condemnatur
785 1283 817 1349 in
848 1285 969 1370 culpis,
1003 1286 1060 1348 sed
1082 1282 1281 1370 ignorantiae
1311 1285 1429 1350 lactum
1458 1285 1629 1352 tribuatur.
1684 1289 1735 1352 De

417 1381 713 1468 perturbationibus
746 1377 922 1445 animorum
958 1379 1067 1462 paullo
1103 1378 1264 1444 conlusins
1290 1377 1438 1444 iudicium
1469 1392 1529 1444 est.
1586 1381 1736 1446 Dubitari

420 1475 503 1541 enim
534 1487 660 1560 potest,
698 1495 740 1538 ex
768 1475 932 1540 voluntate
959 1494 999 1538 an
1028 1472 1212 1537 necessitate
1235 1495 1274 1538 an
1296 1495 1338 1538 ex
1364 1473 1566 1560 ignoratione
1588 1475 1732 1550 venerit,

420 1573 508 1657 quod
530 1569 770 1654 perturbatione
792 1579 958 1652 peccatur.
1001 1567 1160 1634 Videntur
1178 1566 1259 1632 enirn
1283 1589 1354 1632 esse
1376 1567 1555 1633 voluntaria
1579 1579 1709 1650 peccata
1723 1611 1732 1644 ,
1746 1595 1777 1646 to

420 1664 588 1752 qnoniam,
626 1661 681 1747 qni
702 1664 909 1746 perturbatus
931 1671 998 1738 est,
1032 1662 1155 1743 appetit
1175 1661 1364 1746 aliquidaut
1383 1663 1479 1748 fugit.
1530 1665 1594 1727 Sed
1614 1661 1647 1725 in
1671 1663 1736 1726 hoc

417 1755 623 1844 perturbatio
652 1756 719 1822 eius
749 1767 900 1838 apparet,
938 1757 1026 1840 qood
1050 1776 1114 1824 non
1143 1755 1293 1841 fuglenda
1317 1756 1397 1821 vitat
1419 1769 1450 1822 et
1473 1777 1538 1821 non
1561 1758 1735 1838 appetenda

422 1851 551 1918 nimium
570 1862 716 1934 exoptat.
760 1851 869 1916 Porro
890 1859 1012 1924 antem,
1037 1846 1186 1933 qnoniam
1210 1848 1242 1912 iu
1260 1849 1551 1932 perturbationibus
1572 1863 1644 1914 sunt
1658 1871 1736 1915 oon·

420 1949 492 2013 lnsa
518 1944 630 2012 iudicia
652 1950 769 2030 (neque
799 1943 881 2008 eain
901 1942 994 2007 aliter
1014 1939 1065 2018 id,
1102 1945 1191 2026 qnod
1212 1942 1396 2028 fugiendum
1420 1955 1486 2021 est,
1522 1965 1619 2028 saepe
1639 1965 1736 2028 appe·

421 2051 493 2107 nant
523 2037 731 2125 perturbati,
766 2036 826 2102 nisi
858 2037 1031 2102 obcaecato
1059 2036 1298 2122 obscuratoque
1319 2035 1455 2114 indicina
1493 2039 1779 2122 quodvernfit15

414 2132 518 2214 ,enini
535 2132 743 2208 confusione,
774 2151 871 2214 saepe
891 2129 956 2194 tale
977 2140 1044 2205 est,
1067 2141 1102 2194 ut
1120 2130 1221 2195 nollet
1242 2131 1426 2209 adtritione,
1458 2132 1512 2216 qui
1528 2132 1638 2212 serit):
1662 2155 1737 2197 eve·

421 2229 489 2308 ait,
518 2241 638 2292 utnon
659 2225 743 2290 inter
763 2223 981 2301 voluntarias,
1011 2225 1068 2288 sed
1081 2223 1164 2288 iuter
1185 2225 1350 2310 ignoratae
1373 2226 1426 2291 vel
1447 2225 1640 2290 necessarias
1663 2247 1737 2290 can·

419 2343 473 2388 ιιι
494 2321 670 2386 animorum
694 2317 895 2403 perturbatio
918 2314 972 2381 sit.
1030 2317 1070 2382 ln
1097 2328 1217 2382 tantum
1239 2339 1342 2396 vero,
1366 2316 1421 2405 qui
1443 2322 1646 2403 perturbatus
1670 2330 1735 2396 est,

421 2440 442 2484 a
468 2438 545 2482 vera
574 2413 766 2481 discretione
801 2409 954 2488 discedit,
978 2410 1066 2476 utin
1089 2432 1156 2476 eam
1177 2412 1282 2496 possit
1302 2425 1390 2478 recta
1408 2414 1488 2476 bene
1506 2413 1739 2478 consulentium

421 2509 638 2576 admonitione
656 2506 779 2575 reduci.
833 2507 908 2588 Quo
931 2504 984 2582 lit,
1018 2516 1055 2570 nt
1075 2505 1252 2571 animorum
1273 2505 1473 2588 perturbatio
1500 2506 1571 2570 iure
1592 2527 1610 2569 a
1636 2506 1781 2576 cattsistn

421 2603 611 2672 vetneurtis
632 2613 824 2690 segregetup
844 2611 877 2663 et
895 2611 949 2662 aut
969 2597 1002 2662 in
1027 2597 1232 2683 ignoratione
1258 2612 1311 2664 aut
1331 2599 1363 2662 in
1382 2598 1565 2664 necessitate
1586 2611 1738 2682 ponatur.

422 2701 507 2766 Nam
529 2699 617 2784 qnod
634 2697 697 2774 ait,
719 2707 836 2784 tomen
854 2693 978 2758 amone
998 2704 1115 2758 tortos
1137 2705 1269 2772 motus,
1292 2705 1331 2758 tat
1355 2715 1415 2770 ια,
1437 2713 1524 2778 qnae
1544 2693 1741 2757 uoluntario

421 2805 526 2869 ewtt,
562 2803 624 2856 orat
650 2787 846 2856 necessario
874 2786 1048 2850 nitardum
1075 2800 1139 2853 oatt
1158 2800 1248 2852 certe
1269 2787 1433 2872 ignorato
1454 2788 1657 2864 uideantur,
1695 2787 1740 2850 ita

420 2886 661 2972 intelligendum
680 2894 749 2950 esta
788 2879 946 2963 Quoniam
969 2878 1069 2944 omnis
1090 2880 1183 2945 animi
1203 2881 1310 2964 passio
1333 2881 1479 2946 iudicium
1505 2882 1630 2954 turbat,
1662 2899 1739 2943 con-

421 2977 528 3046 fundit
555 3001 646 3046 vero·
663 2988 784 3043 rectane
815 2972 1057 3049 discretionem,
1090 2972 1118 3038 si
1147 2975 1253 3040 acrior
1279 2975 1393 3054 suerit,
1426 2996 1518 3061 quam
1547 2987 1580 3038 nt
1607 2975 1782 3041 rationisas

422 3073 606 3140 retinaculis
626 3082 846 3155 temperetura
873 3068 910 3132 lit
932 3070 1086 3152 quaedam
1107 3091 1148 3134 ex
1166 3069 1456 3153 perturbationibus
1480 3068 1578 3133 veluti
1600 3067 1741 3132 violenta

424 3168 614 3244 necessitas,
650 3180 687 3232 ιιι
715 3164 843 3231 dubium
864 3163 922 3239 ait,
959 3174 1065 3226 utrum
1095 3163 1140 3240 is,
1175 3164 1231 3250 qui
1259 3164 1375 3248 aliquid
1400 3167 1603 3247 perturbatus
1636 3161 1739 3224 auimo

423 3261 523 3338 l'ecit,
556 3261 720 3347 ignorans,
736 3258 854 3332 faciat,
887 3255 1008 3331 veluti,
1038 3278 1134 3340 quum
1160 3278 1235 3320 casu
1260 3256 1414 3342 ignorans
1440 3256 1609 3340 delinquit,
1644 3275 1741 3337 quunt

423 3358 567 3422 loturum
588 3377 653 3422 non
670 3353 820 3438 providet
840 3371 965 3425 casum,
988 3369 1027 3412 an
1049 3349 1152 3415 aniene
1170 3350 1288 3428 iaciat,
1313 3353 1369 3416 sed
1389 3351 1573 3415 necessitate
1596 3352 1740 3416 ducatur.

428 3451 528 3532 Quod
548 3449 646 3536 igitur
668 3447 747 3513 dixit
767 3458 822 3512 ent
842 3440 1016 3509 necessaria
1039 3463 1109 3508 esse
1129 3455 1184 3508 aut
1205 3442 1353 3528 ignorata
1380 3456 1412 3509 et
1433 3443 1573 3508 divisita
1596 3462 1784 3514 noctua-tt

425 3544 485 3610 riis
507 3544 678 3629 ignorata,
707 3563 775 3608 non
793 3550 918 3626 pugnat
939 3549 1051 3602 eontra
1072 3537 1124 3614 id,
1158 3541 1246 3623 quod
1266 3539 1413 3622 superius
1434 3539 1529 3617 dixit,
1567 3561 1626 3617 ea,
1660 3559 1742 3624 qnae

426 3640 576 3725 ignorata
596 3650 686 3714 aunt,
709 3657 778 3702 esse
801 3632 1003 3700 cesennia:
1033 3633 1115 3696 llam
1138 3631 1187 3708 id,
1211 3635 1361 3719 qnodest
1375 3633 1577 3719 ignoratum,
1601 3634 1643 3697 ita
1660 3653 1741 3716 quo·

425 3736 595 3800 dammodo
617 3731 742 3796 dividit.
785 3730 1012 3815 ignoratorum
1031 3724 1091 3790 alia
1110 3728 1245 3812 quadam
1268 3729 1453 3794 necestitate
1474 3729 1573 3803 liunt,
1596 3731 1670 3790 dum
1689 3738 1743 3790 aut

425 3817 511 3892 oolla
534 3828 683 3892 volontas
705 3837 771 3900 ιιι,
801 3834 855 3888 ant
876 3843 931 3898 ea,
955 3832 1124 3905 quaeest,
1148 3821 1328 3886 necessitati
1348 3823 1458 3908 nequit
1482 3822 1637 3888 obsistere
1649 3843 1658 3896 ς
1683 3819 1741 3883 ιΙίι

424 3942 524 3997 men,
558 3943 656 4005 quum
685 3918 717 3982 io
748 3917 786 3982 iia
814 3912 983 3987 faciendis,
1032 3934 1114 3999 quae
1142 3912 1351 3999 ignorantur,
1390 3915 1473 3980 nulla
1503 3914 1651 3980 voluntas
1680 3925 1784 3978 estas

427 4016 525 4097 Quod
558 4013 658 4100 igitur
689 4010 772 4077 dixit
796 4006 1052 4094 perturbationes
1084 4007 1178 4072 animi
1199 4019 1253 4072 aut
1277 4007 1307 4073 in
1331 4007 1514 4074 censuariis
1538 4007 1640 4071 cauria
1666 4009 1742 4090 poni

426 4121 481 4175 ant
511 4109 545 4173 in
574 4105 751 4194 ignoratis,
784 4103 819 4170 id
850 4102 918 4168 sine
946 4100 1045 4167 dnbio
1077 4100 1212 4166 sensisse
1244 4101 1451 4187 intelligitur,
1488 4101 1742 4184 perturbationes

424 4201 521 4269 aniani
542 4212 596 4268 ent
617 4199 650 4264 in
669 4199 709 4264 iia
728 4219 797 4264 esse
817 4195 991 4284 ignoratis,
1024 4192 1058 4258 in
1082 4195 1198 4278 quibus
1220 4217 1257 4260 ιι
1280 4195 1448 4261 necessitas
1471 4207 1537 4274 ιιι,
1569 4208 1603 4262 ut
1629 4201 1742 4264 volun·

424 4307 476 4362 tas
491 4294 620 4362 obstare
639 4315 705 4359 non
726 4292 852 4377 possit,
875 4301 930 4356 ent
946 4289 978 4353 io
999 4286 1056 4364 iis,
1079 4287 1112 4352 in
1134 4287 1248 4372 quibus
1270 4290 1356 4354 nttlla
1373 4291 1522 4356 noluntas
1545 4303 1610 4369 est,
1634 4296 1691 4357 sed
1707 4293 1744 4358 ἃ

425 4388 576 4458 debctnn
597 4387 748 4454 unctam
769 4383 893 4462 iudicii,
931 4382 1018 4447 velut
1039 4379 1071 4445 in
1092 4380 1150 4458 iis,
1181 4382 1236 4466 qui
1256 4383 1493 4449 immoderatius
1518 4385 1634 4449 amoris
1653 4386 1785 4470 cupi-tt

425 4482 517 4550 ditati
537 4480 735 4548 ἆιιιιιίιιιι.
790 4481 861 4546 Ant
891 4475 976 4544 enim
1004 4475 1140 4542 conlttso
1167 4476 1282 4542 iudicio
1305 4480 1345 4542 ab
1366 4481 1532 4544 honestate
1561 4479 1742 4557 discedunt,

426 4589 475 4656 et,
505 4578 580 4642 tm·
600 4575 692 4662 sparsi
711 4575 831 4640 bourn
853 4582 1023 4656 appetunt,
1057 4571 1090 4634 in
1112 4571 1227 4636 malum
1249 4571 1394 4637 decidunt
1414 4574 1618 4658 ignorantes,
1649 4587 1744 4662 atque

425 4673 470 4738 ita
490 4670 524 4738 io
550 4689 628 4736 ιιιιι
656 4669 792 4754 quodam
820 4677 917 4752 atque
938 4686 1052 4732 errore
1071 4664 1205 4748 ponitur
1225 4687 1316 4732 amor
1337 4667 1540 4733 immodicus:
1577 4678 1632 4733 ant
1652 4667 1746 4732 norit

425 4765 574 4852 quiden,
611 4766 700 4850 quod
726 4761 868 4848 appetit,
914 4781 983 4826 ιιιι
1008 4760 1189 4838 vitandum,
1227 4763 1283 4826 red
1310 4761 1439 4826 maioris
1467 4774 1542 4828 actu
1562 4761 1743 4846 cupiditatis

425 4857 617 4940 impellitur:
649 4869 745 4944 etque
772 4856 856 4924 inter
884 4875 922 4922 ιι
949 4854 1131 4920 aeremia
1159 4855 1308 4938 ponitur,
1341 4877 1422 4940 quae
1454 4869 1598 4922 autnon
1629 4857 1789 4918 habentes

426 4951 641 5029 voluntatem,
674 4962 727 5016 ant
748 4971 817 5014 eam
837 4948 882 5015 ita
902 4946 1059 5014 infirmam
1081 4968 1120 5012 ιι
1141 4949 1294 5029 debilem,
1324 4959 1361 5014 ut
1381 4949 1470 5018 nullo
1491 4951 1588 5016 modo
1611 4948 1746 5016 validio-

425 5047 518 5114 ribus
538 5043 742 5130 passionibus
764 5043 938 5111 obnitatur.

432 5135 474 5146 ῃ
503 5155 550 5220 19·
568 5156 601 5206 et
619 5156 651 5210 lo
668 5167 732 5210 ιιιι
749 5153 803 5208 ιιι
818 5151 911 5222 pouit
927 5164 1011 5234 serpe
1028 5155 1110 5216 reeta
1129 5151 1217 5212 Parte.

1547 5131 1745 5153 ἡ
