4434 5959
565 583 626 648 188
666 615 672 628 ·
1031 573 1207 640 VERSUS
1232 573 1390 638 RUFINI

644 721 738 786 idem
761 721 815 784 Μ.
849 717 966 783 Cicero
994 716 1030 778 in
1054 717 1203 781 Oratore
1234 713 1291 794 (§.¹
1305 714 1394 790 171.)
1422 713 1462 776 de
1481 714 1623 796 pedihus
1654 725 1688 778 et
1710 716 1869 778 numeris

535 801 759 888 'incisorunm
782 812 818 874 td
838 823 906 885 est,
930 805 1124 894 κομμάτων,
1161 820 1194 870 et
1215 806 1462 882 membrorum,
1501 807 1625 883 idest,
1661 804 1793 884 κώλων,
1831 821 1868 871 et

561 911 749 974 ambituum
769 907 836 969 sive
851 903 1072 977 0100010001,
1102 900 1139 964 iu
1157 913 1226 974 est,
1249 893 1426 985 περιόδων,
1451 901 1621 964 sie-elicit:
1642 905 1739 984 Apud
1762 904 1867 965 Grae·

563 1025 619 1067 eos
639 1001 762 1086 quidem
784 998 843 1061 iam
865 996 935 1060 anni
955 1015 1057 1078 prope
1079 1015 1170 1056 cccc.
1194 1004 1283 1067 sunt,
1307 993 1486 1076 qumnhoc
1500 997 1666 1075 probatur,
1690 1017 1749 1060 nos
1764 1016 1870 1075 nuper

538 1105 580 1159 sa
607 1095 760 1158 novimus.

583 1119 606 1181 g
646 1189 768 1252 Postea
789 1184 856 1247 sie:
886 1183 933 1260 (§.
957 1181 1045 1260 tut.)
1072 1181 1166 1260 Quod
1184 1181 1211 1242 si
1223 1199 1312 1244 aures
1324 1190 1385 1241 tam
1399 1179 1576 1242 inhumanas
1590 1193 1712 1265 tamque
1725 1193 1870 1264 agrestes

563 1282 697 1354 hahent,
736 1299 774 1341 ne
811 1274 1064 1340 doctissimorum
1096 1274 1222 1357 quidem
1248 1271 1388 1336 virorum
1414 1292 1470 1336 eos
1502 1272 1641 1337 movebit
1677 1274 1867 1339 auctoritas:

564 1373 687 1440 Omitto
715 1371 886 1435 Isocratem
917 1364 1151 1450 discipulosque
1178 1367 1263 1440 eius,
1287 1365 1451 1447 Ephorum
1471 1376 1502 1428 et
1523 1363 1729 1440 Naucratem,
1753 1387 1866 1448 quam-

564 1488 657 1551 quam
688 1463 842 1528 orationis
871 1460 1033 1526 iaciendas
1060 1470 1092 1523 et
1119 1459 1278 1522 ornandae
1307 1467 1451 1521 auctores
1479 1457 1779 1542 locupletissimique
1805 1459 1869 1542 ipsi

522 1570 708 1624 storatores
740 1576 808 1620 esse
837 1556 1004 1618 dehebant.
1062 1555 1125 1617 Sed
1154 1551 1223 1635 quis
1252 1549 1411 1614 hominnm
1444 1551 1588 1627 doctior,
1624 1551 1692 1638 quis
1720 1553 1867 1630 acritior,

563 1652 635 1734 quis
655 1651 684 1714 in
703 1650 797 1713 rebus
816 1649 867 1712 vel
888 1646 1082 1710 inveniendis
1103 1645 1153 1708 vel
1172 1642 1339 1706 iudicandis
1360 1643 1466 1708 aerior
1486 1645 1662 1708 Aristotele
1684 1645 1769 1710 luit?
1791 1649 1866 1731 quis

561 1765 664 1827 porro
681 1741 817 1806 Isocrati
835 1743 1017 1803 adversatus
1039 1735 1211 1800 infensius?
1238 1737 1271 1799 ls
1295 1734 1393 1820 igitur
1417 1758 1542 1801 versum
1563 1738 1594 1801 in
1617 1740 1760 1805 oratione
1779 1755 1868 1806 vetat

563 1857 651 1912 esse,
675 1855 835 1898 numerum
857 1833 955 1897 iubet.
1011 1831 1089 1895 Eius
1111 1831 1234 1894 auditor
1252 1831 1451 1894 Theodectes
1471 1831 1501 1893 in
1525 1830 1648 1913 primis,
1679 1847 1713 1898 ut
1734 1835 1868 1898 Aristo·

562 1931 642 1993 teles
663 1947 758 2009 saepe
779 1925 952 2012 signifieat,
988 1925 1105 2007 politus
1133 1923 1272 2006 scriptor
1294 1934 1388 2006 atque
1415 1923 1547 2000 artifex,
1580 1927 1644 1990 hoc
1663 1927 1744 1991 idem
1768 1931 1868 1992 sentit

524 2035 596 2088 teet
620 2019 788 2104 praecipit.
847 2019 1086 2099 Theophrastus
1114 2039 1192 2082 vero
1221 2017 1334 2082 eisdem
1364 2021 1402 2082 de
1434 2021 1529 2083 rebus
1557 2019 1647 2082 etiam
1672 2021 1866 2086 accuratius.

565 2115 643 2194 Quis
663 2135 743 2196 ergo
762 2112 841 2176 istos
862 2111 961 2187 serat,
985 2111 1038 2194 qui
1056 2113 1115 2174 hos
1135 2122 1280 2176 auctores
1302 2131 1364 2176 non
1385 2111 1546 2194 probent?
1568 2111 1627 2176 nisi
1646 2113 1773 2177 omnino
1787 2117 1869 2178 haec

565 2195 633 2271 esse
654 2209 694 2269 ab
714 2206 753 2269 iis
774 2214 944 2288 praecepta
968 2203 1120 2267 nesciunt.

648 2302 689 2364 10
717 2297 787 2364 olio
813 2300 887 2362 loeo
907 2298 957 2362 sie
977 2297 1079 2361 dicit:
1100 2301 1146 2375 (§.
1170 2296 1258 2376 ttt.)
1301 2295 1387 2358 Fluit
1408 2295 1535 2361 omnino
1560 2318 1706 2361 nutmerus
1727 2299 1868 2380 aprime

566 2403 630 2458 tum
653 2390 809 2455 incitatius
832 2391 987 2455 brevitate
1007 2392 1142 2473 pedum,
1176 2399 1241 2451 tum
1261 2388 1454 2470 proceritate
1476 2391 1609 2466 tardius3
1639 2411 1764 2454 cursum
1787 2413 1869 2455 con·

523 2485 723 2551 retentiones
745 2485 843 2570 magis
863 2483 1046 2567 requirunt3
1069 2481 1285 2564 expositiones
1306 2501 1411 2546 rerum
1433 2485 1620 2549 tarditatem.

729 2582 771 2645 10
791 2580 862 2643 alio
883 2577 952 2641 sie:
973 2581 1018 2656 (§.
1041 2577 1130 2652 223.)
1155 2617 1157 2620 -

646 2673 717 2738 Gur
760 2670 802 2732 de
848 2666 1013 2760 perfugis
1060 2667 1188 2731 nostris
1228 2660 1361 2748 copias¹
1384 2681 1585 2751 comparant
1619 2682 1740 2734 contro
1778 2675 1870 2736 nes?

565 2765 672 2830 Prima
689 2774 761 2826 sum
781 2763 831 2824 illa
848 2765 929 2839 duo,
954 2782 1035 2844 quae
1056 2756 1210 2846 κόμματα
1232 2758 1347 2822 Graeci
1361 2773 1494 2837 vocant,
1518 2784 1576 2826 nos
1598 2763 1692 2827 incisa
1714 2764 1867 2840 dicineum

565 2858 674 2922 deinde
689 2855 811 2919 tertium
827 2857 929 2922 κῶλον
945 2854 1013 2931 1111,
1037 2875 1096 2916 nos
1112 2853 1294 2916 membrum.
1324 2853 1472 2936 Sequitur
1487 2876 1548 2918 non
1563 2856 1657 2942 longa
1678 2889 1716 2901 -
1732 2879 1774 2920 ex
1788 2861 1869 2924 dtin-

409 2941 412 2946 ¹
522 2953 624 3022 esitius
646 2949 725 3011 enim
759 2948 921 3024 versibus,
957 2947 989 3010 id
1017 2959 1082 3022 est,
1117 2944 1263 3008 membris
1286 2947 1424 3027 perlecta
1447 2947 1685 3029 comprehensio
1707 2963 1755 3013 est
1780 2965 1812 3014 et
1837 2953 1867 3014 in

563 3046 723 3127 spondeos
749 3043 843 3105 cadit.
897 3043 941 3105 Et
971 3039 1106 3105 Crassus
1143 3037 1267 3122 quidem
1297 3038 1342 3100 sic
1371 3039 1558 3124 plerumque
1587 3042 1737 3117 dicebat,
1771 3043 1868 3129 idque

562 3137 632 3219 ipse
661 3157 761 3221 genus
792 3135 912 3198 dicendi
942 3134 1074 3197 maxime
1101 3135 1220 3214 probo.
1271 3131 1334 3195 Sed
1356 3153 1433 3214 quae
1460 3133 1575 3196 incisim
1598 3147 1650 3198 aut
1672 3140 1868 3202 meudrratim

565 3230 755 3304 efferuntur,
793 3249 830 3291 ea
855 3229 907 3292 vel
932 3227 1091 3310 aptissime
1113 3228 1224 3288 eadere
1245 3226 1376 3300 dehent,
1402 3238 1435 3288 ut
1459 3238 1506 3290 est
1528 3231 1611 3310 apud
1631 3251 1698 3292 me:
1735 3235 1871 3296 Donusa

505 3341 513 3365 ¹
565 3321 626 3384 tibi
646 3321 787 3383 deerat?
806 3333 844 3382 ot
857 3321 1019 3385 habebunt
1037 3319 1184 3401 pecunia
1198 3318 1410 3401 superabat?
1431 3331 1468 3382 ot
1490 3321 1625 3404 egebas.
1669 3325 1760 3387 llaec
1773 3325 1871 3388 incise

524 3411 648 3474 ³⁰dictn
668 3424 740 3474 sunt
761 3423 924 3495 quattuor.
977 3414 1024 3476 At
1045 3411 1240 3475 membratim
1268 3432 1346 3494 quae
1378 3427 1550 3496 seqmmtur
1578 3417 1660 3478 duo:
1691 3417 1872 3481 incurristi

565 3524 683 3569 omens
700 3505 736 3567 in
748 3508 942 3579 columnare
961 3505 998 3568 in
1014 3504 1135 3568 olienis
1154 3503 1324 3568 insanisti.
1367 3504 1490 3568 Deinde
1504 3505 1607 3569 omnia
1625 3520 1780 3593 tamquam
1800 3533 1872 3574 cre·

566 3596 671 3679 pidine
692 3601 823 3682 quadam
845 3597 1126 3679 comprehensione
1155 3595 1300 3680 longiore
1321 3597 1537 3662 sustinentur:
1556 3599 1771 3683 depressam,
1794 3623 1872 3664 eae·

658 3781 788 3847 1100ομ
806 3795 877 3832 eece.
895 3780 972 3845 sunt]
995 3779 1050 3836 Cic.
1071 3775 1103 3828 Ε.
1127 3805 1157 3816 -
1179 3775 1378 3846 quadringenti
1395 3786 1460 3828 1001
1476 3797 1563 3850 prope
1584 3779 1628 3834 lc.

659 3856 685 3908 7.
704 3853 753 3922 ne]
774 3880 809 3894 -
827 3869 876 3904 nee
895 3854 928 3906 F..
950 3854 1016 3905 Mox
1036 3852 1082 3904 En
1101 3871 1138 3910 ξ
1156 3849 1302 3901 Isocraten
1319 3881 1338 3894 -
1357 3883 1376 3894 -
1394 3851 1568 3908 Nmeeraten.

640 3934 685 3986 ιο.
703 3925 849 3996 dedebent]
875 3925 922 3981 Sic
943 3925 1031 3994 Eine,
1057 3940 1088 3979 nt
1115 3942 1130 3979 e
1155 3922 1225 3980 cdd.
1250 3922 1323 3978 edidi
1341 3929 1372 3980 tu
1396 3927 1521 3982 oratoris
1540 3925 1589 3984 lid.
1615 3931 1684 3982 min.
1702 3945 1730 4002 p.
1752 3931 1816 3990 131.
1835 3959 1875 3978 .-

640 4072 711 4132 llrld.
729 4075 881 4143 1100110010]
902 4075 971 4129 stc.
990 4101 1027 4118 -
1046 4078 1166 4127 onmium
1186 4074 1245 4128 010.

640 4160 686 4210 tt.
705 4169 743 4206 =
760 4148 937 4203 10100100ᾰί1
954 4149 987 4203 Β.

641 4225 883 4292 inadunatus]
904 4227 964 4280 010.
984 4223 1017 4278 0.
1038 4251 1076 4267 -·
1094 4221 1232 4276 adversus
1250 4221 1297 4276 El.

641 4301 688 4360 sta.
707 4299 779 4352 idem
796 4302 895 4367 0010]
914 4297 986 4354 ttlc.
1003 4313 1041 4352 ee
1058 4297 1178 4352 11000
1195 4315 1219 4352 r.
1239 4299 1298 4354 etc.

642 4379 688 4433 15.
707 4375 820 4442 eisdem]
842 4375 887 4428 10.
908 4401 944 4417 ·-
962 4372 1051 4426 isdem
1068 4371 1102 4426 1¹..

641 4453 686 4506 17.
705 4448 842 4519 nescium]
861 4446 951 4522 (010.)
968 4449 1002 4504 tt.
1020 4474 1057 4490 -
1075 4450 1204 4500 nesciant
1224 4447 1270 4502 10.

640 4526 863 4591 10100110τί111]
883 4523 944 4578 010.
963 4551 1001 4566 -
1018 4527 1121 4574 unitus
1139 4521 1173 4574 li.
1190 4549 1227 4566 -
1246 4527 1382 4576 inritatus
1401 4527 1444 4581 10.

638 4597 711 4653 lbid.
730 4597 850 4665 tardius]
873 4597 934 4655 010.
952 4599 985 4652 E.
1007 4625 1038 4639 -
1059 4595 1161 4649 tardus
1179 4596 1225 4650 lc.

639 4677 686 4730 22.
703 4673 883 4743 computat]
902 4701 940 4716 -·
956 4679 1118 4742 comparent
1136 4671 1168 4724 E.
1187 4685 1204 4722 ι
1222 4688 1264 4745 pr.
1283 4686 1376 4728 manu.

640 4749 687 4808 23.
705 4744 801 4798 Prima
818 4755 884 4798 eunt
900 4748 953 4799 1110
972 4745 1037 4814 duo]
1058 4745 1118 4798 010.
1138 4745 1169 4798 Ε.
1189 4771 1224 4788 ···
1243 4745 1383 4800 Scantilla
1401 4748 1457 4802 dero
1471 4755 1564 4822 prima
1585 4753 1630 4807 10.

639 4827 686 4880 25.
705 4820 910 4888 comprehensio
927 4825 982 4890 est]
1002 4823 1063 4875 010.
1082 4821 1131 4876 El.
1152 4847 1183 4862 -
1204 4835 1259 4875 om.
1278 4828 1321 4873 est
1339 4823 1383 4884 0.,

585 4911 596 4930 ·
639 4900 685 4954 27.
704 4899 773 4964 ipse]
794 4897 853 4949 Clo.
872 4896 905 4950 li.
925 4901 1069 4966 -ipsum
1088 4895 1136 4948 10.

472 5036 479 5043 ἡ
638 4976 684 5031 51,
702 4975 732 5021 10
751 4971 850 5022 adenis
867 4973 1011 5039 insanisti]
1030 4970 1078 5025 Sic
1096 4972 1205 5042 egregie
1225 4967 1305 5023 Ευ-
1316 4974 1345 5024 10
1361 4975 1501 5026 columnas
1513 4977 1635 5046 alienos,
1655 4983 1787 5032 insanisti
1800 4981 1825 5035 l.
1839 5009 1880 5027 -.

565 5049 597 5099 10
613 5045 772 5104 rabennae,-
790 5050 819 5096 in
837 5045 944 5096 alienes
962 5054 1078 5098 insonus
1096 5047 1231 5098 insanisti
1249 5045 1310 5100 010.
1330 5047 1419 5122 vulgo.
1439 5051 1524 5126 Cspp.
1840 5061 1855 5092 ³

641 5120 846 5191 5210051001]
865 5120 924 5176 010.
942 5119 976 5178 ii.
995 5147 1030 5166 -
1049 5119 1175 5190 largiore
1193 5119 1239 5174 10.
