4434 5959
662 1107 996 1199 FAVONII
1041 1106 1373 1198 EULOGII

882 1332 1170 1399 DISPUTATIO

545 1533 634 1607 DE
680 1531 996 1610 SOMNIO
1042 1531 1510 1613 SCIPIONIS.

372 1883 563 2001 imitatione
579 1935 725 2002 Platonis
747 1935 864 2004 Cicero
885 1941 923 2002 de
940 1937 1120 2022 republica
1138 1937 1279 2004 scribens
1301 1938 1406 2002 locum
1429 1934 1519 2000 etiam
1542 1940 1581 2001 de
1598 1935 1685 2022 regis

370 2029 528 2113 Pamphili
549 2031 655 2095 reditu
678 2031 709 2094 in
731 2031 848 2109 vitam,
882 2033 954 2117 qui,
978 2046 1013 2096 ut
1035 2035 1094 2110 ait,
1125 2057 1212 2120 rogo
1229 2032 1395 2116 impositus
1417 2033 1585 2096 revixisset
1606 2035 1711 2096 mul-s

370 2138 466 2210 taque
489 2127 527 2188 de
549 2125 657 2188 inseris
681 2137 803 2190 secreta
827 2140 1004 2203 narrasset,
1039 2150 1102 2190 uon
1126 2128 1288 2203 sabulosa,
1312 2140 1347 2190 ut
1369 2127 1439 2204 ille,
1461 2126 1686 2190 assimilatione

371 2229 566 2282 commentus
598 2231 663 2294 est,
696 2222 752 2282 sed
782 2219 920 2284 sollertis
952 2221 1065 2284 somnii
1093 2222 1274 2286 rationabili
1302 2225 1436 2306 quadam
1464 2219 1687 2302 imaginatione

371 2313 571 2394 composuit,
595 2313 742 2374 videlicet
760 2316 836 2378 scite
857 2314 1060 2398 significans,
1092 2316 1191 2389 haec,
1218 2337 1298 2398 quae
1321 2318 1359 2379 de
1383 2314 1503 2376 animae
1524 2313 1689 2376 immorta-

371 2406 458 2498 litate
481 2405 661 2469 dieerentur
683 2407 855 2492 caeloque,
877 2408 1098 2473 somniantium
1118 2408 1384 2490 philosophorum
1407 2429 1477 2472 esse
1499 2416 1687 2482 commenta,

372 2521 431 2562 nec
452 2499 576 2562 fabulas
599 2497 819 2577 incredibiles,
854 2523 931 2584 quas
953 2501 1105 2583 Epicurei
1127 2503 1286 2577 derident,
1309 2505 1365 2566 sed
1385 2500 1585 2584 prandentium
1608 2520 1731 2570 con-10

371 2593 521 2656 iecturas.
566 2591 708 2655 Insinuat
730 2594 910 2676 Scipionem
933 2596 1039 2671 illum,
1074 2596 1129 2678 qui
1151 2596 1349 2680 Karthagine
1371 2597 1536 2678 subiugata
1564 2615 1690 2678 cogno-

372 2709 442 2750 men
472 2683 610 2749 iamiliae
644 2687 768 2768 peperit
797 2688 1007 2763 Africanum,
1038 2688 1113 2750 huic
1145 2688 1287 2770 Scipioni
1318 2688 1410 2752 Pauli
1437 2687 1505 2750 lilio
1527 2689 1689 2751 initimasa

370 2780 562 2866 propinquis
583 2779 711 2843 insidias
737 2793 767 2843 et
788 2781 892 2845 fatalis
915 2796 1015 2846 metae
1038 2783 1224 2848 denuntiare
1240 2782 1450 2856 curriculum,
1475 2782 1561 2864 quod
1581 2801 1690 2844 neces·

371 2877 462 2939 sitate
485 2895 687 2938 numerorum
711 2873 742 2936 iu
765 2875 848 2938 vitae
870 2878 1033 2958 perlectae
1055 2886 1200 2958 tempora
1223 2886 1404 2950 coartetur;
1427 2875 1581 2958 ponitque
1602 2875 1690 2936 illum

372 2968 484 3033 aetatis
515 2989 590 3030 suae
622 2967 884 3053 quinquagesimo
915 2991 952 3034 ae
981 2980 1075 3034 sexto
1098 2991 1201 3044 anno,
1240 2972 1363 3032 duobus
1393 2969 1423 3032 in
1445 2989 1479 3031 se
1502 2968 1735 3030 coeuntibusts

373 3059 529 3136 restiteris,
556 3062 731 3125 absolutam
746 3064 845 3126 'caclo
865 3063 1013 3140 animam,
1037 3067 1118 3126 unde
1141 3075 1328 3144 acceperat,
1351 3063 1569 3126 redditurum:
1605 3062 1693 3142 quod

374 3169 405 3220 ct
427 3155 612 3219 immortalis
642 3167 723 3218 esset
745 3156 837 3219 aniani
869 3157 1043 3241 mentisque
1065 3156 1241 3219 substantia
1270 3168 1301 3220 et
1333 3157 1414 3221 bene
1447 3153 1564 3218 meritis
1595 3156 1634 3215 de
1656 3174 1691 3216 re

369 3250 497 3334 publica
526 3247 710 3334 patriaeque
733 3249 917 3312 custodibus
939 3249 1033 3313 lactei
1062 3249 1173 3313 circuli
1198 3249 1301 3314 lucida
1335 3272 1373 3314 ac
1408 3253 1546 3314 candens
1569 3251 1692 3315 habita·

373 3345 419 3407 tio
441 3333 625 3406 deberetur.
670 3345 739 3406 Has
761 3343 860 3428 igitur
882 3344 1038 3418 rationes,
1074 3347 1189 3427 quibus
1211 3365 1307 3428 supra
1329 3345 1425 3427 positi
1448 3344 1510 3408 viri
1530 3344 1594 3408 vita
1617 3364 1693 3426 per-

372 3436 498 3511 ficitur,
523 3434 728 3498 arithmeticis
751 3437 1036 3518 approbationibus
1059 3439 1282 3520 explanantes,
1306 3437 1491 3520 prudentiae
1517 3449 1607 3514 tuae,
1633 3439 1735 3505 Suet

372 3530 461 3610 peri,
487 3529 538 3592 vir
557 3528 729 3594 clarissime
751 3543 847 3616 atque
868 3533 1031 3608 sublimis,
1055 3552 1119 3596 non
1136 3545 1177 3595 ut
1194 3553 1294 3596 novas
1310 3533 1499 3618 ignotasque
1514 3553 1691 3604 narramus,

374 3625 430 3684 scd
451 3621 483 3683 in
505 3625 760 3688 recordationem
781 3647 843 3710 qua
866 3647 1033 3709 possumus
1056 3626 1355 3692 commemoratione
1378 3625 1570 3690 reducimus.
1602 3625 1693 3705 Quae

374 3715 401 3776 si
427 3713 527 3776 doctis
549 3717 678 3779 alaribus
700 3719 761 3781 tuis
783 3721 910 3801 placere
933 3721 1122 3804 pervidero,
1147 3723 1185 3782 ad
1202 3719 1260 3782 alia
1278 3742 1406 3806 quoque
1422 3719 1587 3796 audacius,
1612 3738 1693 3802 quae

374 3808 486 3871 iubere
508 3807 667 3892 dignaris,
702 3833 832 3892 operam
855 3815 1026 3899 stilumque
1048 3823 1247 3876 convertam.

459 3903 510 3965 Ac
542 3901 678 3984 primum
707 3903 784 3968 illud
811 3907 958 3972 existimo
980 3906 1232 3991 praelibandum,
1258 3907 1344 3989 quod
1366 3905 1496 3970 Italicae
1522 3903 1693 3986 sapientiae
1705 3921 1737 3970 25

374 3995 522 4060 conditor
554 3997 757 4081 Pythagoras
790 3999 925 4062 niarneris
955 4010 1063 4062 censet
1098 4013 1245 4062 constare
1279 4010 1442 4077 astruam,
1469 4001 1691 4080 sanandumque

378 4112 501 4155 omnem
534 4089 610 4152 ratis
641 4101 673 4153 ct
704 4092 957 4174 competentibus
988 4092 1165 4156 intervallis
1196 4093 1234 4154 ad
1263 4091 1411 4154 musicam
1443 4091 1521 4155 caeli
1555 4110 1695 4154 consona

375 4183 589 4248 modulatione
613 4185 800 4260 decurrere,
824 4187 980 4268 aliumque
1002 4186 1054 4248 alii
1073 4185 1122 4248 rei
1146 4207 1309 4248 utanserum
1336 4184 1530 4258 convenire,
1561 4195 1594 4244 ut
1616 4203 1695 4245 con-

375 4279 505 4342 cordiae
525 4277 670 4360 publicae
694 4280 883 4361 nuptialem,
910 4291 942 4342 ut
968 4278 1087 4342 edentis
1111 4279 1254 4362 partibus
1276 4279 1444 4354 cubicum,
1469 4278 1696 4360 aliosqnecae·

375 4373 526 4448 lestibus,
558 4373 638 4439 alios
664 4375 812 4440 terrenis.
856 4373 944 4455 Quid
968 4375 1009 4438 sit
1034 4374 1118 4452 hoe,
1154 4385 1255 4438 totum
1277 4394 1340 4458 pro
1362 4384 1456 4456 captu
1479 4391 1551 4436 meo
1574 4371 1737 4438 curabott

377 4467 583 4545 distinguere.

459 4563 619 4626 Numerus
651 4562 750 4648 igitur
783 4585 837 4628 res
876 4575 1021 4640 aeterna,
1065 4561 1300 4648 intelligibilis,
1340 4561 1526 4643 incorrupta
1563 4569 1693 4634 canneta,

376 4669 567 4738 quaesunt,
598 4655 631 4720 vi
653 4680 709 4721 sua
731 4659 969 4740 complectitur;
1003 4669 1167 4742 totumque
1195 4660 1254 4722 sub
1278 4678 1441 4721 numerum
1464 4654 1569 4730 venit,
1604 4651 1696 4738 quid-

376 4747 451 4830 quid
474 4761 527 4812 ant
554 4751 697 4814 sensibus
720 4764 774 4814 aut
795 4751 889 4816 animi
912 4751 1104 4838 cogitatione
1128 4751 1420 4834 comprehenditur.
1464 4751 1545 4813 Nam
1569 4759 1600 4810 et
1621 4765 1696 4809 cor·

386 4879 524 4892 mn—
535 4885 790 4894 ——-=-——————

451 4948 478 5002 5.
499 4945 564 5016 Lep.
582 4945 650 4997 Eris
668 4945 836 5018 Pamphylii.
856 4945 910 5002 Oa.
939 4953 966 5007 8.
985 4945 1068 5012 liner,
1085 4963 1156 5017 paene
1175 4945 1243 5017 ceu]
1264 4939 1462 4998 Scrlbendnna:
1482 4958 1531 4992 nee
1550 4958 1618 5010 pians
1638 4953 1695 4992 cet.

375 5021 486 5074 Bam·
507 5021 959 5078 16.snanas--absotutotos.
979 5027 1024 5080 2¹⁴.
1039 5019 1270 5084 Emacnlandnrn,
1287 5019 1459 5088 dignaberis.
1490 5019 1522 5070 ln
1543 5017 1697 5087 praesentia

376 5100 451 5148 enim
473 5111 578 5149 tantum
599 5098 654 5150 hoc
673 5098 791 5171 Enloglo
811 5103 974 5173 tmpesttnm
994 5115 1053 5154 erat
1077 5099 1255 5172 opusculum.
1273 5097 1383 5150 Basra.
1422 5099 1469 5152 29.
1490 5093 1567 5146 Fott·
1585 5087 1697 5144 ‘dmm'

373 5171 521 5242 partribus.
541 5177 662 5227 Scuorr.

461 5273 585 5316 sonamus
598 5277 622 5319 n
636 5275 680 5319 ca.
702 5275 749 5320 aa.
764 5275 790 5316 c.
804 5277 825 5318 a
1364 5245 1404 5310 26
