4434 5959
536 607 577 670 20
1044 601 1331 669 vtctottuttts

618 746 733 811 Civilis
760 745 927 829 quaedam
949 743 1054 822 rasio]
1096 743 1142 808 Ut
1169 762 1264 823 supra
1293 739 1512 824 promisimus,
1545 744 1584 804 de
1613 761 1730 824 genere
1761 743 1839 806 artis

534 839 712 904 rhetoricae
728 839 819 900 nohis
840 838 1003 900 dicendum
1026 848 1086 899 est.
1132 836 1252 909 Genus,
1275 835 1339 898 hoe
1360 835 1473 916 ipsum,
1498 839 1583 919 quod
1602 845 1695 898 sonat
1717 856 1835 918 genus,

536 955 602 996 vox
617 942 676 994 est.
720 932 811 993 Haec
828 950 896 993 rox
917 928 1041 1014 generis
1063 928 1218 1010 triplicem
1240 927 1475 1012 significantiam
1490 930 1599 992 habet.
1643 931 1702 991 Est
1724 950 1838 1014 genus,

535 1026 567 1089 id
588 1037 654 1100 est,
676 1023 795 1106 patria,
825 1037 989 1104 parentes,
1024 1021 1139 1106 origo,
1176 1022 1321 1105 satagerint
1358 1025 1519 1106 quomodo
1542 1034 1590 1086 est
1610 1021 1707 1085 illud:
1746 1022 1843 1086 Unde

511 1140 644 1203 egenus
666 1117 791 1180 ducis?
822 1119 882 1180 Est
895 1117 969 1179 item
992 1137 1110 1200 genus,
1133 1116 1193 1180 suh
1207 1136 1271 1198 quo
1288 1115 1381 1178 multa
1398 1114 1508 1178 similia
1529 1137 1569 1178 ex
1584 1119 1695 1178 eodem
1713 1118 1844 1178 descen.

536 1213 639 1275 dentia
657 1211 868 1274 continentur.
913 1210 957 1273 Ut
977 1209 1089 1271 animal
1111 1229 1229 1295 geonta
1252 1209 1342 1271 etiarn
1358 1210 1473 1284 homo,
1503 1231 1619 1291 equus,
1653 1208 1746 1290 piscis
1774 1207 1842 1270 ani-

536 1306 646 1369 malia:
681 1307 736 1366 sed
761 1306 875 1367 horum
903 1303 1040 1367 omnium
1063 1323 1179 1385 genus,
1219 1301 1343 1362 animal.
1387 1303 1447 1364 Est
1476 1303 1599 1365 tertium
1624 1301 1699 1364 illud
1721 1323 1839 1385 genus,

537 1421 601 1482 quo
619 1397 784 1463 cuiuslibet
812 1399 859 1460 rei
880 1397 1013 1481 qualitas
1033 1397 1200 1460 indicatur.
1250 1393 1283 1456 Si
1305 1395 1407 1470 dicas,
1444 1394 1531 1457 cuius
1563 1394 1690 1479 generis
1722 1393 1839 1467 vestis,

536 1493 624 1556 cuius
646 1492 771 1576 generis
799 1491 933 1554 facttua.
977 1490 1015 1553 ln
1034 1491 1096 1552 hoc
1117 1489 1234 1572 genere
1257 1484 1355 1549 artein
1382 1488 1570 1552 rhetoricam
1592 1489 1701 1569 ponit,
1724 1488 1755 1551 id
1778 1499 1839 1560 est,

495 1586 636 1670 aequalis
658 1586 707 1648 rel
730 1595 845 1669 quanta
866 1583 926 1658 sit,
950 1585 1156 1646 demonstrat.
1199 1583 1244 1644 Et
1265 1592 1369 1643 recte:
1393 1579 1420 1643 si
1443 1581 1566 1664 quidem
1587 1603 1638 1644 ars
1654 1601 1752 1664 genus
1777 1591 1839 1642 est.

536 1680 638 1753 Illud,
671 1680 731 1742 suh
753 1698 817 1761 quo
840 1698 957 1762 genere
977 1675 1069 1750 artis,
1103 1697 1155 1738 ars
1174 1673 1392 1757 grammatica,
1416 1695 1469 1736 ars
1491 1675 1669 1748 dialectica,
1693 1693 1743 1734 ars
1765 1673 1840 1733 rhe-

537 1773 649 1836 torica.
693 1773 756 1835 Sed
777 1771 854 1832 istae
874 1789 982 1832 omnes
1005 1779 1088 1831 artes
1104 1768 1135 1830 iu
1155 1787 1271 1850 genere
1286 1767 1442 1850 qualitatis
1460 1779 1532 1830 stunt
1552 1771 1735 1848 ponendae,
1759 1786 1838 1847 quo,

537 1867 644 1952 quales
666 1866 716 1928 vel
737 1875 870 1949 quantae
891 1863 969 1939 sint,
994 1864 1258 1925 demonstrantur.
1303 1862 1395 1945 Ergo
1417 1873 1447 1924 et
1461 1861 1650 1924 rhetoricam
1672 1859 1703 1920 in
1722 1877 1840 1942 genere

537 1959 694 2046 qualitatis
709 1957 819 2040 ponit,
843 1977 920 2039 qno,
939 1955 1038 2040 qualis
1053 1958 1106 2017 rel
1121 1964 1233 2037 quanta
1251 1953 1308 2028 sit,
1332 1957 1573 2016 demonstretur.
1604 1952 1724 2016 Deinde
1746 1953 1842 2014 debet

496 2056 709 2127 ssattendere,
735 2048 847 2113 ubisit
868 2069 921 2110 ars
947 2045 1123 2122 rhetorica,
1148 2069 1186 2110 an
1203 2048 1272 2111 sola
1291 2045 1348 2121 sit,
1373 2046 1399 2109 si
1420 2069 1495 2129 par,
1520 2048 1546 2110 si
1561 2048 1712 2130 aequalis,
1737 2047 1841 2108 minor

538 2146 675 2208 maiorne
698 2141 750 2206 sit.
795 2143 902 2226 Atque
925 2142 997 2206 ideo
1019 2140 1091 2225 qnia
1115 2143 1193 2204 haee
1218 2141 1383 2225 diligenter
1405 2141 1560 2223 inspexit,
1583 2141 1773 2205 rhetoricam
1796 2139 1842 2202 ci·

538 2239 609 2302 vilis
630 2236 789 2300 cuittsdam
810 2234 944 2299 rationis
965 2247 1087 2316 partem
1110 2233 1184 2298 dicit
1206 2256 1276 2298 esse
1304 2235 1467 2298 maiorem.
1516 2237 1561 2298 Et
1586 2234 1658 2316 quia
1680 2237 1719 2296 ad
1741 2251 1841 2314 gentes

538 2332 612 2394 artis
634 2329 811 2392 rhetoricae
833 2328 1066 2404 descendimus,
1091 2347 1171 2412 quae
1194 2328 1304 2391 situel
1327 2327 1457 2404 ubisit,
1481 2331 1685 2391 attendamust
1730 2325 1841 2390 Omnis

457 2500 461 2507 Ι
539 2424 642 2507 patria
664 2421 813 2506 quidquid
842 2420 930 2505 agit,
968 2419 1072 2483 civilis
1094 2423 1175 2485 ratio
1202 2419 1327 2484 dicitnr.
1385 2423 1474 2484 Haec
1493 2422 1594 2496 civilis
1615 2419 1697 2483 ratio
1723 2417 1843 2499 duplex

496 2529 599 2584 adest.
651 2518 734 2593 Una,
761 2535 841 2599 quae
865 2535 917 2576 res
946 2525 1048 2577 certas
1077 2511 1220 2577 sollemni
1249 2534 1342 2576 cursu
1371 2525 1402 2576 et
1423 2513 1488 2577 sine
1512 2513 1576 2576 ullo
1598 2512 1730 2576 tumultu
1752 2510 1842 2594 agiu

539 2610 703 2684 etaltera,
726 2629 808 2693 quae
834 2606 866 2670 in
887 2607 942 2671 lite
971 2629 1008 2669 ae
1029 2606 1255 2688 disceptatione
1278 2617 1434 2670 versatur.
1488 2609 1533 2671 Ut
1554 2609 1668 2681 homo,
1691 2603 1844 2690 quidquid

539 2703 624 2788 agit,
661 2704 785 2765 duobus
814 2700 912 2764 modis
934 2700 1018 2784 agit,
1054 2699 1147 2762 factis
1168 2709 1198 2762 et
1225 2699 1335 2764 dictis:
1369 2698 1412 2762 ita
1434 2699 1535 2762 civilis
1556 2699 1637 2763 ratio
1659 2709 1705 2762 est
1728 2719 1788 2760 una
1809 2698 1843 2758 in

537 2797 630 2860 factis
652 2807 683 2859 et
705 2793 813 2868 dictis;
846 2794 903 2856 sed
925 2814 1006 2877 quae
1032 2792 1117 2855 lacta
1137 2803 1169 2854 et
1190 2791 1271 2854 dicta
1292 2790 1324 2854 in
1346 2803 1416 2855 actu
1437 2803 1531 2877 atque
1553 2814 1649 2874 opere
1670 2791 1842 2854 constituta

538 2901 623 2956 sunt.
666 2888 739 2953 Alia
768 2886 800 2950 in
827 2885 919 2949 factis
951 2897 984 2948 et
1014 2884 1124 2948 dietis:
1162 2887 1216 2948 sed
1241 2885 1425 2970 quaefacta
1445 2897 1477 2950 et
1498 2885 1579 2948 dicta
1600 2886 1631 2948 in
1652 2885 1766 2949 iudicio
1788 2883 1844 2946 vel

496 3003 529 3053 es
539 2982 721 3068 quaestione
744 2989 923 3044 versantur.
965 2979 1014 3042 Ita
1035 2999 1095 3042 ttna
1113 2979 1165 3043 illa
1185 2979 1268 3044 ratio
1289 2979 1322 3042 in
1343 2989 1415 3042 actu
1436 2989 1483 3042 est
1504 2990 1597 3062 atque
1619 2997 1737 3060 operes
1760 2977 1843 3039 hanc

539 3097 618 3140 sero
639 3076 767 3139 alteram
789 3072 913 3136 civilem
934 3071 1105 3149 rationem,
1136 3073 1267 3158 quaein
1289 3072 1472 3158 quaestione
1494 3083 1658 3145 versatur,
1681 3070 1842 3134 scientiam

538 3167 724 3233 nominarit.
756 3167 820 3229 Hic
839 3166 920 3228 enim
943 3167 1086 3240 docetur,
1110 3163 1185 3249 qnid
1206 3164 1344 3240 iustum,
1367 3164 1443 3250 qnid
1464 3163 1556 3239 utile,
1579 3163 1655 3248 quid
1676 3165 1843 3228 honestum

539 3263 592 3327 sit.
636 3261 727 3324 Haeo
747 3279 858 3322 rursus
879 3257 981 3322 civilis
1002 3257 1103 3335 ratio,
1133 3258 1166 3321 id
1187 3270 1253 3336 est,
1282 3256 1411 3322 scientia
1431 3256 1463 3321 in
1485 3259 1608 3322 duobus
1629 3270 1694 3332 esta
1716 3257 1748 3320 in
1766 3257 1844 3318 rhe-

539 3353 660 3429 torica,
684 3352 718 3415 id
738 3361 805 3426 est,
827 3349 998 3414 artificiosa
1020 3349 1201 3435 eloquentia
1221 3362 1252 3414 et
1268 3351 1298 3415 in
1312 3351 1481 3434 sapientia,
1505 3350 1538 3414 id
1558 3361 1623 3424 est,
1644 3371 1749 3414 rernm
1764 3369 1845 3414 con-

498 3467 530 3518 an
541 3445 687 3529 ceptione
720 3465 761 3507 ex
792 3453 905 3506 natura
918 3441 1090 3506 *veniente
1145 3446 1209 3508 Sed
1236 3445 1311 3529 qnia
1333 3456 1443 3510 orator
1463 3445 1534 3527 plns
1556 3465 1613 3526 per
1634 3442 1846 3528 eloquentiam

541 3539 643 3622 gerit,
665 3535 785 3601 idcirco
806 3533 996 3598 rhetoricam
1017 3533 1120 3599 civilis
1140 3538 1271 3602 rationis
1292 3551 1411 3621 partem
1434 3559 1501 3601 esse
1523 3536 1676 3600 diximus:
1699 3539 1755 3600 sed
1770 3534 1847 3620 quia

540 3631 659 3714 duplex
680 3640 748 3702 est,
772 3626 931 3691 cuiusdam
952 3626 1085 3692 rationis
1104 3641 1225 3710 partem
1249 3628 1369 3715 [dixit].
1413 3633 1493 3694 Nam
1517 3641 1549 3694 et
1578 3629 1638 3693 sihi
1665 3641 1696 3693 et
1716 3628 1844 3711 sapien-

540 3723 603 3787 tiae
625 3734 660 3785 ut
682 3742 781 3807 genus
801 3721 977 3805 exprimat,
1010 3721 1201 3788 rhetoricam
1226 3737 1349 3808 partem
1379 3726 1511 3808 amplam
1541 3743 1746 3808 magnamque
1773 3741 1847 3786 esse

540 3817 720 3882 conlirmat.

499 3915 531 3966 ³⁵
623 3908 740 3977 Ciuilis
749 3909 916 3994 precedam
928 3909 1020 3974 ratio
1034 3921 1096 3986 est,
1109 3931 1196 3995 qnae
1205 3909 1321 3974 multia
1331 3923 1364 3974 et
1378 3911 1514 3996 magnis
1528 3911 1683 3975 eanredus
1696 3919 1845 3972 constat.

614 4029 642 4079 8.
659 4024 685 4070 ss·
703 4018 794 4090 dieas]
813 4045 850 4063 ι·
866 4021 893 4070 ss‘
914 4022 989 4088 atque
1009 4018 1089 4071 dieas
1106 4018 1156 4074 ed.
1174 4019 1237 4073 Bas.
1257 4019 1403 4072 fortasse:
1422 4026 1482 4086 ss'e,
1499 4025 1526 4070 εἰ
1543 4019 1629 4072 dicar.
1649 4018 1703 4072 On.

614 4093 734 4150 22-2t.
752 4099 796 4145 tta
814 4124 833 4137 -
851 4123 870 4136 -
888 4101 917 4144 et
935 4092 1030 4164 dietis]
1048 4091 1215 4147 Exciderunt
1235 4093 1301 4146 haec
1320 4112 1353 4145 ex
1372 4092 1439 4146 Edd.
1459 4096 1544 4168 Capp.
1563 4109 1591 4148 et
1611 4095 1677 4148 Gar.
1697 4092 1750 4147 Os.

614 4175 660 4231 51.
681 4169 773 4222 es'vtlit
798 4173 922 4220 rationis
940 4171 1066 4238 partem]
1094 4167 1204 4222 Edttnm
1232 4183 1310 4221 antea
1326 4165 1432 4224 luerat:
1463 4171 1555 4222 civilis
1569 4172 1722 4228 marnae,-
1749 4184 1845 4220 rernm

539 4243 682 4318 legendnm
698 4261 756 4297 esse
776 4248 910 4307 tattonis,
935 4241 1044 4314 penhart
1064 4257 1155 4315 potest
1176 4243 1449 4298 ex'snteeedentthus
1471 4261 1498 4297 et
1520 4243 1712 4316 sequentibus,
1730 4242 1777 4296 uhi
1797 4241 1845 4294 le-

525 4385 530 4391 ,
540 4326 631 4394 piturt
649 4320 742 4370 civilis
756 4317 890 4389 quaedam
907 4323 984 4369 tatto
1001 4325 1070 4371 est.
1091 4357 1100 4372 .
1119 4354 1127 4372 .
1155 4324 1291 4370 rationem
1316 4319 1426 4371 es'vs'tem
1450 4324 1479 4371 t'st
1497 4337 1551 4391 qua
1569 4317 1737 4370 rhetoricam
1752 4322 1845 4389 possit.

500 4404 504 4413 '
541 4397 631 4450 Raso.
668 4391 789 4466 (Habent
809 4396 929 4444 rationis
947 4391 998 4447 cd.
1017 4394 1078 4446 Bas.
1098 4391 1140 4446 St.
1159 4392 1220 4448 atd.
1240 4394 1308 4458 Oa.)

616 4467 687 4521 lhtd.
703 4474 815 4539 partem
831 4483 892 4518 esse
912 4466 1048 4538 dietmar]
1077 4467 1232 4540 legendum
1252 4466 1371 4524 viderur:
1389 4475 1502 4540 partem
1524 4485 1582 4520 esse
1605 4467 1680 4519 dtas't
1704 4472 1846 4521 meterem.

541 4543 613 4620 iiam
634 4541 715 4616 paulo
734 4539 805 4596 inira
824 4546 867 4594 ste
888 4540 970 4597 hahet
992 4545 1168 4597 Victorinus:
1196 4561 1258 4595 eam
1278 4547 1308 4594 trs
1330 4545 1408 4596 es’vr'lt'
1424 4547 1543 4595 seleutia
1560 4551 1672 4614 partem
1693 4541 1768 4594 ds'as't
1786 4559 1846 4594 esse

541 4623 686 4672 maiorem.
708 4619 797 4670 usae.
815 4618 854 4682 (i)

616 4696 661 4750 32.
676 4699 789 4763 partem
806 4691 892 4759 dixit]
911 4689 1031 4744 Verbum
1049 4691 1141 4760 diets,
1159 4691 1232 4764 qnod
1257 4689 1304 4746 hle
1327 4687 1436 4755 deerat,
1468 4689 1650 4764 supplevimus
1674 4707 1706 4744 ex
1724 4688 1847 4744 edtttnne

541 4766 810 4893 Bastleenst.oltaao.
846 4764 1050 4838 (Necessarium
1069 4781 1202 4835 nonest,
1221 4770 1244 4822 st
1265 4771 1294 4820 tn
1312 4765 1456 4840 prseeedd.
1476 4766 1549 4839 legas
1564 4776 1676 4838 partem
1693 4783 1752 4818 esse
1770 4765 1848 4817 dtaett

541 4858 684 4894 morem.
731 4858 757 4892 s.

616 4921 661 4976 55.
680 4923 709 4966 et
724 4843 776 4966 ndi
798 4921 827 4965 et
852 4919 1006 4984 saptentiae
1025 4923 1057 4965 ut
1075 4933 1165 4984 genus
1188 4919 1341 4987 exprimat]
1363 4916 1452 4970 meus
1474 4913 1609 4968 hiemale
1635 4913 1748 4968 affectus
1767 4912 1847 4970 tide-

542 5004 598 5044 tnr.
637 4995 677 5044 An
698 5005 793 5044 sensns
811 4993 874 5044 esst
905 5005 936 5043 ru
952 4992 1050 5044 Cicero
1070 4995 1248 5063 exprimeret,
1276 4995 1441 5064 resignaret,
1461 4988 1622 5043 attribueret
1647 4989 1715 5056 stbt,
1739 4987 1768 5044 td
1787 5004 1847 5058 ese,

541 5062 714 5134 eloquentiae
737 5078 764 5117 et
793 5069 958 5137 saptentiae,
976 5064 1154 5119 llhetortcam
1173 5079 1279 5138 partem
1294 5081 1346 5120 cet.
1366 5065 1464 5118 llario.¹
1476 5063 1516 5137 (ἲ)
1553 5062 1615 5137 (cd.
1634 5065 1714 5118 Bae:
1733 5093 1771 5106 —
1789 5083 1846 5115 ez-

538 5143 636 5210 prs'nstt
648 5138 826 5202 rhetort'enee
844 5155 951 5212 cetera,
968 5153 1000 5193 ut
1018 5142 1048 5193 in
1066 5138 1137 5195 de.
1158 5141 1296 5196 Fortasse:
1314 5157 1379 5196 nam
1397 5148 1425 5194 et
1443 5140 1536 5194 ctvnu
1552 5143 1686 5192 scientiae
1704 5153 1758 5194 est.
1778 5137 1847 5214 Oa.)
