4434 5959
494 567 557 632 4⁰8
904 565 1142 632 FAVONIUS
1165 563 1400 631 EULOGIUS

496 707 607 771 ordine
628 727 763 793 sequens
785 704 927 771 senarius
943 707 1134 782 comitatur,
1159 725 1250 789 quaem
1266 703 1485 788 superioribus
1501 707 1671 770 adhaerere
1688 727 1822 792 cogno-

496 801 570 866 scis.
614 822 736 865 xxvrrr.
769 801 932 884 perfectus
962 813 1010 864 est
1042 821 1190 863 nrrrnerus
1218 799 1412 863 insecundo
1442 821 1555 877 versu,
1593 800 1672 864 sieut
1701 812 1751 864 est
1786 799 1820 862 iu

495 896 600 978 primo
629 894 791 970 senarius,
829 897 917 980 quod
943 894 1092 976 impletur
1120 893 1264 976 partibus
1293 895 1375 967 suis,
1409 914 1467 956 nee
1493 896 1612 976 absque
1634 895 1697 957 hoe
1719 895 1818 956 alius.

496 991 604 1053 Habet
625 1001 727 1051 antem
749 999 856 1072 partes
878 991 955 1053 has:
980 988 1139 1052 dimidiam
1162 1011 1273 1062 xrrrr.;
1296 987 1419 1051 tertiam
1444 1009 1505 1050 non
1529 990 1639 1063 habet,
1669 999 1819 1072 quartam

470 1084 576 1154 sveno
600 1085 696 1146 habet
720 1104 800 1158 v11.;
827 1083 934 1168 quinta
956 1092 1110 1166 sextaque
1132 1082 1276 1165 privatus
1299 1094 1362 1157 est;
1385 1082 1546 1164 septimam
1568 1081 1681 1164 recipit
1703 1103 1819 1145 urime-

496 1177 540 1241 ris
563 1199 630 1252 rv.;
654 1187 823 1253 octavam,
848 1199 979 1253 nonam,
1004 1176 1175 1253 decimam,
1199 1176 1410 1252 undecimam,
1436 1175 1674 1250 duodecimam,
1690 1175 1818 1238 tertiam

496 1269 644 1334 decimam
668 1290 707 1332 ue
729 1269 904 1354 disquiram
934 1281 1077 1354 quartam
1100 1270 1252 1333 decimam
1273 1269 1361 1332 vides
1383 1268 1414 1332 in
1437 1271 1560 1334 duobus
1582 1266 1757 1332 exsistere:
1798 1289 1817 1330 a

496 1387 558 1450 qna
581 1385 679 1447 usque
701 1363 732 1427 iu
754 1387 875 1426 ιιιιιιιι.
899 1365 982 1426 uuila
1004 1365 1176 1427 subductae
1198 1363 1329 1427 rationis
1353 1363 1461 1445 portio
1476 1361 1648 1446 reperitur.
1693 1363 1817 1428 Omnes

496 1478 577 1541 ergo
600 1470 707 1539 partes
740 1457 807 1521 eius
835 1457 866 1522 io
896 1457 1039 1522 ordinem
1072 1457 1183 1542 digere
1205 1456 1360 1542 simulque
1382 1456 1568 1521 subductio:
1599 1455 1630 1518 in
1652 1457 1814 1520 cumulum

455 1553 640 1636 inprimitus
661 1551 800 1634 positum
826 1554 1026 1625 remeabunt;
1058 1572 1192 1634 namque
1219 1573 1291 1614 xiv.
1323 1573 1385 1614 vu.
1417 1574 1465 1614 rr.
1493 1571 1533 1613 ιι.
1556 1571 1602 1625 ι.;
1635 1562 1667 1614 ει
1688 1571 1814 1616 xxsur.

496 1646 709 1730 congregatio
730 1645 839 1732 iugata
859 1657 1043 1728 componet.
1088 1644 1153 1726 Qui
1175 1646 1200 1709 si
1222 1646 1383 1728 perfectus
1406 1659 1453 1710 est
1474 1665 1645 1720 uumerus,
1678 1656 1713 1708 ιιι
1728 1645 1814 1710 ratio

496 1740 741 1824 comprobavit,
766 1744 828 1804 diro
841 1740 988 1823 ¹perfecti
1009 1738 1109 1824 magis
1130 1739 1239 1802 iecere
1261 1739 1451 1820 perfeetum.
1504 1741 1578 1802 Non
1607 1739 1711 1820 potuit
1733 1761 1816 1823 erge

436 1898 440 1909 ,
495 1835 668 1901 Africanus
691 1833 780 1899 velut
799 1835 983 1898 immaturae
1006 1832 1118 1897 mortis
1134 1832 1226 1916 queri
1241 1832 1419 1916 dispendia,
1443 1833 1516 1919 quia
1531 1831 1752 1909 †nihilmiuus
1767 1843 1818 1897 est

496 1928 598 2005 vitae,
623 1949 716 2012 quam
738 1940 827 1991 ratus
849 1947 1053 1990 numerorum
1078 1929 1159 1991 ordo
1182 1927 1368 2010 compleuit.

456 2047 486 2098 1⁵
580 2022 802 2106 Adiungamus
833 2020 909 2085 huic
934 2022 1008 2084 loco
1030 2020 1109 2083 iliud
1134 2023 1324 2105 quoquede
1345 2018 1544 2094 novenario,
1579 2022 1665 2104 quod
1689 2020 1817 2085 Tullius

496 2116 562 2181 ait:
586 2137 705 2179 novem
725 2114 788 2178 tibi
807 2114 945 2180 orbibus
966 2135 1125 2179 connexa
1145 2115 1214 2179 sint
1235 2114 1368 2178 omnia:
1389 2127 1424 2178 nt
1444 2115 1507 2178 hoc
1529 2115 1748 2178 demonstrato
1766 2127 1818 2178 tu·

496 2212 560 2274 tius
580 2207 676 2291 primi
699 2231 809 2274 versus
831 2211 923 2292 plena
945 2209 987 2272 sit
1007 2208 1194 2291 disputatio.
1249 2209 1310 2272 Est
1330 2207 1430 2290 igitur
1451 2211 1622 2292 quandratns
1644 2231 1816 2284 numerus,

497 2303 708 2379 novenarius,
733 2307 805 2388 quia
828 2326 869 2369 ex
890 2304 997 2368 tribus
1013 2305 1044 2367 in
1066 2324 1100 2366 se
1121 2297 1471 2386 triplicatisexoritur,
1509 2301 1590 2366 sicut
1611 2303 1690 2366 haec
1710 2303 1819 2387 figura

498 2397 764 2482 composita‘est:

453 3540 486 3588 2⁰
503 3510 645 3593 Quoquo
667 3508 824 3583 verteris,
848 3512 1072 3593 qrradratnram
1094 3509 1237 3584 videbis,
1262 3519 1374 3572 craneta
1397 3505 1463 3572 eins
1479 3507 1578 3570 latera
1592 3509 1813 3593 congruentia,

499 3616 648 3687 totusque
671 3604 805 3665 habetur
827 3623 869 3666 ex
896 3603 993 3668 totis:
1028 3605 1100 3688 qrria
1126 3616 1157 3668 et
1178 3602 1297 3666 initium
1321 3605 1416 3665 habet
1437 3624 1478 3666 ex
1500 3601 1604 3666 tribus
1627 3614 1657 3665 et
1681 3603 1814 3666 medium

498 3696 643 3762 obtinent
672 3707 737 3776 tres
769 3695 925 3781 iidemque
952 3698 1064 3761 finiunt
1095 3709 1265 3780 partesque
1300 3693 1397 3778 ipsius
1428 3705 1515 3760 totae
1544 3706 1635 3758 snut:
1674 3700 1762 3782 qrrod
1783 3699 1814 3761 io

428 3874 431 3878 Δ
497 3790 565 3854 aliis
589 3810 787 3874 nequaquam
818 3791 958 3854 cremeris
989 3791 1162 3855 iuvenitur.
1213 3792 1296 3853 Tres
1331 3791 1431 3863 enim,
1470 3799 1627 3870 utsupra
1658 3790 1811 3869 diximus,

496 3894 583 3948 totns
604 3896 653 3946 est
676 3905 840 3960 numerus,
865 3888 921 3948 sed
943 3906 1008 3948 nou
1029 3906 1071 3948 ex
1092 3884 1168 3948 totis
1190 3883 1257 3966 ipse
1276 3882 1484 3966 compositus.
1529 3883 1577 3946 At
1598 3901 1678 3947 vero
1700 3903 1814 3948 novem

452 4000 486 4050 ιι
497 3989 529 4041 ει
548 3977 612 4059 ipsi
635 3977 736 4042 tribus
763 3979 906 4060 pertibus
933 3979 993 4042 toti
1021 3990 1114 4053 suut,
1140 3988 1170 4040 et
1193 3978 1280 4059 ipsae
1308 3989 1413 4060 partes
1435 3988 1521 4042 totae
1543 3977 1582 4037 de
1603 3974 1719 4040 tribus.
1762 3979 1814 4042 Ex

497 4091 563 4156 quo
586 4070 661 4134 mihi
683 4071 809 4134 videtur
829 4073 930 4136 Maro
953 4071 1151 4136 doctissimus
1174 4072 1393 4134 Romanorum
1417 4069 1535 4134 dixisse
1557 4067 1657 4133 iilud:

665 4199 707 4212 -··
730 4165 860 4232 Nonies
880 4169 976 4252 Styx
997 4163 1175 4256 interfusa
1196 4173 1338 4228 codeces.

391 4340 393 4343 Ι
497 4256 599 4322 Terra
635 4259 717 4321 eninr
753 4279 837 4322 nona
871 4271 936 4336 est,
975 4261 1137 4342 adquam
1165 4259 1245 4338 Styx
1274 4257 1327 4320 iiia
1354 4256 1574 4340 protenditur:
1613 4259 1743 4341 mystice
1776 4279 1812 4322 ac

495 4349 663 4415 Platonica
691 4353 807 4416 dictum
841 4373 910 4416 esse
938 4352 1089 4435 sapientia
1119 4373 1183 4414 non
1214 4351 1356 4436 ignores.
1415 4353 1495 4414 Nam
1518 4353 1647 4434 poiitica
1669 4355 1812 4417 libertate

452 4465 485 4514 ιι
496 4442 607 4506 inserit
629 4443 779 4509 fontanae
801 4445 921 4510 animae
944 4469 962 4510 a
983 4447 1073 4510 eaelo
1097 4447 1251 4529 usquein
1274 4458 1374 4509 terras
1398 4467 1467 4510 esse
1495 4449 1676 4512 decursum.
1734 4447 1814 4510 Nam

494 4537 555 4599 sub
566 4535 702 4618 pedibus
716 4541 828 4602 summi
849 4539 970 4621 patris,
993 4539 1048 4623 quui
1069 4540 1213 4622 dissipet,
1240 4540 1327 4620 (hino
1349 4539 1462 4602 dicitur
1482 4543 1635 4626 πηγαῖα),
1661 4542 1742 4622 Styx
1756 4559 1814 4620 po·

495 4629 555 4692 sita
584 4651 643 4711 per
672 4651 782 4696 omnes
812 4632 949 4699 circulos
979 4634 1070 4710 fluit,
1106 4634 1273 4717 imponens
1294 4633 1425 4718 singuiis
1448 4635 1535 4698 velunt
1556 4633 1587 4698 iu
1610 4656 1709 4698 curru
1731 4631 1813 4696 auri·

495 4743 590 4806 gam,
613 4723 647 4786 id
668 4736 732 4801 est,
763 4725 846 4790 vitae
867 4728 1089 4804 substantiam,
1120 4751 1161 4792 ex
1184 4750 1244 4813 qua
1268 4739 1381 4790 canneta
1405 4727 1542 4792 viventia
1565 4727 1722 4814 originem
1743 4747 1813 4790 sor·

495 4817 637 4894 tiuntur,
675 4831 705 4882 et
729 4817 829 4883 eidem
851 4821 956 4884 soluta
977 4825 1177 4886 redduntur:
1205 4834 1373 4905 manetque
1394 4821 1447 4886 itta
1470 4843 1529 4905 per
1551 4834 1682 4886 cunctas
1705 4819 1813 4884 volen-

449 4931 480 4983 ιι
494 4920 543 4973 tes
565 4911 785 4989 commisceri,
810 4916 898 4998 qarod
919 4937 962 4978 ex
983 4929 1093 4980 uatum
1117 4916 1158 4978 sit
1180 4916 1300 4993 hiulca,
1325 4915 1493 4980 interiectu
1514 4915 1564 4979 sui
1586 4915 1708 5001 vigoris
1723 4933 1812 4994 sepa-

494 5014 563 5078 rat,
598 5016 649 5081 et,
687 5017 722 5070 ut
742 5006 813 5089 ipse
833 5008 991 5094 Virgilius
1012 5010 1175 5093 loquitur,
1199 5019 1346 5085 eodrcet,
1378 5021 1414 5072 ut
1436 5009 1485 5073 sui
1507 5009 1634 5094 generis
1656 5018 1811 5074 momenta

570 5146 598 5202 9.
617 5145 692 5200 Fors.
711 5145 866 5202 submotis.
885 5145 1004 5203 senon.
1043 5153 1088 5208 17.
1106 5149 1151 5204 An
1171 5147 1279 5202 tettae?
1299 5149 1381 5203 Rern.
1420 5149 1466 5208 26.
1486 5150 1555 5203 Aen.
1574 5147 1621 5204 Vt.
1642 5161 1681 5202 ιι.
1700 5109 1808 5208 ff
