4434 5959
505 528 568 595 ιιι
1044 484 1279 603 nonnum

506 683 567 737 ast.
625 672 716 737 Aliae
740 695 821 739 vero
843 677 1063 741 substantiales
1091 676 1216 761 quidem
1242 674 1437 741 differentias
1462 686 1608 750 cuntant,
1641 676 1699 737 sed
1722 696 1826 759 genna

505 786 570 829 non
597 766 769 841 adiiciunt;
807 781 901 853 atquc
927 771 1007 833 haec
1038 770 1162 855 quidem
1193 790 1212 831 a
1244 770 1417 833 Victorino
1443 766 1657 850 insonuerint}
1690 768 1825 840 dicitnr,

506 859 596 941 qnasi
622 864 775 951 quandam
803 884 998 928 communem
1029 864 1193 927 continens
1224 862 1404 936 notionem,
1442 862 1542 925 velanti
1568 859 1684 943 siquis
1717 859 1826 924 dicata

506 956 619 1017 Homo
641 966 711 1028 esti
750 956 842 1037 prend
871 957 1035 1020 rationali
1063 958 1281 1040 conceptione
1305 957 1396 1041 viget
1422 955 1691 1039 mortalitatique
1712 956 1827 1017 subie-

480 1050 597 1109 ⁵ctum
618 1058 682 1111 est.
729 1049 791 1111 Hic
814 1048 913 1133 igitur
935 1072 1034 1134 genus
1056 1052 1193 1133 positum
1213 1073 1276 1114 non
1299 1063 1364 1121 est.
1390 1053 1444 1114 sed
1465 1049 1660 1112 differentiae
1677 1051 1827 1112 substan·

505 1140 610 1204 tialea.
655 1141 747 1205 Aliae
770 1164 850 1206 vero
875 1154 966 1220 snm,
998 1156 1078 1229 qliae
1108 1145 1252 1227 pluribus
1276 1145 1399 1227 quidem
1426 1142 1627 1227 qrtalitatibus
1655 1144 1828 1225 designau-

465 1264 470 1270 ·
505 1245 576 1309 tur,
601 1235 817 1299 accidentibus
837 1250 961 1314 tamen,
996 1239 1038 1301 ita
1064 1237 1459 1322 utsingnlaeqnalitatcs‚
1494 1236 1721 1300 etiamsinon
1743 1258 1824 1299 con·

505 1326 695 1407 iungantur,
727 1329 849 1410 possint
873 1342 975 1393 tartren
1000 1335 1087 1415 qnod
1110 1336 1345 1395 demonstratur
1366 1330 1510 1402 efficere,
1534 1342 1586 1392 uta
1610 1332 1727 1393 Homo
1747 1340 1823 1404 est,

505 1422 563 1485 nbi
578 1423 692 1505 pietas
708 1435 775 1498 est,
799 1425 857 1489 ubi
878 1426 1050 1510 aspicitur,
1075 1438 1109 1489 et
1127 1444 1269 1499 rursus,
1293 1426 1351 1497 rabi
1374 1423 1509 1487 malitia
1528 1435 1562 1487 et
1582 1422 1738 1485 versutia
1751 1447 1826 1485 esse

464 1526 660 1598 topossunt.
720 1520 800 1581 Nam
831 1519 889 1581 etsi
918 1530 1022 1582 cetera
1050 1520 1154 1581 nullus
1181 1516 1349 1602 adiungat,
1387 1516 1500 1579 sufficit
1521 1518 1559 1578 ad
1589 1518 1822 1579 ostendendum

505 1610 663 1674 hominem
687 1610 816 1687 diacre,
843 1614 896 1677 ubi
919 1614 1018 1695 pietas
1039 1613 1143 1676 inesse
1162 1623 1287 1692 potest,
1313 1612 1365 1674 rel
1388 1611 1440 1673 rabi
1462 1610 1599 1684 iustitia,
1625 1610 1674 1671 rel
1697 1619 1819 1671 cetera.

506 1703 598 1766 Haec
622 1716 757 1789 vocatur
775 1700 923 1785 ποιότης.
969 1706 1060 1770 Aliae
1086 1725 1164 1768 sero
1186 1714 1276 1778 strat,
1301 1725 1382 1787 quiae
1404 1702 1548 1785 pluribus
1569 1702 1599 1765 in
1622 1724 1716 1765 rrnnm
1741 1703 1828 1763 acci-

506 1796 651 1859 dentibus
686 1796 863 1861 coniunctis
887 1799 1082 1874 cfficiuntur,
1129 1810 1162 1861 ut
1189 1796 1216 1861 si
1250 1797 1320 1882 qttis
1350 1797 1547 1859 liixrrriosnm
1569 1795 1702 1858 delinire
1726 1796 1824 1869 velit,

507 1889 631 1953 dicens:
656 1892 878 1954 Luxia-iosus
904 1904 974 1965 est,
1005 1892 1072 1976 qrti‘
1084 1892 1241 1974 pluribus
1261 1902 1295 1953 et
1317 1911 1385 1952 non
1408 1888 1614 1953 necessariis
1633 1890 1829 1971 sumptibus

465 1982 543 2045 1⁵in
564 1982 704 2047 delicias
725 1984 844 2075 affluit
865 1998 898 2048 et
920 1986 956 2049 in
976 1986 1151 2049 libidinem
1160 1982 1292 2075 fertur
1306 1981 1466 2070 effiesior.
1514 1982 1628 2045 Omnia
1646 1982 1729 2045 enim
1745 2005 1826 2045 eon·

506 2074 611 2139 iuncta
623 2076 828 2140 -tmurtosnm
847 2078 993 2141 videntur
1013 2078 1158 2151 efficere,
1184 2076 1307 2160 singula
1332 2097 1410 2139 rero
1433 2074 1568 2145 minime.
1614 2075 1705 2137 Haec
1727 2096 1826 2137 voca-

506 2176 559 2231 tur
576 2162 800 2259 inei-nemen.
854 2172 948 2236 Aliae
968 2194 1097 2256 qaroqne
1116 2171 1195 2233 fittnt
1211 2191 1251 2233 eo
1275 2173 1388 2245 modo,
1414 2182 1447 2232 ut
1469 2173 1507 2231 ad
1530 2169 1713 2253 signandam
1734 2172 1828 2234 nine·

506 2260 641 2325 rentiam
662 2277 885 2345 proponantur
910 2265 941 2328 in
963 2266 1000 2327 iis
1021 2267 1135 2339 rebels,
1173 2284 1255 2346 qrtae
1279 2265 1417 2327 discreto
1440 2263 1503 2325 fine
1524 2260 1712 2326 coniunctae
1732 2278 1825 2339 arant,

507 2364 560 2427 ut,
597 2354 625 2419 si
645 2357 767 2420 dubitet
786 2358 876 2441 qnia,
900 2361 991 2423 Nero
1014 2358 1228 2441 imperatorne
1258 2378 1296 2418 an
1326 2368 1478 2437 tyrannus
1501 2355 1620 2419 luerit?
1653 2358 1732 2419 dicit
1753 2380 1828 2419 eum

465 2450 498 2500 ²⁰
510 2456 674 2524 tyrannum
702 2450 820 2525 sitisse,
859 2452 1005 2535 qnoniam
1037 2452 1172 2516 crudelia
1200 2451 1296 2512 ltrerit
1331 2463 1425 2533 atqne
1455 2450 1679 2532 intemperans.
1731 2452 1829 2513 'Haec

507 2541 589 2605 enim
615 2543 758 2607 adiuncta
790 2544 967 2609 differentia
992 2544 1034 2606 ita
1063 2553 1232 2624 tyrannum
1256 2545 1296 2605 ab
1328 2546 1522 2625 imperatore
1551 2543 1701 2627 seiungit.
1760 2549 1830 2607 Αιιῑ

508 2628 618 2711 etiarn,
657 2636 683 2701 si
712 2640 749 2701 dc
773 2642 884 2702 eodem
908 2650 1043 2717 tyranno
1070 2650 1164 2722 atque
1192 2659 1272 2722 rege
1292 2639 1473 2713 dubitetur,
1509 2636 1586 2722 qnid
1608 2649 1744 2719 uterquc
1765 2638 1827 2713 sit,

508 2728 612 2793 iuncta
634 2730 811 2795 differentia
842 2743 997 2814 utrosque
1019 2732 1183 2815 designat3
1219 2745 1272 2805 nt,
1306 2734 1333 2795 si
1365 2732 1572 2812 temperantia
1601 2729 1728 2813 qrridcrn
1759 2731 1829 2814 rcgi

509 2824 560 2888 nel
584 2824 702 2907 pistas,
727 2836 862 2906 tyranno
884 2846 964 2888 vero
983 2838 1014 2889 et
1036 2825 1276 2907 intemperantia
1301 2835 1334 2887 et
1354 2826 1525 2888 crendelitas
1548 2824 1721 2888 convenire
1742 2825 1829 2885 dica-

465 2920 573 2980 2⁵tnr.
619 2919 708 2983 Haec
743 2931 877 2981 vocatur
904 2914 990 2983 κατὰ
1020 2913 1197 3007 διαφοράν.
1265 2918 1356 2993 Atia,
1398 2940 1478 3000 quae
1505 2940 1563 2998 per
1590 2918 1829 2982 translationem

509 3010 643 3085 dicitnr,
666 3020 720 3086 nt,
744 3012 987 3076 Adolescentia
1009 3013 1158 3104 estfloa
1179 3012 1313 3077 aetatis·
1357 3011 1416 3073 Illa
1440 3032 1568 3095 quoqne
1590 3010 1732 3073 definitio
1758 3032 1829 3073 ease

508 3103 641 3179 dieitur,
665 3126 747 3190 quae
766 3107 802 3167 tit
818 3127 857 3167 ex
873 3106 1052 3187 privatione
1074 3103 1246 3177 contrarii,
1273 3117 1325 3179 nt,
1349 3108 1482 3167 Bonum
1496 3116 1569 3184 est,
1593 3105 1684 3187 qrmd
1699 3107 1829 3168 malum

508 3210 667 3261 nonest.
726 3200 815 3262 Illam
846 3220 976 3283 quoqrte
1003 3198 1217 3261 definitionem
1244 3198 1431 3262 Victorinus
1453 3199 1568 3280 ponit,
1606 3218 1686 3281 qnae
1707 3210 1829 3260 tantum

507 3288 651 3373 propriis
682 3292 858 3355 nominibus
892 3292 995 3375 aptari
1027 3304 1152 3373 potest,
1183 3314 1263 3374 qrrae
1285 3290 1377 3354 ctiam
1401 3286 1608 3367 ὑποτύπωσις
1629 3292 1828 3372 appellatur,

468 3395 560 3459 tout,
590 3386 726 3448 Aeneas
750 3398 802 3448 est
834 3387 978 3451 Veneria
999 3396 1032 3448 et
1053 3385 1224 3450 Anchisae
1238 3385 1357 3463 fliius.
1424 3388 1561 3449 Praeter
1581 3385 1639 3445 has
1660 3384 1754 3449 ctiam
1776 3388 1830 3449 illa

510 3487 576 3551 est,
615 3498 695 3560 qliae
717 3477 752 3539 lit
775 3498 834 3559 per
853 3476 1053 3561 indigentiam
1077 3478 1181 3561 pleni,
1216 3492 1268 3552 nt,
1299 3478 1564 3562 quadrarent,
1597 3479 1654 3539 cui
1674 3479 1830 3543 dodrans

510 3570 622 3645 deest,
648 3582 685 3632 nt
699 3571 745 3633 sit
766 3591 816 3634 aa.
861 3571 959 3637 Ponit
979 3572 1069 3634 ctiam
1092 3570 1281 3635 Victorinus
1295 3570 1377 3634 inter
1396 3572 1589 3634 differentias
1612 3572 1829 3636 definitionum

509 3662 594 3726 illam
616 3686 764 3748 qnoque,
803 3686 882 3747 qrtse
913 3686 971 3745 per
994 3668 1150 3747 qttnndam
1181 3664 1303 3726 lotidem
1331 3664 1400 3725 lieri
1426 3677 1550 3744 protest,
1589 3676 1640 3740 ut,
1679 3670 1830 3731 Leareat

511 3778 607 3821 mens
631 3769 664 3821 et
689 3759 826 3822 animus
844 3769 877 3820 et
899 3758 1078 3821 consilinm
1107 3770 1140 3821 et
1159 3758 1326 3819 sententia
1350 3757 1510 3820 ciuitatis.
1566 3758 1662 3837 erod
1694 3760 1830 3824 maxiano

467 3852 635 3916 atratinus
658 3863 767 3927 caret;
803 3873 866 3916 non
898 3854 977 3915 enim
1005 3852 1103 3913 landis
1133 3853 1245 3912 modus
1277 3852 1328 3914 illc
1362 3851 1457 3914 saciet
1488 3852 1707 3918 differentiam.
1767 3855 1830 3919 Illa

511 3944 591 4009 enirn
609 3946 836 4011 consideranda
861 3957 951 4021 stant,
975 3968 1057 4030 qrrae
1081 3947 1111 4006 in
1134 3944 1316 4008 delinitione
1339 3957 1519 4026 porinntnr,
1544 3968 1608 4007 non
1630 3967 1695 4030 qino
1721 3948 1828 4011 aniam

511 4038 679 4103 constituta
702 4052 787 4103 siant.
847 4040 944 4121 Quod
970 4038 998 4102 si
1022 4038 1201 4121 recipienda
1220 4038 1280 4101 luit
1298 4039 1442 4101 lucidandi
1464 4040 1608 4102 voluntas
1630 4038 1714 4102 inter
1736 4031 1830 4103 nitte-

508 4133 626 4196 rentias
649 4134 888 4209 definitionum,
917 4155 974 4197 cnr
997 4154 1059 4197 non
1082 4132 1281 4213 vituperandi
1302 4154 1431 4217 ‹proqne
1455 4134 1602 4195 voluntas
1625 4133 1714 4195 aliam
1736 4134 1828 4196 diffe-

509 4225 640 4288 rentiam
663 4226 854 4290 delinitionis
874 4225 1010 4289 efficiat?
1042 4226 1104 4290 Sed
1129 4229 1193 4290 hoc
1214 4226 1411 4308 apertissime
1434 4225 1661 4291 inconveniens
1691 4240 1723 4289 et
1745 4230 1830 4291 reri-

467 4323 500 4373 ⁴⁰
511 4318 568 4381 tati
589 4319 714 4383 videtur
735 4342 805 4384 ease
828 4320 1036 4385 contrarium.
1060 4353 1063 4358 ·
1091 4320 1187 4383 Fiunt
1208 4321 1299 4384 etiam
1330 4321 1528 4384 definitiones
1554 4341 1614 4402 per
1638 4322 1830 4402 proportio·

509 4434 600 4488 nem,
637 4424 671 4475 ut
693 4414 720 4475 si
742 4414 811 4498 qnia
834 4415 936 4478 dicat:
975 4416 1090 4479 Homo
1110 4425 1162 4477 est
1183 4415 1297 4477 minor
1317 4415 1477 4480 mundus.
1524 4413 1715 4478 sicutenim
1737 4438 1828 4479 marn·

510 4505 711 4569 deieratione
737 4506 882 4589 regitur,
916 4508 960 4570 ita
986 4528 1133 4592 quoqne,
1172 4506 1320 4591 quioniam
1344 4509 1440 4572 houm
1464 4506 1568 4570 multia
1591 4511 1735 4589 partibus
1757 4510 1829 4571 iarn·

509 4610 578 4661 ctus
606 4600 702 4661 habet
737 4609 840 4661 tamen
872 4600 902 4663 in
936 4600 1081 4663 omnihus
1120 4602 1276 4664 rationem
1304 4604 1434 4677 ducem,
1473 4602 1575 4667 minor
1607 4604 1740 4663 mundus
1767 4601 1829 4664 dici

507 4704 628 4774 potest.
674 4694 770 4757 Fiunt
792 4694 883 4757 ctiam
906 4694 1144 4759 definitionesa
1170 4694 1388 4761 relationibus.
1431 4695 1538 4777 Qunam
1560 4695 1697 4769 dicitnr,
1734 4695 1829 4777 Quid

466 4796 559 4851 tseat
573 4788 702 4871 pater?
737 4790 972 4871 respondetur,
1003 4789 1068 4855 Cui
1088 4788 1272 4866 cstfilius.
1318 4788 1574 4873 Causaqnoque
1594 4788 1680 4853 solet
1700 4788 1827 4853 efficere

503 4978 506 4987 ·
582 5016 629 5071 12.
649 5006 784 5082 ποιότης]
804 5010 882 5063 Elna.
901 5008 985 5076 Van,
1014 5008 1060 5064 nte
1080 5024 1144 5063 cnm
1164 5006 1254 5081 glossa
1274 5008 1462 5063 interlinearl:
1487 5008 1619 5080 qualitas.
1638 5036 1677 5055 ·-
1694 5006 1827 5083 ποιώδης

509 5090 603 5144 retent.
641 5090 688 5147 57.
706 5102 763 5141 noa
780 5102 850 5161 qnae
869 5088 964 5139 aalma
982 5088 1196 5143 constituantur
1212 5084 1300 5139 Parta.
