4434 5959
958 596 1067 667 car.
1088 600 1173 667 xv.
1469 690 1472 693 ⁴
1657 605 1720 672 nus

395 734 469 801 lieri
490 744 609 819 potest,
632 735 754 803 laudem
775 738 842 805 siun
864 742 904 805 ad
925 738 1090 805 utilitatem
1105 762 1220 807 causas
1235 743 1458 811 conferamus:
1480 756 1517 810 ut
1537 746 1720 832 adlegemus

396 852 461 915 pro
481 831 623 895 honestis
646 831 829 915 dignitatem
849 834 896 899 illi
921 856 1027 911 suam,
1059 856 1122 917 pro
1144 835 1312 901 humilibus
1333 839 1500 917 iustitiam,
1532 864 1594 923 pro
1615 842 1720 911 inteli-

398 924 490 988 cibus
508 924 773 1003 misericordiam,
812 948 873 1008 pro
897 928 990 993 laesis
1012 929 1230 1006 severitatem,
1254 943 1286 995 et
1307 932 1451 998 similitor
1472 947 1590 998 cetera.
1634 938 1720 1001 Pro·

392 1030 471 1102 pter
492 1021 577 1103 quod
602 1042 708 1083 mores
737 1042 886 1107 quoque,
910 1022 936 1084 si
968 1021 1038 1085 lieri
1069 1033 1190 1104 potest,
1213 1022 1325 1087 iudicis
1346 1028 1439 1089 velim
1472 1049 1580 1093 nosse.
1639 1032 1720 1093 Nam

394 1123 497 1195 prout
533 1114 656 1195 asperi,
693 1116 797 1191 lenes,
834 1115 978 1191 iocundi,
1016 1136 1135 1199 graves
1172 1116 1308 1193 luerint,
1342 1119 1385 1182 ita
1417 1132 1471 1183 ant
1498 1142 1658 1187 assumere
1689 1123 1747 1186 ins

396 1226 492 1269 causa
516 1220 644 1271 naturas
661 1230 785 1285 eorum,
809 1232 891 1295 quae
912 1220 1116 1291 competunt,
1139 1220 1193 1272 aot
1214 1209 1371 1293 mitigare,
1387 1235 1469 1297 quae
1483 1219 1720 1299 repugnabunt,

396 1300 576 1382 oportebit.
635 1303 808 1368 Praeterea
830 1306 1021 1367 detrahenda
1043 1304 1094 1365 vel
1118 1302 1335 1368 confirmanda
1355 1306 1484 1390 opinio,
1508 1308 1649 1394 siquam
1673 1311 1722 1373 vi·

397 1394 527 1457 debitur
545 1397 642 1461 domo
665 1396 760 1461 index
782 1398 937 1461 attulisse.
991 1399 1023 1461 A
1049 1395 1153 1459 causis
1181 1400 1403 1465 benevolentia
1427 1402 1567 1477 ducitur,
1591 1404 1620 1467 si
1639 1424 1722 1489 quae

394 1486 428 1551 in
451 1487 576 1552 actione
590 1490 780 1555 favorabilia
800 1492 891 1557 nobis
913 1490 1048 1565 iuuarint,
1072 1500 1104 1553 et
1122 1502 1295 1556 tractemus
1309 1504 1341 1557 et
1362 1516 1549 1579 auugeamus:
1574 1516 1611 1560 ea
1628 1517 1721 1574 nero,

395 1600 479 1665 quae
502 1580 646 1659 laedant,
671 1597 724 1648 aut
743 1588 873 1649 omnino
895 1585 1107 1667 repellamus,
1132 1596 1185 1647 aut
1207 1598 1294 1649 certe
1316 1586 1419 1671 aliqua
1434 1600 1581 1675 exparte
1602 1590 1765 1652 minua-¹⁰

395 1694 480 1739 snus.
539 1676 603 1739 Sed
635 1676 717 1741 sient
743 1679 774 1742 in
793 1700 932 1763 persona
965 1678 1119 1753 diximus,
1155 1699 1209 1741 res
1232 1701 1360 1757 ornnes,
1395 1703 1476 1767 quae
1498 1683 1630 1747 allectus
1653 1702 1722 1746 mo·

396 1778 492 1841 vent,
531 1768 563 1832 id
592 1782 657 1847 est,
695 1774 746 1836 vel
765 1795 825 1855 pro
848 1772 942 1839 nobis
966 1769 1118 1854 gratiam,
1149 1772 1414 1854 unisericordiam‚
1444 1774 1719 1851 benevolentiam,

393 1860 448 1924 vel
470 1874 583 1926 contra
605 1864 698 1929 etiam
720 1868 922 1931 adversarios
945 1865 1068 1940 odium,
1091 1863 1190 1941 iram,
1214 1864 1382 1943 invidiam,
1405 1868 1537 1952 parcius
1558 1880 1589 1932 et
1612 1871 1721 1933 mode·

393 1954 474 2017 stins
501 1954 532 2019 in
565 1958 723 2042 principio
759 1961 993 2043 praegustanda
1025 1969 1118 2031 sunt,
1156 1957 1228 2043 qnia
1250 1962 1316 2024 boc
1335 1961 1446 2027 differt
1466 1961 1659 2045 principium
1681 1964 1722 2025 ab

393 2048 548 2133 epilogo,
570 2054 657 2136 quod
681 2052 732 2116 bic
752 2054 948 2128 restrictius,
979 2050 1044 2115 illic
1065 2050 1159 2115 liceat
1180 2052 1309 2117 effuusins
1331 2054 1475 2140 evagari.
1520 2056 1672 2140 Namque
1689 2054 1721 2119 in
1734 2059 1764 2110 ¹⁵

395 2143 530 2229 epilogo
562 2155 595 2208 et
628 2146 851 2213 allocutionem
880 2144 1073 2231 permittitur
1099 2144 1251 2226 inducere
1279 2160 1312 2211 et
1332 2149 1503 2215 defumctos
1525 2150 1667 2213 excitare
1689 2160 1721 2215 et

390 2236 531 2323 pignora
548 2242 727 2321 producere
750 2253 781 2305 et
803 2253 928 2315 cetera,
961 2260 1043 2323 quae
1065 2238 1190 2304 animos
1212 2240 1401 2306 audientium
1424 2254 1586 2306 moveant.
1631 2243 1723 2323 Quae

391 2332 497 2395 omnia
528 2344 630 2396 tamen
667 2334 749 2399 sicut
783 2336 814 2399 in
844 2332 1001 2418 principio
1030 2336 1268 2415 praecerpenda
1301 2348 1375 2401 sunt
1396 2358 1458 2419 pro
1479 2337 1592 2412 nobis,
1615 2333 1657 2401 ita
1680 2358 1723 2401 ex

392 2424 524 2489 diverso
557 2427 682 2491 amoliri
711 2449 794 2511 opus
826 2441 887 2493 est.
942 2428 1025 2492 llluud
1049 2426 1079 2489 in
1113 2425 1297 2490 uniuersum
1321 2442 1527 2511 praeceptum
1549 2430 1617 2506 sit,
1637 2441 1673 2495 nt
1694 2429 1722 2495 si

392 2539 487 2583 eausa
512 2520 749 2599 laborabimus,
780 2544 917 2605 persona
940 2518 1128 2593 subveniat;
1162 2519 1189 2583 si
1211 2541 1349 2601 persona
1372 2524 1496 2599 oberit,
1527 2544 1620 2586 casua
1642 2544 1721 2605 pro·
1732 2530 1765 2581 to

392 2612 453 2688 sit;
477 2613 504 2677 si
519 2614 595 2678 nibil
617 2615 731 2692 iuuerit,
755 2620 842 2701 quod
864 2618 1006 2691 adiuuet,
1040 2633 1241 2696 quaeramus,
1267 2615 1344 2698 quid
1365 2618 1583 2681 adversarium
1604 2616 1721 2681 laedat.

392 2708 470 2771 Non
494 2708 604 2771 inutile
623 2722 671 2771 est
691 2708 847 2773 interdum
872 2728 1062 2781 concurrere,
1087 2726 1169 2789 quae
1187 2707 1333 2771 videntur
1348 2711 1491 2773 obstare.
1516 2712 1561 2777 Ut
1576 2708 1719 2773 Cicero:

390 2800 482 2863 scire
502 2821 538 2863 se
563 2802 709 2878 mironi,
732 2803 825 2887 quod
846 2802 906 2889 qui
922 2824 988 2885 per
1009 2811 1061 2864 tot
1081 2820 1194 2863 annos
1216 2800 1436 2891 defenderit,
1459 2803 1574 2866 susbito
1594 2803 1644 2866 od
1660 2822 1719 2864 nc·

390 2894 584 2959 causandum
606 2896 830 2959 descenderit.
875 2896 1014 2961 Multum
1040 2892 1161 2977 gratiae
1184 2893 1320 2957 exordio
1341 2895 1449 2971 dabit,
1480 2895 1569 2960 siah
1591 2894 1718 2960 actione

392 2988 540 3052 diuersae
569 2990 669 3072 partis
701 2994 862 3067 trabatur,
894 2988 967 3075 quia
995 3006 1060 3049 non
1093 2986 1305 3067 couaupositnm
1328 2988 1433 3066 domi,
1466 2990 1524 3050 scd
1545 2987 1590 3051 ibi
1610 2994 1762 3053 neruimes

389 3081 632 3147 existimabitur.
688 3087 855 3149 Attentum
883 3083 1017 3146 iudicem
1045 3077 1167 3154 iacies,
1202 3081 1229 3141 si
1265 3101 1316 3142 res
1346 3080 1400 3165 agi
1436 3080 1580 3145 videatur
1608 3103 1712 3157 nova,

390 3196 524 3259 magna,
548 3189 662 3255 atrox,
686 3180 848 3260 pertinens
870 3179 910 3240 ad
930 3172 1130 3254 exemplum,
1153 3173 1324 3255 praecipue
1347 3185 1469 3249 tamen,
1497 3175 1523 3239 si
1547 3176 1643 3239 iudex
1658 3185 1714 3239 aut

297 3270 303 3285 '
389 3290 447 3333 suua
471 3270 541 3335 vice
570 3284 624 3335 aut
645 3274 692 3335 rei
711 3272 856 3355 publicae
878 3278 1120 3336 commoveatur
1139 3288 1215 3348 spe,
1241 3279 1333 3346 nictus,
1358 3267 1588 3344 adunooitione,
1611 3268 1718 3351 preci·

389 3362 471 3435 bus,
503 3364 715 3445 promissione
743 3366 836 3430 etiam
865 3387 925 3429 nos
956 3381 1022 3425 non
1052 3360 1105 3423 din
1137 3371 1319 3425 moraturos
1348 3383 1407 3426 nec
1430 3360 1599 3445 quiequam
1622 3372 1716 3425 extra

389 3478 515 3519 cansam
539 3480 608 3522 esse
630 3458 786 3525 dicturos.
830 3462 894 3525 Sed
914 3455 1064 3529 intentio,
1089 3453 1116 3517 si
1137 3477 1229 3541 quam
1243 3454 1305 3519 sibi
1328 3479 1403 3539 pars
1420 3454 1546 3519 diversa
1565 3453 1760 3524 concilia-to

390 3552 495 3627 verit,
520 3552 677 3616 minuetur
700 3573 716 3613 e
739 3554 919 3627 contrario,
947 3550 1098 3637 quaedam
1122 3548 1211 3633 quuasi
1234 3550 1333 3624 levia,
1361 3552 1514 3634 quaerelam
1538 3548 1629 3633 quasi
1652 3570 1716 3617 non

389 3644 579 3727 pertinentia
600 3648 638 3708 ad
664 3668 788 3711 causam
813 3645 1040 3729 praedicando.
1085 3642 1129 3707 Et
1151 3642 1177 3704 si
1196 3642 1280 3706 actio
1299 3643 1443 3707 diversae
1458 3644 1558 3726 partis
1578 3642 1714 3705 iudicum

389 3737 513 3803 aniunos
536 3740 722 3822 occupavit,
758 3740 1002 3823 praemittendae
1030 3747 1102 3799 sunt
1131 3747 1259 3800 nostrae
1281 3739 1491 3818 probationes
1514 3748 1546 3799 et
1568 3734 1712 3798 diversa·

387 3853 459 3895 rum
481 3833 646 3897 resultatio.
698 3834 845 3899 Docilsm
868 3834 935 3897 sine
957 3831 1055 3893 daubin
1078 3831 1156 3892 haec
1179 3828 1248 3911 ipsa
1269 3834 1494 3911 praestabunt.
1530 3828 1660 3894 attentio
1683 3840 1715 3892 et

388 3926 636 4001 beneuolentia;
681 3930 736 3991 sed
764 3940 795 3992 et
823 3928 920 4004 illud,
957 3926 984 3990 si
1007 3924 1149 3989 brevitor
1177 3937 1209 3987 et
1238 3924 1374 3988 dilucida
1395 3945 1547 3987 suuuuuuam
1569 3924 1636 4000 rei,
1675 3924 1757 3991 dett

388 4042 450 4103 qua
474 4041 674 4105 cognoscere
697 4024 831 4096 debeat,
868 4021 1059 4096 indicemus,
1091 4030 1126 4083 ut
1148 4020 1312 4083 Homerus
1335 4030 1430 4103 atque
1453 4016 1612 4100 Virgilius
1635 4010 1713 4097 opess

387 4133 457 4175 rum
488 4135 617 4179 suoruun
641 4114 808 4198 principiis
837 4115 974 4189 iaciunt,
1012 4112 1101 4177 cuius
1124 4112 1173 4176 rei
1195 4115 1307 4175 modus
1330 4133 1400 4174 esse
1423 4114 1536 4185 debet,
1576 4120 1611 4171 ut
1634 4130 1713 4190 pro·

387 4206 542 4289 positioni
564 4208 699 4273 similior
720 4212 759 4273 sit
782 4232 874 4295 quant
891 4206 1103 4293 expositioni:
1129 4227 1188 4269 nee
1203 4207 1366 4289 quomodo
1383 4202 1521 4290 quidque
1537 4202 1578 4264 sit
1594 4214 1710 4277 actum,

389 4302 464 4377 sed,
497 4305 535 4365 de
556 4304 673 4388 quibus
703 4304 844 4369 dicturus
867 4306 928 4375 sit,
954 4313 1066 4365 orator
1087 4302 1245 4363 ostendat.
1289 4300 1383 4362 Licet
1404 4297 1495 4360 etiauu
1522 4294 1712 4379 principales

388 4395 593 4479 quaestiones
617 4395 647 4461 in
670 4397 828 4479 principio
850 4416 1075 4479 praecerpere,
1111 4396 1167 4457 aed
1192 4413 1365 4473 praecursu
1392 4392 1464 4457 solo
1487 4402 1582 4473 atquc
1605 4399 1709 4463 tactu,
1723 4400 1755 4483 tt

387 4499 424 4552 ut
446 4490 484 4551 de
507 4488 555 4551 his
577 4492 686 4573 quaeri
710 4490 874 4563 videatur,
920 4491 1083 4575 quomodo
1106 4509 1168 4570 pro
1190 4488 1307 4550 Flacco
1331 4498 1362 4551 et
1387 4506 1447 4569 pro
1464 4480 1602 4549 Fonteio
1618 4482 1712 4545 Mar·

386 4602 443 4646 cns
466 4584 609 4659 Tullius,
645 4584 732 4649 nibil
758 4584 819 4667 ogi
850 4584 910 4647 illo
936 4584 1088 4657 iudicio,
1112 4582 1181 4645 nisi
1202 4594 1240 4644 ut
1263 4580 1493 4665 magistratus
1512 4577 1548 4639 in
1570 4575 1712 4661 provin·

386 4678 452 4741 ciis
481 4698 549 4741 non
578 4678 728 4740 candeant
761 4678 932 4761 imperare
961 4679 1082 4755 sociis,
1120 4676 1212 4761 quod
1235 4700 1282 4738 ex
1308 4698 1374 4739 assu
1401 4673 1626 4757 reipublicae
1651 4670 1710 4735 sit.

386 4772 625 4855 Saepenumero
655 4771 685 4835 in
708 4772 870 4855 principiis
892 4772 983 4837 etiam
1012 4792 1137 4835 cauusam
1164 4770 1409 4851 praedividiuuus
1435 4788 1476 4831 ex
1499 4765 1633 4833 utilitate
1652 4785 1711 4831 no·

477 4964 500 5015 7.
521 4966 581 5015 cst.
610 4964 663 5011 aad.
702 4964 744 5012 28.
771 4966 951 5013 Ammout'la'ona
975 4968 1035 5013 Cot.
1055 4973 1079 5013 st
1104 4968 1139 5013 nie
1158 4970 1181 5014 in
1200 4970 1254 5013 aliia
1273 4966 1376 5027 antiquis
1394 4962 1471 5011 codd.
1492 4962 1548 5011 tidl.
1587 4956 1628 5011 ³0.
1648 4957 1709 5007 0⁰6·

523 5039 549 5081 as'
565 5051 645 5098 quana.
684 5036 725 5083 li.
745 5038 874 5083 lnsersnda
891 5040 982 5087 videtur
1000 5040 1103 5101 negatio.
1118 5036 1165 5087 Oa.

461 5176 562 5237 2201n
584 5176 660 5233 verr.
682 5178 705 5235 l.
725 5185 751 5235 ι.
