4434 5959
925 613 1019 679 LIB.
1050 613 1098 680 V.
1165 606 1169 622 '
1610 613 1671 678 371

358 751 441 817 sint:
478 773 570 837 quam
592 749 711 838 siquis
733 755 866 820 neddere
887 753 1008 837 possit,
1041 773 1166 816 causam
1190 771 1319 846 quoque
1341 753 1523 818 reddiderit.
1566 754 1605 818 Id
1627 766 1675 820 est

357 845 440 910 enim
464 868 577 924 causa,
614 860 752 930 propter
781 870 874 935 quam
898 849 1164 931 unumquodque
1187 846 1235 910 fit.
1291 848 1410 914 Omnes
1432 868 1511 912 vero
1541 869 1671 924 canisae,

359 961 442 1025 quae
461 939 514 1004 vel
535 962 577 1004 ex
603 940 768 1005 volumtate
793 944 845 1006 vel
873 938 1116 1026 perturbatione
1144 938 1236 1006 animi
1260 939 1495 1026 intelliguntur,
1539 945 1578 1006 ad
1607 963 1675 1006 cam

357 1055 485 1098 causam
503 1033 680 1117 pertinent,
705 1058 787 1121 quae
805 1048 855 1100 ast
873 1034 1022 1101 movendi
1040 1033 1251 1117 principium,
1283 1046 1318 1098 ut
1341 1035 1372 1098 iu
1395 1035 1604 1102 Aristotelica
1627 1035 1675 1099 di·

357 1127 462 1192 aimus
482 1127 653 1192 divisione.
696 1130 791 1194 Haec
810 1129 910 1205 enim,
932 1141 967 1192 ut
987 1129 1104 1214 aliquid
1122 1129 1298 1204 efficiatur,
1322 1129 1469 1194 movendi
1486 1129 1699 1212 principiums

357 1232 444 1285 suut.
498 1222 546 1284 At
567 1221 599 1284 in
620 1233 689 1286 aete
706 1224 758 1286 vel
779 1223 890 1288 babitu
915 1223 967 1287 vel
988 1234 1098 1286 natura
1115 1223 1168 1286 illa
1188 1245 1281 1288 rausa
1302 1235 1365 1300 est,
1396 1245 1477 1310 quae
1498 1225 1529 1287 iu
1551 1224 1674 1290 ratione

358 1314 517 1382 consistit.
567 1315 698 1398 Species
729 1316 811 1380 enim
834 1339 871 1380 ac
890 1317 972 1383 ratio
994 1317 1257 1404 uniuscuiusque
1279 1319 1463 1384 efficiendae
1485 1321 1531 1383 rei
1553 1319 1584 1382 in
1607 1333 1675 1384 arte

359 1422 392 1473 et
414 1409 524 1473 babitu
553 1421 586 1472 et
613 1421 725 1472 natura
756 1409 862 1494 posita
891 1423 952 1477 cst.
998 1410 1100 1477 Casus
1130 1433 1209 1476 vero
1235 1415 1375 1478 exterior
1396 1435 1489 1476 causa
1512 1434 1571 1476 nec
1591 1412 1675 1476 iuter

358 1501 552 1585 principales
583 1515 805 1568 annumeratur
833 1508 1002 1570 seeundum
1031 1505 1255 1573 Aristotelem.
1310 1508 1486 1574 Secundum
1518 1511 1570 1574 Μ.
1595 1512 1674 1574 Tul·

357 1597 434 1661 lium
457 1618 538 1662 sero
567 1618 659 1660 cassu
692 1608 741 1661 eat
760 1598 861 1664 latens
883 1603 1016 1666 effectae
1036 1600 1085 1665 rei
1106 1621 1222 1666 causa:
1255 1605 1344 1688 quod
1364 1605 1456 1687 quale
1477 1603 1534 1681 sit,
1565 1606 1673 1688 paullo
1686 1612 1717 1663 ¹⁰

359 1688 522 1774 posterius
543 1691 773 1778 designabitur.

442 1784 541 1868 (Cap.
564 1787 617 1848 16.
640 1790 672 1862 ς.
695 1784 749 1849 63.
771 1819 814 1834 -
834 1807 906 1871 cap.
929 1791 984 1853 tt.
1007 1796 1040 1867 ς.
1063 1790 1133 1871 bl.)
1168 1789 1331 1858 Omnium
1348 1805 1464 1859 nutem
1488 1813 1676 1859 causarum

357 1909 401 1924 ·-
421 1909 464 1923 —
484 1879 650 1964 ignoratn
668 1878 863 1946 rideantur.

442 1972 573 2037 Rursus
600 1993 765 2036 causarum
794 1974 980 2042 divisionem
1013 1978 1103 2043 aliam
1133 1979 1249 2044 cleram
1272 2003 1310 2046 ac
1330 1983 1530 2068 perspicuam
1552 1987 1673 2070 prodit.

359 2065 536 2132 Causarum
557 2085 693 2150 namque
715 2066 795 2131 alias
815 2081 887 2132 sont
905 2083 1104 2149 constantes,
1128 2074 1206 2138 aliae
1227 2097 1308 2142 vero
1329 2077 1555 2144 inconstanter.
1585 2080 1717 2146 Con-¹⁵

357 2171 479 2224 stantes
507 2171 600 2236 sunt,
635 2180 768 2246 quarum
792 2181 857 2226 nou
883 2160 953 2229 fere
975 2166 1119 2230 variatur
1146 2169 1301 2262 ellectum
1338 2170 1550 2238 inconstantes
1573 2197 1672 2253 veru,

359 2275 442 2339 quae
472 2256 534 2318 huc
562 2266 658 2339 atque
686 2255 763 2320 illuc
782 2255 982 2322 facilioribus
1014 2260 1239 2326 mutationibus
1261 2265 1503 2336 transferuntur.
1562 2270 1676 2336 Omnia

358 2347 481 2434 igitur,
505 2369 587 2431 qnae
609 2369 650 2412 ex
672 2361 783 2413 natura
797 2361 892 2434 atque
913 2363 983 2416 arte
999 2354 1210 2430 descendunt,
1235 2358 1409 2420 constantia
1424 2370 1509 2424 sunt.
1553 2363 1677 2429 Natura

358 2442 480 2528 quippe
512 2453 607 2528 atquc
628 2463 680 2506 ars
702 2464 793 2506 esaum
815 2464 941 2526 semper
964 2466 1045 2527 opus
1067 2443 1230 2524 efficiunt,
1252 2446 1326 2511 -nisi
1346 2450 1506 2518 subiectae
1529 2458 1677 2522 materiae

358 2537 468 2600 obstet
498 2534 665 2600 incertum.
722 2538 804 2600 Nam
832 2538 921 2621 quod
947 2559 1028 2601 uuus
1057 2537 1204 2622 idemque
1234 2540 1353 2605 artilex
1382 2565 1423 2607 ex
1444 2547 1552 2610 eadem
1582 2547 1719 2634 saepe²⁰

357 2629 491 2694 materia
511 2651 577 2695 non
598 2632 765 2696 admodum
786 2630 902 2695 similes
923 2641 1042 2696 statuas
1063 2632 1203 2710 format,
1227 2654 1291 2698 non
1314 2648 1362 2700 est
1382 2639 1462 2702 baec
1483 2639 1514 2703 in
1530 2656 1597 2708 arte
1622 2667 1677 2710 sa·

355 2724 474 2800 rictas,
511 2725 655 2787 sedtum
676 2724 708 2786 in
730 2723 860 2788 artificis
882 2745 994 2800 mann,
1028 2747 1111 2809 quae
1132 2727 1343 2812 integritatem
1366 2731 1443 2794 artis
1466 2737 1590 2818 assequi
1612 2760 1677 2802 non

355 2827 485 2901 potest,
508 2827 575 2881 tum
597 2818 628 2881 in
650 2818 719 2900 ipsa
741 2817 892 2894 materia,
917 2839 998 2902 quae
1019 2819 1206 2884 efficientiae
1228 2833 1321 2905 atque
1342 2822 1465 2888 formae
1481 2849 1544 2891 nou
1559 2851 1677 2914 aequa·

356 2913 432 2976 liter
465 2909 562 2976 cedit.
619 2912 709 2975 Idem
733 2923 781 2975 est
801 2910 834 2974 iu
855 2921 980 2976 natura.
1038 2915 1155 2977 Servat
1176 2933 1311 2999 namque
1333 2918 1539 2982 constantiam
1563 2943 1674 3002 suam,

359 3027 458 3091 quum
493 3003 651 3069 homiuem
671 3005 791 3069 format
812 3027 853 3069 ex
874 3003 1023 3082 bomine,
1053 3005 1160 3090 itaque
1182 3005 1292 3070 similia
1314 3007 1345 3073 in
1369 3011 1484 3074 ceteris
1506 3035 1547 3075 ex
1569 3013 1722 3080 siniti-²³

358 3103 419 3164 bus
441 3097 559 3185 gignit.
601 3101 649 3164 At
670 3120 766 3185 quum
788 3109 1004 3163 monstrosum
1025 3099 1142 3184 aliquid
1165 3100 1319 3177 efficitur,
1343 3123 1406 3168 nou
1428 3116 1560 3170 naturae
1583 3108 1675 3188 vitio,

360 3197 419 3259 sed
440 3191 592 3257 materiae
612 3193 720 3276 potius
743 3192 936 3276 applicatur,
961 3213 1001 3256 ex
1022 3193 1155 3278 quaid,
1193 3197 1281 3278 quod
1302 3195 1430 3260 efficere
1452 3204 1675 3280 contendebat,

360 3310 426 3353 nou
459 3287 504 3350 ita
531 3286 638 3370 potuit
666 3299 780 3352 natura
808 3285 989 3368 explicare,
1027 3288 1084 3351 sed
1109 3287 1195 3352 inter
1216 3300 1397 3354 constantes
1419 3312 1530 3356 causas
1551 3295 1678 3360 babitus

359 3401 491 3468 quoque
517 3381 628 3444 debuit
654 3379 799 3466 adiungi.
856 3379 938 3442 Nam
968 3384 1055 3463 quod
1083 3402 1125 3445 ea
1149 3380 1259 3446 babitu
1281 3383 1433 3470 cuiusque
1455 3385 1508 3462 fir,
1544 3387 1578 3452 id
1600 3411 1679 3455 cou-

357 3489 444 3542 stana
466 3497 526 3540 aec
546 3475 695 3539 mutabile
718 3497 786 3539 esse
813 3473 916 3538 soleta
954 3473 1209 3558 quandoquidem
1236 3475 1355 3542 idcirco
1382 3478 1510 3544 babitus
1539 3482 1722 3562 dieitur,⁸⁰

359 3571 434 3657 quia
455 3568 659 3634 diuturnitate
680 3566 817 3633 habendi
837 3567 869 3630 in
891 3577 1022 3632 naturae
1043 3568 1276 3634 similitudinem
1301 3570 1451 3637 vertitur.
1496 3575 1558 3638 Sed
1578 3575 1678 3640 forsi-

359 3675 413 3728 tan
434 3663 515 3728 illod
536 3662 662 3728 Tullius
693 3662 794 3740 vidit,
828 3662 916 3744 quod
947 3673 1058 3726 nattara
1089 3673 1184 3745 atque
1210 3683 1260 3726 ars
1282 3675 1433 3728 nontam
1456 3663 1490 3730 in
1512 3669 1679 3736 effectibus

358 3769 541 3824 constantes
562 3779 656 3843 quam
678 3757 711 3820 in
733 3755 868 3841 propria
890 3752 1016 3820 ratione
1036 3777 1106 3820 esse
1128 3756 1363 3842 intelliguntur,
1396 3757 1588 3840 intantum,
1623 3775 1678 3843 ut,

359 3856 449 3938 quod
480 3873 533 3917 ars
559 3873 597 3916 ac
617 3861 729 3916 natura
757 3845 931 3934 delinquit,
964 3849 1116 3914 materiae
1145 3851 1270 3934 saepius
1300 3850 1486 3934 imputetur.
1541 3855 1679 3920 Habitus

361 3967 443 4010 vcro
464 3946 533 4030 ipse
561 3946 790 4010 consuetudine
812 3942 950 4028 quadam
971 3946 1124 4008 collectus
1147 3957 1216 4020 est,
1256 3943 1310 4029 qui
1332 3964 1395 4007 non
1417 3945 1540 4010 ratione
1562 3948 1679 4031 aliquid
1690 3955 1721 4010 lt

362 4052 396 4105 et
415 4039 550 4123 propria
572 4035 768 4115 constantia,
790 4039 847 4104 sed
867 4057 926 4105 usu
946 4035 1037 4102 lacit.
1088 4039 1199 4121 Atque
1220 4036 1339 4100 idcirco
1361 4036 1497 4102 lorsitau
1523 4041 1675 4120 habitum,

361 4133 418 4219 qui
445 4132 529 4198 inter
560 4145 665 4198 cetera
687 4144 815 4215 praeter
836 4147 936 4198 artem
958 4144 991 4196 ct
1010 4143 1154 4194 naturam
1178 4129 1346 4194 videbatur
1366 4151 1436 4196 esse
1458 4133 1676 4210 constantior,
1720 4177 1724 4186 ·

362 4248 381 4290 a
401 4226 506 4292 causis
527 4227 744 4293 constantibus
764 4226 965 4315 segregarit.
1008 4226 1057 4289 Ea
1080 4242 1183 4300 vcro,
1207 4243 1287 4308 quac
1307 4243 1371 4287 nou
1394 4236 1467 4288 suut
1488 4225 1677 4302 constantia,

362 4319 396 4383 in
417 4340 455 4384 ea
476 4319 605 4397 dividit,
643 4339 724 4404 quae
745 4333 817 4384 suut
838 4319 1025 4404 perspicua,
1059 4317 1145 4382 etin
1167 4337 1221 4394 ca,
1244 4337 1326 4401 quae
1347 4317 1457 4384 latent.
1501 4319 1679 4402 Perspicua

362 4426 457 4491 suut,
493 4435 574 4498 quae
603 4415 643 4478 ab
666 4411 761 4476 animi
781 4412 928 4500 quolibet
956 4426 1044 4479 motu
1066 4411 1118 4477 vel
1139 4411 1334 4496 appetitione
1355 4411 1406 4477 vel
1427 4409 1533 4476 iudicii
1554 4413 1722 4482 reticuere

360 4507 512 4591 prolecta
532 4519 618 4572 sunt.
661 4509 782 4572 Latent
802 4528 898 4586 sero,
924 4528 1004 4593 quac
1025 4507 1174 4572 fortunae
1196 4505 1371 4570 subiacent.
1414 4505 1497 4568 Nam
1519 4504 1592 4590 quia
1615 4526 1680 4570 unu

362 4603 493 4686 ignorat
512 4602 652 4676 ammos,
688 4601 722 4666 in
742 4623 837 4686 quana
857 4614 981 4686 partem
1002 4600 1156 4679 declinet,
1191 4601 1245 4685 qui
1266 4598 1390 4665 tametsi
1412 4597 1488 4663 boui
1511 4599 1679 4684 aliquando

361 4694 529 4774 indicium,
557 4717 716 4782 nunquam
737 4708 842 4762 tamen
863 4695 932 4760 eius
958 4695 1024 4771 rei,
1058 4717 1152 4780 quam
1173 4693 1290 4772 efficit,
1326 4692 1488 4758 notionem
1508 4692 1679 4778 relinquit,

362 4801 496 4871 practer
518 4811 595 4874 eoa,
631 4789 687 4876 qui
706 4789 848 4858 fernditus
869 4801 974 4854 mente
995 4789 1165 4874 capiuntur
1186 4800 1218 4854 et
1240 4787 1271 4852 iu
1294 4785 1409 4871 quibus
1430 4785 1491 4850 iam
1514 4787 1598 4852 nulla
1621 4807 1681 4850 vo·

361 4881 469 4948 luntas
492 4879 559 4948 eit:
582 4904 713 4949 necesse
734 4895 783 4948 est
803 4895 880 4949 nota
901 4904 990 4962 esse,
1023 4903 1104 4968 quae
1127 4904 1168 4947 ex
1188 4883 1352 4948 voluntate
1375 4881 1427 4947 vel
1449 4879 1542 4945 animi
1562 4876 1722 4948 iudiciott

362 4975 455 5042 liunt.
499 4977 644 5044 Fortuna
674 4997 753 5044 vero
786 4989 880 5063 atque
906 4997 997 5046 casua
1026 4996 1153 5062 semper
1182 4974 1312 5062 ignotus
1335 4985 1403 5039 este
1443 4973 1533 5038 cuius
1555 4971 1681 5058 quidem

437 5171 486 5229 ae
504 5165 651 5243 nfinsm]
669 5167 759 5226 rusa.
776 5193 816 5216 ι·
833 5160 951 5246 efficerer
967 5173 1066 5226 unna.
