4434 5959
936 628 1026 693 nm.
1048 628 1078 722 t.
1621 630 1659 693 rs

347 771 441 835 nobis
462 769 540 833 boni
561 770 724 833 nuntietur
743 782 775 833 et
796 768 867 834 loeti
889 790 958 833 esse
979 768 1182 851 incipiemus3
1215 768 1242 832 si
1264 769 1338 853 quid
1360 770 1535 845 videamus,
1575 780 1607 832 et
1627 770 1660 833 id

345 866 451 947 ipsum
474 865 753 946 concupiscamus3
777 865 827 925 vel
849 862 967 947 aliquid
982 861 1091 925 timere
1113 862 1138 925 si
1161 862 1343 943 incipiamus
1365 876 1397 927 et
1415 866 1545 927 moleste
1560 863 1659 937 ferre,

346 960 428 1021 istae
449 980 562 1021 omnes
584 958 679 1020 animi
697 970 771 1019 'sum
793 957 995 1019 affectiones:
1020 956 1130 1017 deinde
1152 956 1318 1037 corporis,
1342 958 1369 1019 si
1394 957 1498 1021 subito
1520 956 1551 1019 in
1573 974 1661 1017 mor-

346 1054 424 1113 bnm
446 1050 638 1124 incidamus3
674 1051 701 1112 si
722 1050 839 1135 aliquid
862 1049 895 1111 in
916 1051 1008 1111 nobis
1035 1048 1233 1125 debilitetur,
1270 1052 1325 1111 sed
1347 1053 1386 1112 ed
1408 1063 1551 1130 ternpus,
1587 1058 1661 1129 post

348 1156 454 1206 autern
478 1155 623 1206 sanetur.
677 1144 747 1205 llee
777 1144 883 1226 itaque
907 1152 999 1203 erunt
1027 1142 1211 1205 affectiones
1233 1142 1379 1225 eorporis
1400 1154 1433 1205 et
1452 1143 1591 1227 reliquae
1614 1140 1687 1203 eist

347 1236 481 1299 similes.

432 1328 597 1393 &udinem
627 1341 744 1391 nutem
770 1341 822 1392 est
842 1329 951 1392 animi
970 1331 1111 1393 occiduo
1135 1342 1169 1394 et
1189 1334 1363 1394 vehemens
1384 1331 1462 1411 eet]
1518 1330 1660 1393 Studium

348 1434 419 1497 est,
456 1422 581 1505 inquit,
622 1426 660 1484 ad
687 1422 823 1508 aliquem
855 1445 921 1486 rem
943 1424 1065 1487 assidua
1095 1437 1127 1488 et
1148 1426 1315 1488 vehemens
1343 1424 1527 1487 eniminum
1550 1444 1661 1509 magna

347 1520 517 1581 voluntate
539 1516 720 1595 occupatio.
763 1516 895 1600 Alioqui
917 1517 1037 1581 assidua
1061 1532 1092 1583 et
1115 1520 1281 1582 vehemens
1304 1539 1371 1581 esse
1393 1538 1456 1581 non
1478 1527 1601 1597 potest,
1634 1516 1660 1581 si

348 1610 380 1673 in
402 1612 479 1691 ipso
501 1630 602 1689 opere
623 1630 685 1671 non
708 1610 854 1673 habuerit
875 1612 1082 1675 voluntatem.
1125 1614 1169 1676 Et
1191 1614 1242 1674 det
1258 1634 1329 1685 res,
1354 1632 1417 1675 nnn
1433 1630 1511 1693 quoe
1526 1610 1659 1672 studium
1673 1622 1704 1671 tt

349 1705 430 1779 sint3
468 1706 525 1765 sed
546 1723 677 1785 querum
703 1704 837 1765 studium
860 1705 920 1767 site
955 1716 995 1767 ut
1008 1705 1261 1787 philosophiae,
1286 1704 1403 1789 inquit,
1432 1724 1496 1765 non
1517 1702 1662 1784 philoso-

349 1796 448 1877 phia,
484 1794 728 1877 adpetitione,
764 1806 818 1856 eut
840 1799 1067 1878 geometriae,
1105 1800 1303 1870 liternmmr
1335 1818 1398 1861 nou
1427 1796 1570 1878 pn'e'tice,
1608 1806 1662 1857 aut

351 1888 548 1971 geometria,
571 1886 693 1949 literae.
721 1887 834 1972 ltaque
853 1889 880 1951 si
902 1891 976 1973 quid
998 1894 1198 1954 vehementer
1219 1902 1251 1953 et
1272 1912 1342 1954 cum
1365 1910 1477 1975 magne
1499 1888 1662 1953 voluntate

351 1984 517 2054 volumus,
541 1980 676 2043 studium
698 1992 759 2043 est.
807 1981 930 2046 Deinde
950 1984 978 2046 si
998 1983 1048 2059 id,
1072 1986 1158 2069 quod
1180 1986 1345 2059 volumus,
1383 1984 1486 2067 aliqua
1508 2002 1550 2045 ex
1570 1991 1662 2063 parte

350 2078 595 2156 consequimur,
634 2074 760 2139 allectio
781 2086 840 2137 est.
885 2078 938 2139 Sin
960 2088 1063 2140 etitem
1084 2079 1172 2160 quod
1194 2078 1318 2159 plenum
1340 2088 1371 2140 et
1392 2076 1566 2159 perlectum
1592 2082 1703 2149 estat

350 2180 513 2244 tenemru,
544 2168 668 2230 habitus
695 2180 755 2230 est.
809 2168 905 2248 Quod
940 2170 966 2232 si
987 2172 1051 2235 hoc
1076 2170 1178 2251 ipsum
1197 2174 1336 2253 plenum
1363 2172 1488 2255 egendo
1510 2187 1661 2231 exercere

350 2263 567 2337 voluerimus,
590 2261 651 2324 erit
674 2260 786 2325 victus.
840 2262 888 2325 Its
910 2285 1003 2327 unum
1026 2266 1174 2349 qualitate
1196 2265 1318 2327 diversa
1340 2263 1372 2327 in
1393 2263 1490 2327 multa
1511 2262 1661 2327 attribute

351 2356 565 2417 convertitur.
1101 2353 1104 2357 ’

434 2448 626 2513 θοηεὶὶἰιωι
646 2461 698 2513 ent
718 2410 849 2533 aliquid
856 2449 1025 2539 feriendi
1040 2463 1103 2515 out
1121 2449 1357 2543 nonfaciendi
1370 2470 1450 2514 nero
1462 2450 1664 2534 excogitata

352 2542 460 2623 rotie]
489 2541 567 2605 Duo
589 2564 714 2624 semper
735 2555 819 2616 sunt,
842 2546 925 2606 nude
946 2546 1121 2607 durbitemus
1143 2556 1175 2607 et
1203 2546 1285 2607 unde
1307 2544 1469 2607 consilium
1491 2555 1551 2608 est.
1595 2542 1706 2609 Auttt
1819 2596 1826 2613 .

352 2637 433 2701 enim
463 2647 499 2697 ut
525 2634 677 2697 iaciemus
710 2635 843 2718 aliquid,
881 2639 1076 2721 queen-imum
1114 2648 1166 2700 mu
1197 2646 1233 2699 ut
1260 2656 1324 2701 non
1354 2636 1517 2701 sociemus.
1560 2636 1609 2699 lta
1631 2644 1663 2699 et

351 2726 458 2811 leges,
483 2749 566 2813 quae
588 2729 723 2793 oonsilio
743 2728 943 2805 scribuntur,
977 2732 1041 2793 duo
1062 2750 1187 2813 semper
1207 2731 1284 2793 haee
1304 2730 1485 2793 continenti
1518 2738 1572 2791 aut
1592 2724 1663 2791 lleri

350 2824 463 2887 iubent
494 2833 548 2883 ent
576 2821 648 2885 lieri
676 2822 857 2904 prohibent.
901 2825 964 2886 Sed
994 2824 1067 2907 quie
1096 2845 1191 2909 quum
1214 2826 1252 2887 de
1279 2842 1315 2886 re
1342 2822 1444 2907 aliquo
1466 2822 1661 2895 dubitemus,

351 2918 471 2979 ineerta
507 2918 659 2997 quaedem
689 2916 770 2980 ratio
802 2916 834 2979 in
866 2917 992 2998 ancipiti
1024 2918 1219 3001 cogitatione
1243 2928 1405 2989 versatum
1442 2924 1608 2999 postquam
1630 2912 1663 2976 id

351 3011 454 3092 ipsum
476 3008 641 3085 statueris,
678 3009 739 3074 erit
760 3011 940 3094 excogitate
962 3010 1063 3076 ratior
1087 3022 1119 3073 et
1139 3012 1211 3074 ideo
1233 3009 1438 3093 excogitato,
1461 3008 1533 3093 quie
1558 3008 1705 3081 fueratis

350 3105 411 3166 inm
434 3114 507 3165 ante
529 3102 753 3187 cogitationem
774 3106 878 3179 ratio,
903 3107 991 3188 quod
1010 3102 1190 3167 consilinm
1212 3113 1272 3165 est.

434 3201 541 3261 Foeta
562 3208 677 3259 aretem
697 3209 731 3261 et
752 3218 850 3261 eosne
876 3208 910 3261 et
927 3198 1101 3261 orotionee
1127 3196 1236 3259 triluce
1258 3218 1306 3260 eor
1320 3194 1529 3277 temporibus
1549 3194 1664 3259 conri-

351 3289 579 3369 temnuntur]
621 3291 674 3353 Ex
695 3290 744 3353 his
761 3312 889 3375 quoque
910 3312 973 3355 non
995 3289 1120 3354 minima
1142 3288 1319 3375 colligimus
1341 3300 1541 3373 argumento,
1565 3298 1602 3351 nt
1622 3290 1662 3355 de

350 3385 442 3447 lactis
462 3404 623 3465 personne
644 3396 829 3466 argumente
850 3385 1028 3466 capiamus,
1066 3388 1105 3448 de
1127 3383 1235 3460 dictis,
1266 3386 1303 3446 de
1326 3382 1395 3458 his,
1426 3402 1505 3465 quse
1527 3380 1555 3445 ei
1578 3380 1663 3445 aeci-

353 3480 487 3541 derunt:
509 3487 544 3537 nt
565 3478 727 3551 demerim,
751 3489 785 3540 ut
807 3479 954 3552 morbus,
978 3488 1012 3540 ut
1033 3477 1155 3544 orbitus
1176 3476 1350 3561 etreliqua
1371 3474 1495 3539 similia.
1539 3476 1661 3541 Verum
1674 3492 1708 3545 tn

352 3572 431 3634 haec
451 3590 513 3651 per
533 3568 613 3643 trie,
635 3570 753 3655 inquit,
775 3582 920 3652 ternpore
937 3573 1086 3633 deberem
1106 3570 1282 3652 inspicere;
1305 3582 1380 3632 tnnc
1398 3569 1478 3631 euim
1494 3572 1532 3633 de
1551 3570 1663 3633 futuro

354 3674 573 3747 argumentum
594 3686 760 3746 possumus
780 3667 907 3739 iecere,
931 3665 957 3728 si
978 3666 1019 3727 ite
1043 3675 1074 3728 et
1097 3678 1167 3728 ante
1189 3664 1286 3727 luisse
1308 3666 1494 3726 dooeemust
1515 3674 1552 3726 nt
1573 3674 1660 3743 puts,

355 3759 436 3839 Quin
457 3760 522 3822 hoe
542 3759 636 3832 fecit,
660 3762 723 3823 hoc
741 3759 835 3834 feeit,
860 3760 950 3821 etiem
972 3759 1035 3821 hoo
1055 3758 1196 3821 lecterius
1219 3770 1284 3821 ests
1307 3756 1386 3837 Qnie
1402 3757 1465 3819 hon
1477 3774 1588 3837 passus
1602 3766 1661 3831 est,

354 3852 417 3915 hoe
435 3852 574 3933 petitum,
597 3853 660 3914 hoc
681 3852 772 3915 etium
794 3873 945 3935 passurus
967 3864 1037 3916 est:
1082 3852 1172 3932 Quia¹
1187 3854 1248 3916 hoc
1271 3850 1367 3927 dixit,
1400 3850 1463 3913 hoe
1484 3848 1576 3926 dicit,
1599 3850 1664 3913 hoc

354 3945 444 4007 mern
467 3946 607 4007 dicturus
629 3958 690 4009 est.
735 3948 908 4031 Hucusque
931 3956 1032 4008 autern
1056 3946 1204 4009 attributa
1228 3964 1396 4028 personae.
1674 3961 1708 4013 ts

437 4042 491 4103 Ac
514 4040 674 4121 personis
706 4041 843 4125 quidem
875 4041 960 4103 doec
987 4040 1143 4103 videntur
1174 4060 1247 4103 enee
1267 4039 1447 4103 attributo.
1501 4035 1665 4119 Negotiis

355 4143 470 4195 ornem
500 4153 590 4215 quae
616 4134 992 4214 commmitteret]
1045 4134 1171 4215 Septem
1199 4145 1272 4197 eunt
1300 4132 1425 4217 quidem
1447 4134 1494 4212 (ut
1510 4128 1665 4209 diximus)

358 4226 526 4296 elementa,
559 4228 641 4288 unde
668 4227 770 4289 omnis
793 4225 1021 4311 argumentatio
1057 4226 1180 4308 capitur
1212 4228 1250 4289 nd
1278 4248 1368 4289 runem
1395 4244 1551 4310 quamque
1574 4242 1664 4299 rem3

357 4316 459 4399 Quis,
482 4317 582 4400 quid,
604 4340 686 4394 cur,
709 4320 857 4404 quando,
882 4320 959 4395 nbi,
982 4320 1277 4405 quemadmodem,
1301 4320 1421 4404 quidue
1435 4316 1664 4383 adminiculis.

358 4410 481 4471 Horum
504 4412 568 4474 drto
596 4411 695 4493 prima
719 4412 821 4476 omnin
843 4414 1016 4477 continent.
1061 4414 1148 4476 Nihil
1171 4423 1271 4477 entem
1296 4413 1378 4476 aliud
1400 4412 1580 4498 quaeritur,
1607 4406 1664 4473 nisi
1675 4424 1709 4477 tt

359 4502 424 4585 quis
445 4502 562 4565 fecerit
596 4517 628 4568 et
656 4506 730 4590 quid
757 4507 875 4569 factum
903 4509 955 4571 sit.
998 4509 1106 4591 Atque
1136 4509 1213 4570 haee
1237 4508 1305 4589 ipse
1328 4506 1445 4571 Cicero
1466 4502 1611 4588 propriis
1632 4512 1664 4567 et

428 4727 457 4781 9.
476 4722 604 4775 Studium
622 4731 666 4775 eet
685 4755 703 4767 -
722 4756 741 4767 -
759 4726 919 4796 oecrepatt'o]
938 4722 1105 4779 Excidernut
1124 4728 1193 4780 brec
1212 4744 1226 4781 e
1247 4728 1331 4803 Cepp.
1352 4726 1405 4783 On.

431 4802 475 4855 te.
491 4804 622 4869 poeticae
640 4830 657 4842 -
676 4830 695 4841 -
710 4801 838 4873 posttea]
866 4801 916 4855 cd.
936 4802 998 4854 Bes.
1020 4808 1082 4855 tec.
1100 4828 1139 4845 -
1154 4807 1283 4873 poetriae
1301 4834 1320 4849 -
1339 4838 1355 4851 .
1372 4810 1487 4874 possete
1501 4806 1573 4859 Ceti.
1593 4802 1665 4857 ann
1736 4761 1740 4782 ἢ

359 4872 457 4923 litem
477 4878 540 4928 Asc.
560 4890 610 4946 pro
629 4875 701 4927 cett.
722 4876 816 4929 litera.
838 4876 890 4931 Οι.

430 4950 477 5003 26.
495 4952 710 5016 cogitationem]
730 4950 781 5003 cd.
803 4954 861 5003 Bes.
882 4982 918 4997 -
936 4955 1067 5018 cogitata
1086 4948 1153 5003 Edd.
1175 4953 1229 5009 On.

430 5024 475 5081 33.
495 5020 546 5074 lece
557 5022 655 5093 sectr,
683 5029 769 5076 ettam
788 5024 853 5097 hoe]
879 5026 929 5080 cd.
950 5028 1011 5081 Bas.
1031 5048 1067 5085 =
1084 5024 1136 5079 doc
1154 5026 1230 5093 fnctt
1248 5034 1354 5094 ettam,
1374 5036 1401 5081 et
1419 5026 1469 5083 lene
1488 5026 1557 5083 ΕΜ.
1595 5028 1665 5085 For-

362 5111 427 5150 tuse
446 5095 498 5149 hoe
508 5098 611 5167 jecit,
629 5096 680 5149 lece
697 5105 792 5154 etiam.
812 5102 866 5154 On.

431 5178 478 5235 38.
497 5190 580 5225 unam
599 5178 743 5243 quemque]
764 5174 832 5229 Cod.
852 5178 916 5230 Bas.
941 5206 971 5218 -
992 5194 1175 5249 quamcunque
1195 5176 1264 5233 ΒΜ.
1284 5180 1337 5233 On.
