4434 5959
558 566 599 651 ao
1017 590 1306 657 vicaomuns

558 722 608 792 'vel
620 729 723 803 nocte,
742 726 794 791 aut
804 729 835 792 in
846 730 935 793 horis
949 731 999 793 rel
1013 732 1092 793 hora
1108 732 1159 795 rel
1173 736 1343 795 momento.
1366 732 1494 795 Verum
1505 734 1567 797 hoc
1582 744 1703 817 tempus
1716 745 1862 799 nostrum

557 822 736 904 philosophi
751 823 780 883 in
794 824 857 885 duro
870 832 1012 903 tempora
1026 823 1218 899 diviserunt3
1233 826 1260 888 in
1271 826 1472 907 praeteritum
1486 838 1516 888 et
1527 826 1679 890 futurum.
1703 830 1866 893 Praesens

558 927 658 976 autem
673 935 742 976 csse
757 928 969 996 negaverunt:
985 920 1073 1000 qirod
1085 916 1118 978 in
1127 938 1182 990 eo,
1197 920 1282 1002 quod
1294 938 1440 999 praesens
1457 918 1601 995 dicimus,
1626 920 1653 982 si
1667 922 1740 1001 quiid
1751 920 1812 983 iam
1822 944 1866 985 ex

555 1021 645 1091 parte
667 1008 771 1093 aliqua
793 1009 974 1073 conlectum
989 1021 1052 1085 est,
1076 1011 1278 1092 praeteritum
1301 1012 1360 1084 sit;
1382 1011 1409 1073 sl
1425 1011 1499 1094 quaid
1518 1032 1594 1075 mox
1608 1014 1717 1093 perlici
1731 1016 1861 1091 habeat,

531 1103 692 1165 sluturum
723 1102 774 1163 sit.
833 1103 882 1166 Ita
910 1103 1086 1185 Virgilius:
1124 1105 1223 1182 (Aen.
1254 1105 1282 1167 l.
1317 1104 1409 1181 234.)
1463 1108 1531 1167 Tot
1559 1104 1628 1167 ἰαιη
1655 1108 1865 1171 volventibus

555 1194 671 1271 annis3
693 1196 779 1276 quod
804 1196 884 1257 enim
914 1198 1071 1271 volvitur,
1111 1216 1174 1259 non
1202 1206 1285 1258 stat:
1323 1199 1409 1279 quand
1430 1217 1493 1260 non
1523 1209 1602 1272 stat,
1626 1218 1773 1279 praesens
1797 1220 1865 1263 non

559 1288 720 1351 habetur..
760 1289 914 1353 Oratores
936 1303 1035 1353 autem
1067 1301 1188 1370 tempus
1219 1298 1359 1352 nostrmn
1386 1288 1417 1351 in
1444 1288 1502 1351 tria
1527 1300 1670 1371 tempora
1696 1290 1862 1354 dividunt:

555 1380 778 1462 praeteritum,
801 1400 951 1461 praesens
973 1392 1004 1443 et
1025 1381 1178 1443 sutanum.
1221 1382 1273 1445 Ac
1294 1380 1493 1461 praeteritum
1512 1392 1635 1463 tempus
1653 1382 1683 1445 in
1700 1381 1758 1444 tria
1781 1395 1863 1447 tem·

494 1528 498 1535 .
554 1494 634 1555 pora
654 1473 813 1544 dividunt;
847 1471 877 1533 in
898 1472 975 1533 illud
996 1483 1118 1553 tempus
1144 1485 1232 1536 vetus
1256 1484 1348 1555 atque
1370 1474 1549 1537 obsoletum
1569 1486 1601 1537 et
1618 1476 1859 1559 perantiquum,

515 1566 666 1627 todeinde
693 1565 722 1626 in
747 1565 844 1639 illud,
872 1566 975 1645 qtiod,
998 1564 1073 1627 licet
1097 1578 1186 1629 vetus
1212 1566 1252 1629 sit
1274 1577 1305 1629 et
1332 1578 1481 1630 anostra
1508 1568 1656 1631 memoria
1681 1583 1858 1649 remotum,

554 1657 707 1722 tamenin
731 1659 827 1721 literis
850 1659 1056 1733 continetur-3·
1077 1671 1241 1741 postremo
1262 1658 1294 1722 in
1315 1660 1408 1737 illud,
1433 1663 1518 1744 quod
1541 1672 1660 1745 gestum
1687 1674 1734 1725 est
1758 1684 1862 1745 niipcr

553 1763 585 1815 st
606 1752 691 1814 cuim
713 1754 751 1814 de
766 1750 815 1813 his
834 1751 888 1835 qui
907 1751 1018 1813 vivamt
1038 1754 1181 1838 plerique
1198 1754 1415 1817 meminerunt.
1461 1755 1615 1819 Praesens
1633 1775 1710 1818 vero
1735 1767 1859 1839 tempus

551 1843 583 1906 in
599 1847 662 1908 duro
681 1844 839 1917 dividunt,
869 1845 899 1907 in
925 1865 1073 1926 praesens
1099 1857 1131 1909 et
1153 1847 1250 1929 inagis
1272 1868 1434 1937 praesens.
1477 1846 1584 1931 Magis
1607 1868 1755 1928 praescus
1777 1862 1859 1912 tem·

552 1959 611 2019 pus
634 1949 699 2011 cst,
730 1948 783 2000 ut:
814 1940 934 2014 Nunc,
965 1960 1053 2001 nunc
1079 1939 1247 2023 insurgite
1273 1941 1395 2004 remise
1432 1940 1567 2024 (Virgil.
1589 1943 1676 2004 Aen.
1699 1942 1744 2003 V.
1770 1942 1860 2021 189.)

510 2031 627 2095 ttlloc
655 2040 719 2105 est,
758 2032 845 2113 quod
873 2031 933 2093 ait:
960 2034 1006 2095 Et
1039 2032 1120 2095 item
1145 2054 1232 2117 patae
1260 2034 1385 2098 instent
1412 2034 1448 2097 in
1474 2034 1671 2115 praesentio
1698 2046 1732 2097 et
1754 2056 1861 2119 quum

552 2123 701 2185 maxime
715 2122 826 2201 fiarrt.
884 2123 1007 2187 lustaus
1035 2124 1115 2188 enim
1149 2138 1272 2206 tempus
1306 2147 1453 2209 praesens
1480 2138 1545 2198 est,
1583 2137 1617 2189 ut
1647 2125 1689 2189 ait
1713 2126 1794 2191 liano
1819 2130 1861 2191 ad

551 2216 733 2293 Iuturnam,
767 2238 862 2300 qurum
884 2218 943 2280 iam
963 2217 1031 2281 fata
1052 2220 1195 2280 Turnum
1218 2229 1380 2283 tenerent:
1404 2221 1515 2302 Atque
1536 2218 1741 2283 instantibus
1764 2220 1860 2303 eripe

540 2306 653 2400 satis.
696 2312 797 2385 (Aen.
811 2311 859 2372 X.
874 2311 964 2390 624.)
999 2310 1145 2393 Denique
1161 2323 1196 2373 ut
1210 2312 1342 2376 sciamus
1357 2312 1438 2375 illam
1458 2311 1633 2392 praesentia
1649 2312 1712 2375 lata
1727 2310 1856 2389 dixisse,

552 2403 666 2466 addidit
686 2414 796 2485 postea
819 2415 951 2485 tempus,
969 2409 1056 2489 quod
1076 2406 1175 2489 magis
1190 2428 1337 2488 praesens
1360 2417 1461 2469 esset:
1484 2405 1626 2489 Siquid
1639 2406 1858 2488 praesentius

509 2499 668 2567 summes.
711 2499 812 2578 (Aen.
834 2499 917 2561 Xll.
943 2499 1030 2577 152.)
1058 2500 1231 2564 ¹Praesens
1253 2520 1332 2584 crgo
1354 2511 1473 2581 tempus
1492 2502 1555 2561 duo
1572 2508 1715 2579 tempora
1739 2498 1858 2561 habere

551 2592 713 2668 dixerant,
744 2612 892 2675 praesens
914 2604 945 2654 et
967 2591 1065 2676 magis
1089 2614 1250 2673 praeseus.
1301 2594 1454 2657 Futurum
1475 2603 1575 2655 autem
1599 2601 1721 2672 tempus
1743 2588 1772 2652 in
1793 2590 1857 2655 duo

551 2685 740 2761 diviserunt3
774 2686 805 2747 in
828 2684 916 2747 ocius
938 2694 971 2746 et
991 2684 1110 2757 serins;
1143 2686 1262 2763 idest,
1296 2685 1394 2761 inid,
1427 2688 1513 2770 quod
1531 2704 1607 2747 mox
1628 2683 1766 2745 futurum
1788 2695 1854 2758 est,

551 2790 582 2842 et
603 2778 636 2841 in
657 2778 706 2855 id,
747 2781 834 2863 quod
862 2776 980 2841 tardius
1001 2777 1138 2841 futurum
1161 2790 1221 2841 est.
1272 2780 1381 2862 Atque
1409 2779 1488 2840 haec
1515 2777 1574 2839 tria
1611 2785 1754 2857 tempora
1783 2795 1855 2837 cum
1876 2774 1904 2789 ”

549 2872 690 2955 partibus
711 2873 776 2934 suis
796 2869 899 2934 hicio
922 2873 985 2933 hoc
1005 2870 1177 2948 attribut03
1215 2874 1302 2956 quod
1323 2874 1361 2934 dc
1382 2883 1526 2953 tempore
1548 2880 1618 2945 est,
1642 2866 1855 2933 continentur.

507 2975 539 3026 ts
631 2968 679 3029 Et
699 2964 780 3027 item
798 2964 1022 3028 ccmmwtiter
1046 2964 1083 3026 in
1105 2978 1255 3049 tempore
1272 2964 1509 3049 perspiciendo
1531 2961 1761 3045 longinquitas
1782 2962 1858 3026 eius

549 3070 600 3124 est
627 3058 890 3137 consideranda]
933 3059 1073 3139 Tempus
1102 3079 1171 3121 csse
1203 3058 1336 3121 diximus
1372 3058 1528 3142 spatium,
1562 3057 1647 3141 quod
1676 3055 1708 3117 iu
1746 3057 1853 3131 annis,

549 3152 724 3228 mensibus,
745 3148 876 3225 diebus,
900 3152 1044 3215 noctibus
1068 3152 1219 3236 horisque
1244 3164 1400 3217 versetur.
1456 3152 1495 3213 In
1517 3152 1595 3223 hoc,
1616 3147 1735 3232 inquit,
1766 3168 1856 3213 cotu-

549 3248 684 3309 muniter
708 3257 852 3326 tempore
878 3243 1139 3328 longinquitatem
1171 3246 1237 3308 citas
1270 3247 1417 3308 debemus
1439 3243 1614 3326 inspicere:
1648 3241 1679 3303 in
1702 3262 1761 3321 qua
1783 3242 1856 3305 lon·

550 3334 1855 3423 gioquitateduooportetattendereautruminillospatiohuiusnegotlimagnitudo

507 3434 689 3514 topotuerit
709 3432 833 3513 impleri
855 3442 886 3494 et
905 3444 1009 3495 utrum
1027 3442 1077 3494 tot
1096 3431 1188 3494 simul
1207 3452 1259 3493 res
1280 3430 1441 3512 potuerint
1465 3427 1557 3493 effici.
1601 3426 1698 3507 Quod
1719 3427 1799 3491 enim
1811 3428 1855 3502 ,in

548 3526 644 3589 rebus
666 3526 789 3587 difficile
811 3537 876 3601 est,
900 3537 952 3588 ant
973 3546 1104 3589 numero
1126 3535 1179 3587 aut
1202 3523 1412 3609 magnitudine
1434 3522 1474 3585 sit
1495 3540 1621 3584 necesse
1643 3531 1704 3583 est.

632 3620 774 3685 Occasio
796 3631 848 3682 est
865 3631 979 3681 atatem
988 3640 1075 3702 pars
1089 3619 1270 3702 temporis,
1293 3618 1419 3680 habens
1432 3616 1467 3679 in
1481 3634 1515 3678 se
1529 3610 1675 3676 alicuius
1700 3610 1752 3675 rei
1775 3610 1853 3678 ido·

548 3734 647 3776 neam
662 3711 829 3805 faciendi
855 3724 916 3775 aut
944 3734 1012 3776 non
1031 3708 1199 3802 faciendi
1224 3710 1528 3795 opportunitatem]
1571 3708 1608 3771 In
1631 3704 1684 3767 illa
1707 3726 1853 3771 mensura

546 3808 698 3889 temporis
720 3828 761 3870 ex
782 3816 869 3869 motu
886 3807 964 3868 caeli
982 3806 1066 3868 lacta
1097 3827 1138 3869 ex
1160 3806 1279 3869 actibus
1301 3804 1419 3868 nostris
1444 3805 1493 3866 vel
1519 3802 1617 3886 ipsius
1643 3798 1748 3861 tuundi
1773 3821 1854 3883 qua-

505 3899 617 3963 tslitas
652 3900 843 3982 proveniens
877 3899 1075 3965 occasionem
1102 3899 1187 3983 parit
1214 3900 1348 3963 faciendi
1379 3898 1496 3981 aliquid
1524 3897 1575 3959 vel
1603 3914 1667 3957 non
1703 3894 1852 3960 faciendi.

547 3992 585 4058 ln
599 4006 743 4075 tempore
764 3992 846 4057 enim
868 4002 1015 4057 mensura
1035 4016 1072 4057 ac
1092 3994 1227 4077 spatium
1249 3992 1485 4056 consideratur:
1509 3990 1539 4053 in
1562 3986 1730 4052 occasione
1752 3988 1855 4070 quali-

546 4098 594 4151 tas
616 4087 785 4169 temporis,
820 4108 861 4150 ex
888 4108 948 4171 qua
982 4087 1204 4167 opportunitas
1237 4087 1375 4149 nascitur
1407 4081 1539 4147 faciendi
1571 4077 1686 4163 aliquid
1715 4083 1765 4145 vel
1787 4104 1852 4149 non

546 4182 693 4246 faciendi.
736 4184 811 4246 Hoc
826 4182 933 4264 itaque
952 4180 1033 4244 inter
1053 4202 1088 4243 se
1102 4182 1217 4243 distant
1238 4192 1361 4260 tempus
1383 4189 1415 4241 et
1437 4175 1587 4241 occasioz
1612 4194 1728 4259 genere
1748 4191 1852 4243 aunem

545 4276 654 4340 similis
676 4289 759 4340 sunt.
803 4277 925 4339 Verum
944 4276 1023 4339 haec
1043 4274 1191 4351 occasio,
1224 4272 1430 4347 utdiximus,
1455 4270 1637 4335 exactibus
1660 4270 1775 4333 nostris
1799 4274 1852 4337 rel

503 4370 642 4452 tuipsius
664 4370 769 4433 mundi
790 4370 871 4452 parit
892 4370 983 4434 nobis
1004 4370 1044 4431 ad
1064 4367 1181 4451 aliquid
1203 4366 1486 4449 opportunitatem.
1529 4366 1650 4431 Verum
1664 4362 1743 4425 haec
1757 4386 1851 4431 occa·

545 4463 593 4525 sio
616 4463 667 4525 vel
689 4461 909 4545 opportunitas
930 4462 962 4525 in
983 4461 1045 4525 tria
1067 4482 1184 4546 genera
1206 4459 1419 4537 distribuitur,
1453 4459 1628 4542 publicum,
1659 4480 1849 4535 commune,

545 4557 716 4640 singulare.
770 4557 935 4620 Publicum
958 4569 1028 4632 est,
1057 4555 1178 4641 inquit,
1213 4556 1298 4639 quod
1331 4556 1487 4618 adlatam
1516 4554 1653 4635 pertinet
1674 4553 1851 4629 ciritatcm3

544 4650 571 4711 si
593 4662 646 4712 aut
667 4649 781 4712 bellum
803 4650 843 4712 sit
864 4663 917 4712 aut
938 4651 1001 4713 ludi
1023 4661 1075 4713 aut
1096 4648 1209 4732 aliquis
1232 4648 1296 4711 dics
1317 4647 1429 4711 festus.
1473 4647 1512 4709 ln
1527 4648 1585 4708 hac
1603 4646 1709 4731 itaque
1724 4647 1851 4728 publica

546 4744 711 4807 occasione
732 4756 780 4806 est
800 4744 1022 4825 opportunitas
1046 4743 1162 4828 aliquid
1183 4740 1316 4805 faciendi
1339 4741 1389 4805 vel
1412 4760 1474 4804 nou
1496 4739 1643 4803 faciendi.
1675 4738 1852 4809 Commune

503 4849 608 4916 esest,
636 4836 754 4922 inquit,
789 4840 876 4923 quod
897 4859 938 4900 ex
959 4836 1081 4901 actibus
1103 4836 1207 4899 muudi
1229 4835 1394 4918 provesin
1424 4846 1456 4897 ut
1478 4832 1504 4897 si
1526 4832 1640 4928 messis·
1656 4833 1717 4911 sit,
1739 4838 1847 4915 calor,

616 5059 644 5113 9·
663 5070 700 5109 ω
718 5064 800 5109 vetus
819 5056 970 5107 obsoletum
989 5055 1038 5110 cd.
1058 5058 1120 5111 Bas.

618 5134 663 5192 ¹6.
682 5134 725 5199 ut]
764 5132 816 5187 cd.
834 5134 898 5187 Bn-
917 5134 980 5226 Ate.
1000 5161 1037 5175 -
1055 5132 1230 5231 puttmacett.
1250 5130 1303 5185 Oa.
