4434 5959
567 595 628 659 26⁶
1010 601 1053 667 C.
1076 602 1232 672 IULIUS
1254 599 1436 669 VICTOR

567 764 630 827 ego
657 740 724 807 scio
754 743 905 827 quosdam
932 744 1120 825 spectaculis
1148 757 1200 807 ant
1229 743 1386 809 conviviis
1413 752 1466 805 aut
1493 740 1548 805 tibi
1577 739 1702 805 minime
1729 740 1877 805 convenit

567 834 741 899 doctrinam
761 849 853 919 atque
872 836 1046 899 facundiam
1073 838 1254 912 venditare,
1278 848 1332 899 aut
1354 835 1592 917 rempublicam
1614 846 1772 918 strepere.
1820 837 1879 897 llli·

566 928 648 1019 nime
670 941 799 1011 oportet
823 934 925 993 vinum
948 934 986 993 de
1009 931 1127 1011 poculo
1149 931 1179 994 in
1214 953 1350 995 mensam
1379 930 1529 993 instillare
1556 930 1651 1011 idque
1677 929 1816 1009 digitulo
1836 930 1880 988 di·

566 1025 682 1086 ducere
712 1022 744 1085 in
774 1024 881 1086 lineas.
937 1023 1025 1085 Mala
1063 1023 1121 1085 ista
1143 1026 1222 1089 satio
1245 1026 1276 1089 io
1305 1024 1455 1087 convivio
1479 1025 1606 1106 garrula
1637 1043 1674 1083 ac
1695 1042 1754 1101 per
1778 1022 1878 1082 einim

541 1116 702 1181 sdiserta:
737 1130 768 1180 et
788 1116 856 1179 fere
880 1116 985 1179 rideas
1011 1117 1065 1200 qui
1086 1116 1163 1180 sicci
1185 1140 1222 1181 ac
1243 1118 1341 1182 sobrii
1365 1117 1440 1179 nibil
1462 1130 1552 1192 sient,
1585 1137 1644 1179 eos
1664 1116 1808 1177 madidos
1826 1114 1880 1175 lei·

568 1210 699 1295 guttire.
744 1212 788 1274 Et
809 1222 987 1291 temporum
1017 1209 1074 1272 tibi
1100 1232 1174 1273 cura
1196 1211 1253 1285 sit,
1287 1233 1324 1273 ne
1345 1212 1375 1275 iu
1403 1213 1500 1273 rebus
1532 1208 1676 1272 tristibus
1705 1211 1811 1281 laeta,
1847 1228 1879 1268 ne

567 1304 598 1367 in
626 1303 809 1367 laetioribus
840 1304 939 1367 tristia
963 1305 1155 1367 introducas.
1201 1305 1244 1367 I·li
1265 1318 1337 1367 sunt
1366 1304 1466 1377 enirn,
1504 1325 1586 1386 otios
1609 1302 1727 1366 Cicero
1758 1303 1879 1380 ineptos

566 1410 682 1474 vocat,
719 1398 773 1482 qiii
804 1419 904 1483 neqrre
938 1398 991 1461 ubi
1029 1418 1087 1461 nec
1109 1401 1235 1480 quando
1262 1422 1322 1462 nec
1343 1420 1413 1460 curn
1437 1400 1552 1481 ortibus
1569 1397 1753 1460 fabulentur
1776 1395 1880 1457 existi·

566 1503 669 1568 mant,
707 1514 765 1555 nec
793 1491 956 1577 quiamdiu,
991 1512 1048 1553 nec
1077 1494 1252 1576 quomodo.
1306 1492 1426 1555 Partim
1450 1495 1520 1572 plus
1549 1490 1703 1553 cachinno
1733 1488 1881 1551 intertur-

525 1587 642 1647 ttbant
663 1606 754 1669 quiam
779 1586 885 1649 verbis
909 1584 1084 1666 explicant,
1113 1587 1210 1647 rerba
1233 1586 1421 1657 concidunt,
1453 1584 1591 1663 syllabas
1615 1585 1811 1654 obscurant,
1835 1580 1880 1641 lit·

564 1690 648 1742 teras
671 1690 704 1741 ut
729 1678 818 1743 furto
842 1678 1001 1741 cirferunt.
1057 1679 1210 1762 Loquere
1241 1691 1442 1758 opportune,
1467 1679 1617 1749 honeste,
1641 1676 1780 1747 Latine,
1806 1674 1880 1735 dilu-

523 1778 529 1787 '
564 1770 645 1846 cide,
662 1771 796 1854 placide,
821 1772 916 1853 plano
935 1792 1003 1845 ore,
1030 1770 1118 1832 vultu
1134 1770 1254 1853 quieto,
1279 1771 1417 1834 clamore
1433 1770 1532 1846 nrillo,
1550 1770 1617 1833 sine
1627 1769 1796 1845 cachinno,
1820 1770 1880 1831 sine

565 1865 633 1929 aliis
657 1864 773 1929 notatis
795 1888 904 1945 supra.
950 1866 1087 1927 Multum
1110 1866 1148 1925 ad
1169 1865 1322 1927 sermonis
1346 1864 1533 1947 elegantiam
1560 1866 1726 1927 conferent
1755 1884 1880 1926 comoe-

565 1957 634 2021 diae
649 1970 772 2019 veteres
784 1968 815 2019 et
834 1968 962 2041 togatae
975 1968 1005 2019 et
1018 1958 1214 2020 tabernariae
1230 1970 1260 2019 et
1273 1958 1438 2021 Atellanae
1452 1958 1578 2021 fabulae
1592 1970 1624 2021 et
1639 1958 1878 2028 inimcfabulaer

524 2050 698 2119 tsmnltmn
721 2050 814 2113 etiam
837 2051 988 2132 epistolae
1012 2062 1154 2125 veteres,
1178 2050 1209 2113 io
1232 2050 1341 2133 primis
1364 2051 1543 2115 'l'ullianae.

862 2216 868 2225 ⁸
962 2228 1117 2293 xxvlt.
1140 2228 1204 2293 DE
1228 2229 1487 2293 EPISTOLIS.

650 2346 804 2428 Epistolis
834 2346 1025 2412 conveniunt
1057 2350 1151 2413 multa
1188 2370 1318 2424 eorum,
1358 2370 1440 2430 qliae
1470 2352 1508 2411 de
1537 2370 1682 2415 sermone
1712 2360 1877 2433 praerepta

565 2453 650 2507 sunt.
696 2441 913 2525 Epistolnrum
939 2443 1060 2524 species
1086 2443 1204 2525 duplex
1231 2454 1289 2506 est.
1342 2444 1423 2505 Sunt
1449 2442 1530 2506 enim
1556 2456 1609 2506 airt
1631 2446 1812 2523 negotiales
1833 2454 1878 2504 aut

564 2534 748 2600 familiares.
807 2536 992 2619 Negotiales
1017 2548 1089 2600 sitnt
1121 2550 1308 2619 argumento
1339 2537 1507 2622 negotioso
1536 2550 1566 2600 et
1596 2539 1699 2623 gravi.
1760 2540 1799 2603 ln
1823 2540 1877 2600 boc

522 2640 554 2689 at
566 2651 683 2715 genere
707 2640 738 2693 et
761 2630 985 2692 sententiarum
1018 2631 1158 2712 pondera
1185 2640 1215 2691 et
1235 2632 1405 2693 verborum
1431 2630 1544 2691 lrimina
1564 2643 1594 2691 et
1614 2631 1792 2714 figurarum
1812 2629 1877 2693 insi·

565 2724 637 2809 goia
661 2722 839 2805 compendii
868 2744 967 2805 opera
994 2723 1199 2804 requiruntur
1224 2734 1317 2804 atque
1344 2722 1447 2786 omnia
1472 2723 1605 2808 denique
1625 2725 1772 2787 oratoria
1792 2744 1877 2805 prae·

564 2829 674 2902 cepta,
710 2839 769 2880 uua
795 2819 888 2879 modo
909 2817 1115 2899 exceptione,
1155 2828 1188 2877 ut
1211 2815 1327 2900 aliquid
1350 2820 1387 2879 de
1412 2818 1540 2879 summis
1558 2816 1659 2898 copiis
1681 2819 1877 2878 detrahamus

564 2924 596 2976 et
622 2910 796 2976 orationem
819 2910 969 2993 proprius
987 2931 1091 2973 sermo
1111 2909 1260 2991 explicet.
1305 2911 1338 2973 Si
1358 2910 1432 2994 quid
1455 2911 1638 2974 historicum
1654 2911 1793 2991 epistola
1809 2930 1878 2973 coo·

564 3006 791 3089 prehenderis,
827 3003 976 3067 declinari
1006 3014 1135 3085 oportet
1164 3024 1180 3064 a
1210 3003 1301 3084 plena
1332 3002 1467 3066 formula
1487 3004 1654 3079 historiae,
1692 3026 1732 3067 ne
1758 3008 1877 3067 recedat

521 3100 604 3161 asab
627 3098 780 3180 epistolae
797 3096 912 3182 gratia.
957 3097 989 3160 Si
1007 3096 1081 3180 quid
1096 3095 1188 3159 etiam
1214 3097 1367 3160 eruditius
1384 3100 1523 3172 scribas,
1548 3098 1594 3160 sie
1619 3099 1765 3179 disputa,
1790 3108 1825 3159 ut
1844 3116 1876 3157 ne

565 3193 690 3255 modum
720 3192 874 3272 epistolae
903 3210 1103 3272 corrumpas.
1163 3190 1201 3252 In
1229 3190 1436 3253 familiaribus
1468 3191 1581 3254 litteris
1603 3191 1706 3273 primo
1740 3190 1876 3253 brevitas

565 3286 783 3349 observanda:
807 3284 944 3366 ipsarum
972 3304 1101 3368 quoque
1128 3284 1350 3346 sententiarum
1369 3306 1408 3348 ne
1433 3285 1483 3346 diu
1505 3284 1772 3357 circumferatur,
1797 3284 1876 3369 qnod

566 3376 650 3441 Cato
673 3376 733 3454 ait,
757 3377 916 3453 ombili05
936 3380 991 3441 sed
1007 3378 1048 3439 ita
1070 3375 1269 3449 recidantur,
1295 3388 1329 3438 ut
1351 3400 1506 3460 nunquam
1527 3379 1615 3440 rcrbi
1636 3378 1754 3461 aliquid
1776 3382 1875 3441 deesse

566 3468 731 3534 rideatur:
768 3492 862 3533 unum
886 3483 916 3533 te
941 3470 1081 3545 scilicet,
1113 3472 1199 3554 quod
1222 3468 1430 3553 intelligentia
1450 3472 1657 3552 suppleatur,
1682 3470 1712 3533 in
1736 3470 1874 3552 epistolis

521 3573 554 3623 tt
568 3560 721 3625 Tullianis
742 3564 783 3625 ad
802 3564 942 3628 Atticum
969 3574 999 3627 et
1020 3562 1138 3626 Axium
1165 3563 1450 3647 frequentissimum
1472 3576 1529 3629 est.
1573 3566 1690 3626 Lucem
1715 3585 1797 3627 vero
1815 3561 1875 3643 epi·

566 3653 657 3718 stolis
684 3656 889 3739 praefulgere
915 3668 1062 3738 oportet,
1097 3656 1156 3719 nisi
1189 3678 1284 3741 quum
1316 3658 1465 3720 consulto
1498 3658 1632 3721 consilio
1667 3657 1875 3720 clandestinae

564 3748 687 3813 litterae
706 3748 804 3825 flant,
828 3772 909 3833 quae
930 3762 1032 3814 tamon
1058 3750 1101 3814 ita
1128 3749 1242 3814 ceteris
1264 3751 1407 3815 occultae
1429 3772 1499 3813 esse
1524 3753 1660 3823 debent,
1693 3763 1727 3812 ut
1749 3752 1821 3823 bis,
1841 3752 1875 3809 sd

564 3862 646 3926 qnos
670 3841 844 3919 mittuntur,
873 3845 976 3907 clarae
999 3843 1248 3927 perspicuaeque
1271 3843 1345 3907 sint.
1391 3846 1502 3909 Solent
1525 3844 1616 3907 etism
1639 3856 1729 3908 notas
1748 3842 1876 3905 intes-se

565 3934 754 3999 secretiores
773 3936 911 4019 pacisci,
942 3940 1029 4022 qirod
1051 3948 1082 4002 et
1105 3938 1227 4003 Caesar
1252 3950 1283 4000 et
1309 3938 1476 4022 Augustus
1499 3951 1530 4000 et
1547 3938 1665 4002 Cicero
1688 3950 1720 4001 et
1742 3938 1798 4000 alii
1813 3937 1876 4017 ple·

520 4028 656 4113 serique
681 4029 837 4094 fecerunt.
897 4030 1046 4097 Ceterum
1078 4052 1173 4113 qurum
1208 4032 1395 4095 abscondito
1426 4032 1500 4093 nibil
1527 4051 1609 4115 opus
1639 4042 1705 4108 est,
1740 4031 1874 4094 cavenda

565 4124 743 4188 obscuritas
767 4126 864 4210 magis
887 4146 979 4207 quarn
1002 4124 1034 4187 iu
1061 4124 1206 4189 oratione
1235 4135 1287 4186 aut
1317 4124 1347 4187 io
1381 4124 1640 4188 sermocinando:
1678 4134 1773 4205 potes
1799 4122 1873 4185 eninr

563 4240 674 4302 parum
695 4220 789 4301 plane
812 4220 992 4304 loquentem
1015 4240 1153 4301 rogare,
1178 4230 1212 4282 ut
1232 4217 1264 4281 id
1285 4218 1405 4300 planius
1423 4219 1526 4295 dicat,
1550 4220 1637 4303 qrtod
1654 4218 1684 4280 in
1704 4217 1873 4279 absentium

565 4309 709 4392 epistolis
731 4332 795 4375 non
818 4316 920 4376 datur.
975 4314 1019 4377 Et
1047 4312 1118 4377 idco
1141 4334 1199 4375 nec
1221 4311 1353 4376 historia
1378 4311 1536 4376 occultior
1556 4314 1695 4375 addenda
1723 4332 1781 4373 nee
1803 4330 1873 4391 pro·

463 4475 470 4485 ·
566 4404 707 4467 verbimn
729 4403 872 4489 ignotius
894 4418 947 4469 aut
970 4406 1100 4469 verbum
1124 4403 1276 4469 curiosius
1298 4416 1352 4468 orit
1373 4404 1474 4487 figura
1498 4404 1658 4487 putidior:
1682 4426 1785 4489 neque
1806 4407 1872 4466 duro

482 4514 484 4519 ·
522 4498 555 4547 *θ
566 4508 745 4576 amputatae
767 4500 913 4562 brevitati
933 4501 1061 4574 studes,
1087 4499 1264 4561 dimidiatae
1285 4499 1456 4562 sententiae
1478 4498 1519 4561 sit
1541 4497 1749 4582 intelligentia
1772 4496 1872 4581 rcqrri·

564 4592 681 4667 reuda,
719 4613 777 4655 nec
798 4591 948 4656 dilatione
972 4594 1142 4656 verborum
1161 4604 1192 4655 et
1210 4590 1305 4655 anxio
1323 4589 1464 4654 struendi
1489 4592 1600 4653 labore
1625 4592 1680 4653 lux
1701 4591 1871 4655 obruenda.

1790 4690 1870 4703 ...υ-ιο·

636 4731 661 4779 l.
680 4732 755 4793 scts'o]
775 4734 810 4779 lta
828 4735 889 4781 Cod.
917 4734 958 4783 lb.
979 4734 1012 4779 lta
1031 4734 1092 4780 cos.
1108 4749 1153 4789 pro
1170 4735 1296 4793 epietulis.
1321 4735 1438 4781 Nimirum
1452 4736 1495 4780 bor
1508 4737 1647 4781 rorabnlunr
1659 4738 1683 4781 in
1697 4739 1814 4796 seqnicris
1826 4747 1871 4779 esst

702 4804 824 4847 codicibus
848 4805 988 4858 (cniosrnodi
1009 4810 1043 4849 est
1062 4804 1132 4849 boios
1151 4805 1284 4849 rhetoricae
1303 4804 1395 4857 Codsxl
1425 4806 1539 4849 scribitur
1557 4807 1674 4850 interdum
1693 4821 1735 4859 pce
1752 4819 1782 4858 ος
1811 4810 1832 4848 et
1851 4817 1871 4844 ts

703 4874 869 4918 vetustissimis
888 4874 1008 4919 codicibus
1021 4880 1043 4919 et
1057 4874 1078 4918 ln
1098 4875 1213 4929 lapidibus
1226 4880 1362 4920 constanter
1381 4888 1422 4929 per
1441 4889 1465 4923 ιι.
1488 4875 1529 4920 ll.
1544 4877 1604 4919 Cot.
1618 4878 1757 4935 negotiose.
1781 4874 1823 4921 29.
1841 4870 1870 4927 tel

703 4941 738 4987 lte
755 4943 815 4987 Coit.
853 4942 895 4989 ll.
917 4943 951 4987 lta
969 4943 1029 4989 Cod.
1052 4964 1080 4977 -
1100 4946 1135 4987 Λι
1154 4941 1319 4988 ducentiens?
1337 4943 1384 4988 Os.

567 5152 610 5201 Η
640 5072 668 5127 d.
690 5070 727 5123 Ur
749 5071 796 5126 llls
816 5070 895 5125 milet
916 5069 987 5145 sputl
1006 5070 1088 5129 Oetd.
1108 5089 1152 5147 ep.
1170 5074 1299 5148 Penelop.
1326 5075 1358 5127 ll.
1377 5078 1421 5134 52.
1444 5078 1546 5143 pinpet
1565 5082 1595 5125 et
1613 5076 1719 5142 αἱμα
1738 5074 1868 5141 Perperna

581 5162 629 5197 oa
649 5162 734 5199 meror
