<?xml version="1.0" encoding="UTF-8"?>
<!DOCTYPE html PUBLIC "-//W3C//DTD XHTML 1.0 Transitional//EN"
    "http://www.w3.org/TR/xhtml1/DTD/xhtml1-transitional.dtd">
<html xmlns="http://www.w3.org/1999/xhtml" xml:lang="en" lang="en">
 <head>
  <title>
</title>
<meta http-equiv="Content-Type" content="text/html;charset=utf-8" />
  <meta name='ocr-system' content='tesseract 3.04.00' />
  <meta name='ocr-capabilities' content='ocr_page ocr_carea ocr_par ocr_line ocrx_word'/>
</head>
<body>
  <div class='ocr_page' id='page_1' title='image "./operaquaesupers09halmgoog_0308.png"; bbox 0 0 4434 5959; ppageno 0'>
   <div class='ocr_carea' id='block_1_1' title="bbox 593 583 1366 673">
    <p class='ocr_par' dir='ltr' id='par_1_1' title="bbox 593 583 1366 673">
     <span class='ocr_line' id='line_1_1' title="bbox 593 583 1366 673; baseline 0.006 -22"><span class='ocrx_word' id='word_1_1' title='bbox 593 583 655 651; x_wconf 76' lang='lat' dir='ltr'>sec</span> <span class='ocrx_word' id='word_1_2' title='bbox 1132 591 1366 673; x_wconf 74' lang='lat' dir='ltr'>coeamus</span> 
     </span>
    </p>
   </div>
   <div class='ocr_carea' id='block_1_2' title="bbox 589 726 1906 1006">
    <p class='ocr_par' dir='ltr' id='par_1_2' title="bbox 589 726 1906 1006">
     <span class='ocr_line' id='line_1_2' title="bbox 592 726 1906 817; baseline 0.004 -26"><span class='ocrx_word' id='word_1_3' title='bbox 592 726 695 791; x_wconf 87' lang='lat' dir='ltr'>intulit</span> <span class='ocrx_word' id='word_1_4' title='bbox 717 728 933 795; x_wconf 64' lang='lat' dir='ltr'>conclusioni.</span> <span class='ocrx_word' id='word_1_5' title='bbox 966 730 1086 795; x_wconf 70' lang='lat' dir='ltr'>‘Restat</span> <span class='ocrx_word' id='word_1_6' title='bbox 1105 732 1132 796; x_wconf 89' lang='lat' dir='ltr'>ls</span> <span class='ocrx_word' id='word_1_7' title='bbox 1155 732 1247 796; x_wconf 87' lang='lat' dir='ltr'>locus</span> <span class='ocrx_word' id='word_1_8' title='bbox 1267 752 1397 807; x_wconf 83' lang='lat' dir='ltr'>eortrm,</span> <span class='ocrx_word' id='word_1_9' title='bbox 1422 730 1529 816; x_wconf 81' lang='lat' dir='ltr'>quiin</span> <span class='ocrx_word' id='word_1_10' title='bbox 1550 731 1621 814; x_wconf 81' lang='lat' dir='ltr'>ipso</span> <span class='ocrx_word' id='word_1_11' title='bbox 1638 743 1732 807; x_wconf 72' lang='lat' dir='ltr'>stent,</span> <span class='ocrx_word' id='word_1_12' title='bbox 1756 733 1811 817; x_wconf 80' lang='lat' dir='ltr'>qrri</span> <span class='ocrx_word' id='word_1_13' title='bbox 1826 734 1906 797; x_wconf 86' lang='lat' dir='ltr'>duci·</span> 
     </span>
     <span class='ocr_line' id='line_1_3' title="bbox 589 823 1905 911; baseline 0.007 -28"><span class='ocrx_word' id='word_1_14' title='bbox 589 832 645 884; x_wconf 89' lang='lat' dir='ltr'>tur</span> <span class='ocrx_word' id='word_1_15' title='bbox 667 824 708 883; x_wconf 91' lang='lat' dir='ltr'>ab</span> <span class='ocrx_word' id='word_1_16' title='bbox 729 823 865 886; x_wconf 80' lang='lat' dir='ltr'>allectis.</span> <span class='ocrx_word' id='word_1_17' title='bbox 922 823 1022 889; x_wconf 69' lang='lat' dir='ltr'>Cultus</span> <span class='ocrx_word' id='word_1_18' title='bbox 1044 827 1297 909; x_wconf 69' lang='lat' dir='ltr'><strong>expositionem,</strong></span> <span class='ocrx_word' id='word_1_19' title='bbox 1319 829 1480 909; x_wconf 86' lang='lat' dir='ltr'>.qnoniam</span> <span class='ocrx_word' id='word_1_20' title='bbox 1503 828 1590 890; x_wconf 85' lang='lat' dir='ltr'>varia</span> <span class='ocrx_word' id='word_1_21' title='bbox 1612 839 1660 889; x_wconf 86' lang='lat' dir='ltr'>cst</span> <span class='ocrx_word' id='word_1_22' title='bbox 1684 826 1905 911; x_wconf 73' lang='lat' dir='ltr'>multiplexque</span> 
     </span>
     <span class='ocr_line' id='line_1_4' title="bbox 591 914 1854 1006; baseline 0.006 -28"><span class='ocrx_word' id='word_1_23' title='bbox 591 914 727 995; x_wconf 82' lang='lat' dir='ltr'>divisio,</span> <span class='ocrx_word' id='word_1_24' title='bbox 749 916 930 982; x_wconf 79' lang='lat' dir='ltr'>differamus</span> <span class='ocrx_word' id='word_1_25' title='bbox 953 938 991 983; x_wconf 92' lang='lat' dir='ltr'>ac</span> <span class='ocrx_word' id='word_1_26' title='bbox 1012 918 1106 1002; x_wconf 86' lang='lat' dir='ltr'>primi</span> <span class='ocrx_word' id='word_1_27' title='bbox 1128 919 1298 995; x_wconf 67' lang='lat' dir='ltr'>voluminis</span> <span class='ocrx_word' id='word_1_28' title='bbox 1320 922 1485 984; x_wconf 81' lang='lat' dir='ltr'>terunnum</span> <span class='ocrx_word' id='word_1_29' title='bbox 1507 923 1679 1006; x_wconf 75' lang='lat' dir='ltr'>tuterisque</span> <span class='ocrx_word' id='word_1_30' title='bbox 1695 922 1854 985; x_wconf 73' lang='lat' dir='ltr'>sistamus.</span> 
     </span>
    </p>
   </div>
   <div class='ocr_carea' id='block_1_3' title="bbox 543 1460 1643 1795">
    <p class='ocr_par' dir='ltr' id='par_1_3' title="bbox 543 1460 1643 1795">
     <span class='ocr_line' id='line_1_5' title="bbox 543 1460 1459 1613; baseline 0.009 -72"><span class='ocrx_word' id='word_1_31' title='bbox 543 1592 550 1613; x_wconf 35' lang='grc' dir='ltr'>ι</span> <span class='ocrx_word' id='word_1_32' title='bbox 1037 1460 1459 1549; x_wconf 85' lang='grc' dir='ltr'>ΒΟΕΤΗΙΙ</span> 
     </span>
     <span class='ocr_line' id='line_1_6' title="bbox 545 1609 1643 1795; baseline 0.015 -51"><span class='ocrx_word' id='word_1_33' title='bbox 545 1616 592 1744; x_wconf 53' lang='lat' dir='ltr'>a</span> <span class='ocrx_word' id='word_1_34' title='bbox 669 1792 671 1795; x_wconf 16' lang='grc' dir='ltr'>Ι</span> <span class='ocrx_word' id='word_1_35' title='bbox 773 1609 1643 1763; x_wconf 41' lang='grc' dir='ltr'><strong>ὀοΜΜεΝΤΑΒιοηυΜ</strong></span> 
     </span>
    </p>
   </div>
   <div class='ocr_carea' id='block_1_4' title="bbox 1036 1880 1455 1965">
    <p class='ocr_par' dir='ltr' id='par_1_4' title="bbox 1036 1880 1455 1965">
     <span class='ocr_line' id='line_1_7' title="bbox 1036 1880 1455 1965; baseline 0 -3"><span class='ocrx_word' id='word_1_36' title='bbox 1036 1898 1179 1963; x_wconf 73' lang='lat' dir='ltr'>sanna</span> <span class='ocrx_word' id='word_1_37' title='bbox 1202 1880 1455 1965; x_wconf 61' lang='lat' dir='ltr'>sactiones.</span> 
     </span>
    </p>
   </div>
   <div class='ocr_carea' id='block_1_5' title="bbox 468 2230 1910 4928">
    <p class='ocr_par' dir='ltr' id='par_1_5' title="bbox 584 2230 1910 2504">
     <span class='ocr_line' id='line_1_8' title="bbox 670 2230 1910 2325; baseline 0.006 -29"><span class='ocrx_word' id='word_1_38' title='bbox 670 2231 709 2296; x_wconf 85' lang='lat' dir='ltr'>In</span> <span class='ocrx_word' id='word_1_39' title='bbox 731 2242 793 2294; x_wconf 81' lang='lat' dir='ltr'>tarn</span> <span class='ocrx_word' id='word_1_40' title='bbox 817 2230 987 2296; x_wconf 86' lang='lat' dir='ltr'>difficillimi</span> <span class='ocrx_word' id='word_1_41' title='bbox 1009 2232 1117 2316; x_wconf 88' lang='lat' dir='ltr'>operis</span> <span class='ocrx_word' id='word_1_42' title='bbox 1144 2256 1239 2299; x_wconf 89' lang='lat' dir='ltr'>eursu</span> <span class='ocrx_word' id='word_1_43' title='bbox 1262 2255 1326 2299; x_wconf 91' lang='lat' dir='ltr'>non</span> <span class='ocrx_word' id='word_1_44' title='bbox 1344 2256 1412 2297; x_wconf 89' lang='lat' dir='ltr'>sum</span> <span class='ocrx_word' id='word_1_45' title='bbox 1431 2234 1574 2312; x_wconf 87' lang='lat' dir='ltr'>nescius,</span> <span class='ocrx_word' id='word_1_46' title='bbox 1598 2235 1638 2299; x_wconf 89' lang='lat' dir='ltr'>mi</span> <span class='ocrx_word' id='word_1_47' title='bbox 1663 2236 1805 2315; x_wconf 76' lang='lat' dir='ltr'>Potrici,</span> <span class='ocrx_word' id='word_1_48' title='bbox 1830 2240 1910 2325; x_wconf 80' lang='lat' dir='ltr'>quir·</span> 
     </span>
     <span class='ocr_line' id='line_1_9' title="bbox 584 2324 1903 2413; baseline 0.005 -25"><span class='ocrx_word' id='word_1_49' title='bbox 584 2324 678 2389; x_wconf 86' lang='lat' dir='ltr'>labor</span> <span class='ocrx_word' id='word_1_50' title='bbox 701 2324 752 2388; x_wconf 92' lang='lat' dir='ltr'>bic</span> <span class='ocrx_word' id='word_1_51' title='bbox 772 2338 901 2402; x_wconf 86' lang='lat' dir='ltr'>noster,</span> <span class='ocrx_word' id='word_1_52' title='bbox 938 2349 1031 2413; x_wconf 83' lang='lat' dir='ltr'>quem</span> <span class='ocrx_word' id='word_1_53' title='bbox 1055 2340 1086 2391; x_wconf 90' lang='lat' dir='ltr'>te</span> <span class='ocrx_word' id='word_1_54' title='bbox 1104 2331 1294 2392; x_wconf 73' lang='lat' dir='ltr'><strong>adhortante</strong></span> <span class='ocrx_word' id='word_1_55' title='bbox 1316 2328 1528 2409; x_wconf 81' lang='lat' dir='ltr'>suscepimus,</span> <span class='ocrx_word' id='word_1_56' title='bbox 1566 2332 1638 2391; x_wconf 92' lang='lat' dir='ltr'>dum</span> <span class='ocrx_word' id='word_1_57' title='bbox 1663 2330 1783 2395; x_wconf 90' lang='lat' dir='ltr'>iudicio</span> <span class='ocrx_word' id='word_1_58' title='bbox 1802 2335 1903 2395; x_wconf 78' lang='lat' dir='ltr'>mirtri-</span> 
     </span>
     <span class='ocr_line' id='line_1_10' title="bbox 585 2418 1902 2504; baseline 0.006 -23"><span class='ocrx_word' id='word_1_59' title='bbox 585 2418 700 2483; x_wconf 87' lang='lat' dir='ltr'>tudiois</span> <span class='ocrx_word' id='word_1_60' title='bbox 720 2419 883 2501; x_wconf 86' lang='lat' dir='ltr'>imperitae</span> <span class='ocrx_word' id='word_1_61' title='bbox 907 2432 961 2485; x_wconf 90' lang='lat' dir='ltr'>aut</span> <span class='ocrx_word' id='word_1_62' title='bbox 983 2423 1125 2485; x_wconf 85' lang='lat' dir='ltr'>elevatur</span> <span class='ocrx_word' id='word_1_63' title='bbox 1147 2434 1201 2484; x_wconf 77' lang='lat' dir='ltr'>aun</span> <span class='ocrx_word' id='word_1_64' title='bbox 1221 2422 1399 2504; x_wconf 87' lang='lat' dir='ltr'>premitur,</span> <span class='ocrx_word' id='word_1_65' title='bbox 1436 2422 1530 2485; x_wconf 75' lang='lat' dir='ltr'>facile</span> <span class='ocrx_word' id='word_1_66' title='bbox 1558 2422 1654 2486; x_wconf 82' lang='lat' dir='ltr'>variis</span> <span class='ocrx_word' id='word_1_67' title='bbox 1676 2427 1902 2503; x_wconf 84' lang='lat' dir='ltr'>reprehensio·</span> 
     </span>
    </p>

    <p class='ocr_par' dir='ltr' id='par_1_6' title="bbox 542 2512 1905 2974">
     <span class='ocr_line' id='line_1_11' title="bbox 542 2512 1903 2601; baseline 0.005 -29"><span class='ocrx_word' id='word_1_68' title='bbox 542 2512 676 2575; x_wconf 79' lang='lat' dir='ltr'>renibus</span> <span class='ocrx_word' id='word_1_69' title='bbox 702 2514 897 2577; x_wconf 81' lang='lat' dir='ltr'>mordeatur.</span> <span class='ocrx_word' id='word_1_70' title='bbox 955 2516 1045 2578; x_wconf 85' lang='lat' dir='ltr'>Nam.</span> <span class='ocrx_word' id='word_1_71' title='bbox 1060 2527 1091 2578; x_wconf 94' lang='lat' dir='ltr'>et</span> <span class='ocrx_word' id='word_1_72' title='bbox 1113 2515 1177 2590; x_wconf 86' lang='lat' dir='ltr'>illi,</span> <span class='ocrx_word' id='word_1_73' title='bbox 1217 2516 1332 2601; x_wconf 78' lang='lat' dir='ltr'>qisibus</span> <span class='ocrx_word' id='word_1_74' title='bbox 1355 2517 1417 2578; x_wconf 87' lang='lat' dir='ltr'>hoc</span> <span class='ocrx_word' id='word_1_75' title='bbox 1437 2527 1538 2579; x_wconf 92' lang='lat' dir='ltr'>totum</span> <span class='ocrx_word' id='word_1_76' title='bbox 1560 2518 1738 2580; x_wconf 84' lang='lat' dir='ltr'>disserendi</span> <span class='ocrx_word' id='word_1_77' title='bbox 1757 2518 1903 2599; x_wconf 83' lang='lat' dir='ltr'>displicet</span> 
     </span>
     <span class='ocr_line' id='line_1_12' title="bbox 584 2608 1903 2691; baseline 0.002 -21"><span class='ocrx_word' id='word_1_78' title='bbox 584 2627 704 2689; x_wconf 81' lang='lat' dir='ltr'>genus,</span> <span class='ocrx_word' id='word_1_79' title='bbox 734 2608 822 2670; x_wconf 83' lang='lat' dir='ltr'>velut</span> <span class='ocrx_word' id='word_1_80' title='bbox 846 2627 1117 2691; x_wconf 83' lang='lat' dir='ltr'>supervacaneum</span> <span class='ocrx_word' id='word_1_81' title='bbox 1139 2610 1274 2672; x_wconf 87' lang='lat' dir='ltr'>studium</span> <span class='ocrx_word' id='word_1_82' title='bbox 1296 2609 1441 2672; x_wconf 75' lang='lat' dir='ltr'>lantriliari</span> <span class='ocrx_word' id='word_1_83' title='bbox 1466 2610 1574 2690; x_wconf 85' lang='lat' dir='ltr'>pravis</span> <span class='ocrx_word' id='word_1_84' title='bbox 1595 2609 1752 2673; x_wconf 87' lang='lat' dir='ltr'>urentibus</span> <span class='ocrx_word' id='word_1_85' title='bbox 1772 2613 1903 2673; x_wconf 79' lang='lat' dir='ltr'>cavilla-</span> 
     </span>
     <span class='ocr_line' id='line_1_13' title="bbox 583 2698 1904 2785; baseline 0.005 -24"><span class='ocrx_word' id='word_1_86' title='bbox 583 2698 670 2763; x_wconf 87' lang='lat' dir='ltr'>tione</span> <span class='ocrx_word' id='word_1_87' title='bbox 697 2699 897 2781; x_wconf 89' lang='lat' dir='ltr'>despiciunt,</span> <span class='ocrx_word' id='word_1_88' title='bbox 930 2711 963 2763; x_wconf 91' lang='lat' dir='ltr'>et</span> <span class='ocrx_word' id='word_1_89' title='bbox 985 2701 1039 2785; x_wconf 80' lang='lat' dir='ltr'>qtri</span> <span class='ocrx_word' id='word_1_90' title='bbox 1056 2700 1225 2765; x_wconf 84' lang='lat' dir='ltr'>maximum</span> <span class='ocrx_word' id='word_1_91' title='bbox 1248 2702 1340 2766; x_wconf 82' lang='lat' dir='ltr'>harius</span> <span class='ocrx_word' id='word_1_92' title='bbox 1361 2704 1510 2766; x_wconf 87' lang='lat' dir='ltr'>scientiae</span> <span class='ocrx_word' id='word_1_93' title='bbox 1531 2704 1669 2766; x_wconf 77' lang='lat' dir='ltr'>fructum</span> <span class='ocrx_word' id='word_1_94' title='bbox 1688 2714 1825 2785; x_wconf 87' lang='lat' dir='ltr'>putant,</span> <span class='ocrx_word' id='word_1_95' title='bbox 1848 2726 1904 2767; x_wconf 88' lang='lat' dir='ltr'>sna</span> 
     </span>
     <span class='ocr_line' id='line_1_14' title="bbox 582 2793 1901 2878; baseline 0.003 -23"><span class='ocrx_word' id='word_1_96' title='bbox 582 2804 707 2857; x_wconf 86' lang='lat' dir='ltr'>eeteros</span> <span class='ocrx_word' id='word_1_97' title='bbox 733 2793 866 2877; x_wconf 81' lang='lat' dir='ltr'>segnitie</span> <span class='ocrx_word' id='word_1_98' title='bbox 893 2794 1055 2859; x_wconf 86' lang='lat' dir='ltr'>metientes</span> <span class='ocrx_word' id='word_1_99' title='bbox 1084 2804 1174 2859; x_wconf 83' lang='lat' dir='ltr'>tanto</span> <span class='ocrx_word' id='word_1_100' title='bbox 1204 2816 1263 2859; x_wconf 90' lang='lat' dir='ltr'>nos</span> <span class='ocrx_word' id='word_1_101' title='bbox 1294 2796 1388 2877; x_wconf 85' lang='lat' dir='ltr'>operi</span> <span class='ocrx_word' id='word_1_102' title='bbox 1417 2817 1510 2878; x_wconf 87' lang='lat' dir='ltr'>pares</span> <span class='ocrx_word' id='word_1_103' title='bbox 1534 2816 1690 2858; x_wconf 87' lang='lat' dir='ltr'>essenon</span> <span class='ocrx_word' id='word_1_104' title='bbox 1714 2798 1901 2860; x_wconf 81' lang='lat' dir='ltr'>aestimant:</span> 
     </span>
     <span class='ocr_line' id='line_1_15' title="bbox 582 2886 1905 2974; baseline 0.005 -26"><span class='ocrx_word' id='word_1_105' title='bbox 582 2904 718 2971; x_wconf 75' lang='lat' dir='ltr'>ortorum</span> <span class='ocrx_word' id='word_1_106' title='bbox 741 2886 866 2972; x_wconf 90' lang='lat' dir='ltr'>quidem</span> <span class='ocrx_word' id='word_1_107' title='bbox 885 2887 1030 2969; x_wconf 88' lang='lat' dir='ltr'>priores,</span> <span class='ocrx_word' id='word_1_108' title='bbox 1048 2888 1074 2951; x_wconf 89' lang='lat' dir='ltr'>si</span> <span class='ocrx_word' id='word_1_109' title='bbox 1094 2908 1157 2952; x_wconf 93' lang='lat' dir='ltr'>non</span> <span class='ocrx_word' id='word_1_110' title='bbox 1176 2888 1290 2951; x_wconf 87' lang='lat' dir='ltr'>invidia</span> <span class='ocrx_word' id='word_1_111' title='bbox 1309 2888 1428 2952; x_wconf 88' lang='lat' dir='ltr'>laboris</span> <span class='ocrx_word' id='word_1_112' title='bbox 1443 2889 1536 2951; x_wconf 90' lang='lat' dir='ltr'>alieni</span> <span class='ocrx_word' id='word_1_113' title='bbox 1557 2888 1808 2953; x_wconf 75' lang='lat' dir='ltr'>aestimationem</span> <span class='ocrx_word' id='word_1_114' title='bbox 1829 2914 1905 2974; x_wconf 86' lang='lat' dir='ltr'>pre·</span> 
     </span>
    </p>

    <p class='ocr_par' dir='ltr' id='par_1_7' title="bbox 538 2979 1904 3438">
     <span class='ocr_line' id='line_1_16' title="bbox 538 2979 1902 3065; baseline 0.002 -23"><span class='ocrx_word' id='word_1_115' title='bbox 538 2994 569 3042; x_wconf 85' lang='lat' dir='ltr'>tt</span> <span class='ocrx_word' id='word_1_116' title='bbox 582 2990 685 3053; x_wconf 90' lang='lat' dir='ltr'>munt,</span> <span class='ocrx_word' id='word_1_117' title='bbox 709 2982 766 3043; x_wconf 85' lang='lat' dir='ltr'>sed</span> <span class='ocrx_word' id='word_1_118' title='bbox 780 2982 1036 3062; x_wconf 77' lang='lat' dir='ltr'>reprehensionis</span> <span class='ocrx_word' id='word_1_119' title='bbox 1054 2979 1172 3043; x_wconf 91' lang='lat' dir='ltr'>iudicio</span> <span class='ocrx_word' id='word_1_120' title='bbox 1187 3002 1315 3065; x_wconf 87' lang='lat' dir='ltr'>qnoque</span> <span class='ocrx_word' id='word_1_121' title='bbox 1333 2983 1553 3058; x_wconf 87' lang='lat' dir='ltr'>consentiunt,</span> <span class='ocrx_word' id='word_1_122' title='bbox 1577 2984 1665 3046; x_wconf 76' lang='lat' dir='ltr'>utillo</span> <span class='ocrx_word' id='word_1_123' title='bbox 1681 2986 1780 3045; x_wconf 87' lang='lat' dir='ltr'>modo</span> <span class='ocrx_word' id='word_1_124' title='bbox 1796 2986 1902 3047; x_wconf 82' lang='lat' dir='ltr'>feren·</span> 
     </span>
     <span class='ocr_line' id='line_1_17' title="bbox 579 3073 1901 3165; baseline 0.002 -29"><span class='ocrx_word' id='word_1_125' title='bbox 579 3076 639 3137; x_wconf 91' lang='lat' dir='ltr'>dos</span> <span class='ocrx_word' id='word_1_126' title='bbox 656 3084 833 3155; x_wconf 80' lang='lat' dir='ltr'>essepnt03</span> <span class='ocrx_word' id='word_1_127' title='bbox 853 3074 1016 3158; x_wconf 86' lang='lat' dir='ltr'>multoque</span> <span class='ocrx_word' id='word_1_128' title='bbox 1031 3074 1060 3137; x_wconf 93' lang='lat' dir='ltr'>in</span> <span class='ocrx_word' id='word_1_129' title='bbox 1074 3094 1124 3135; x_wconf 87' lang='lat' dir='ltr'>me</span> <span class='ocrx_word' id='word_1_130' title='bbox 1143 3073 1290 3137; x_wconf 88' lang='lat' dir='ltr'>libentius</span> <span class='ocrx_word' id='word_1_131' title='bbox 1305 3076 1492 3137; x_wconf 78' lang='lat' dir='ltr'>detorserim</span> <span class='ocrx_word' id='word_1_132' title='bbox 1504 3075 1802 3165; x_wconf 42' lang='lat' dir='ltr'>pravae&#39;opinionis</span> <span class='ocrx_word' id='word_1_133' title='bbox 1822 3077 1901 3141; x_wconf 77' lang='lat' dir='ltr'>insi·</span> 
     </span>
     <span class='ocr_line' id='line_1_18' title="bbox 579 3166 1903 3253; baseline 0.002 -24"><span class='ocrx_word' id='word_1_134' title='bbox 579 3167 681 3241; x_wconf 89' lang='lat' dir='ltr'>diam,</span> <span class='ocrx_word' id='word_1_135' title='bbox 705 3187 741 3229; x_wconf 84' lang='lat' dir='ltr'>ac</span> <span class='ocrx_word' id='word_1_136' title='bbox 756 3168 874 3231; x_wconf 88' lang='lat' dir='ltr'>uostris</span> <span class='ocrx_word' id='word_1_137' title='bbox 887 3188 943 3232; x_wconf 87' lang='lat' dir='ltr'>eos</span> <span class='ocrx_word' id='word_1_138' title='bbox 956 3168 1102 3233; x_wconf 82' lang='lat' dir='ltr'>diffidere</span> <span class='ocrx_word' id='word_1_139' title='bbox 1116 3166 1236 3231; x_wconf 87' lang='lat' dir='ltr'>viribus</span> <span class='ocrx_word' id='word_1_140' title='bbox 1251 3167 1400 3231; x_wconf 79' lang='lat' dir='ltr'>facillime</span> <span class='ocrx_word' id='word_1_141' title='bbox 1420 3170 1522 3250; x_wconf 86' lang='lat' dir='ltr'>patiar</span> <span class='ocrx_word' id='word_1_142' title='bbox 1544 3169 1651 3251; x_wconf 86' lang='lat' dir='ltr'>potius</span> <span class='ocrx_word' id='word_1_143' title='bbox 1676 3190 1772 3253; x_wconf 72' lang='lat' dir='ltr'>quiam</span> <span class='ocrx_word' id='word_1_144' title='bbox 1794 3181 1903 3232; x_wconf 83' lang='lat' dir='ltr'>tantae</span> 
     </span>
     <span class='ocr_line' id='line_1_19' title="bbox 578 3258 1901 3347; baseline 0.002 -25"><span class='ocrx_word' id='word_1_145' title='bbox 578 3258 761 3341; x_wconf 87' lang='lat' dir='ltr'>disciplinae</span> <span class='ocrx_word' id='word_1_146' title='bbox 780 3261 904 3325; x_wconf 86' lang='lat' dir='ltr'>calcare</span> <span class='ocrx_word' id='word_1_147' title='bbox 926 3260 1105 3326; x_wconf 79' lang='lat' dir='ltr'>rationem..</span> <span class='ocrx_word' id='word_1_148' title='bbox 1137 3260 1201 3323; x_wconf 85' lang='lat' dir='ltr'>Sed</span> <span class='ocrx_word' id='word_1_149' title='bbox 1222 3264 1307 3345; x_wconf 89' lang='lat' dir='ltr'>proh</span> <span class='ocrx_word' id='word_1_150' title='bbox 1327 3261 1463 3324; x_wconf 60' lang='lat' dir='ltr'>&amp;vinam</span> <span class='ocrx_word' id='word_1_151' title='bbox 1487 3274 1581 3347; x_wconf 86' lang='lat' dir='ltr'>atque</span> <span class='ocrx_word' id='word_1_152' title='bbox 1602 3265 1766 3325; x_wconf 83' lang='lat' dir='ltr'>humanam</span> <span class='ocrx_word' id='word_1_153' title='bbox 1789 3264 1901 3336; x_wconf 80' lang='lat' dir='ltr'>iidem,</span> 
     </span>
     <span class='ocr_line' id='line_1_20' title="bbox 579 3354 1904 3438; baseline 0.003 -25"><span class='ocrx_word' id='word_1_154' title='bbox 579 3373 660 3437; x_wconf 84' lang='lat' dir='ltr'>qrrae</span> <span class='ocrx_word' id='word_1_155' title='bbox 680 3363 730 3415; x_wconf 88' lang='lat' dir='ltr'>est</span> <span class='ocrx_word' id='word_1_156' title='bbox 759 3354 836 3417; x_wconf 87' lang='lat' dir='ltr'>baec</span> <span class='ocrx_word' id='word_1_157' title='bbox 860 3354 1018 3418; x_wconf 88' lang='lat' dir='ltr'>bominum</span> <span class='ocrx_word' id='word_1_158' title='bbox 1042 3354 1201 3437; x_wconf 82' lang='lat' dir='ltr'>pravitas,</span> <span class='ocrx_word' id='word_1_159' title='bbox 1224 3375 1318 3438; x_wconf 69' lang='lat' dir='ltr'>‹qtrae</span> <span class='ocrx_word' id='word_1_160' title='bbox 1347 3366 1450 3417; x_wconf 81' lang='lat' dir='ltr'>tantae</span> <span class='ocrx_word' id='word_1_161' title='bbox 1472 3366 1520 3417; x_wconf 85' lang='lat' dir='ltr'>est</span> <span class='ocrx_word' id='word_1_162' title='bbox 1548 3354 1777 3436; x_wconf 87' lang='lat' dir='ltr'>imprudentiae</span> <span class='ocrx_word' id='word_1_163' title='bbox 1801 3357 1904 3417; x_wconf 81' lang='lat' dir='ltr'>caeci·</span> 
     </span>
    </p>

    <p class='ocr_par' dir='ltr' id='par_1_8' title="bbox 536 3446 1904 3905">
     <span class='ocr_line' id='line_1_21' title="bbox 536 3446 1902 3531; baseline 0 -23"><span class='ocrx_word' id='word_1_164' title='bbox 536 3448 649 3520; x_wconf 76' lang='lat' dir='ltr'>teras,</span> <span class='ocrx_word' id='word_1_165' title='bbox 674 3456 709 3507; x_wconf 89' lang='lat' dir='ltr'>ut</span> <span class='ocrx_word' id='word_1_166' title='bbox 731 3467 832 3528; x_wconf 88' lang='lat' dir='ltr'>paene</span> <span class='ocrx_word' id='word_1_167' title='bbox 854 3468 909 3508; x_wconf 90' lang='lat' dir='ltr'>sua</span> <span class='ocrx_word' id='word_1_168' title='bbox 932 3469 1002 3510; x_wconf 84' lang='lat' dir='ltr'>sese</span> <span class='ocrx_word' id='word_1_169' title='bbox 1025 3448 1084 3531; x_wconf 89' lang='lat' dir='ltr'>ipsi</span> <span class='ocrx_word' id='word_1_170' title='bbox 1105 3448 1306 3512; x_wconf 81' lang='lat' dir='ltr'>confessione</span> <span class='ocrx_word' id='word_1_171' title='bbox 1326 3446 1559 3510; x_wconf 80' lang='lat' dir='ltr'>condemnent?</span> <span class='ocrx_word' id='word_1_172' title='bbox 1601 3446 1716 3511; x_wconf 83' lang='lat' dir='ltr'>Nullus</span> <span class='ocrx_word' id='word_1_173' title='bbox 1738 3460 1788 3509; x_wconf 89' lang='lat' dir='ltr'>est</span> <span class='ocrx_word' id='word_1_174' title='bbox 1804 3449 1902 3521; x_wconf 89' lang='lat' dir='ltr'>enim,</span> 
     </span>
     <span class='ocr_line' id='line_1_22' title="bbox 577 3536 1904 3622; baseline 0.003 -24"><span class='ocrx_word' id='word_1_175' title='bbox 577 3536 633 3621; x_wconf 83' lang='lat' dir='ltr'>qui</span> <span class='ocrx_word' id='word_1_176' title='bbox 662 3558 696 3600; x_wconf 85' lang='lat' dir='ltr'>se</span> <span class='ocrx_word' id='word_1_177' title='bbox 719 3538 820 3601; x_wconf 87' lang='lat' dir='ltr'>videri</span> <span class='ocrx_word' id='word_1_178' title='bbox 850 3539 928 3602; x_wconf 88' lang='lat' dir='ltr'>nolit</span> <span class='ocrx_word' id='word_1_179' title='bbox 951 3538 1177 3622; x_wconf 86' lang='lat' dir='ltr'>peritissimum</span> <span class='ocrx_word' id='word_1_180' title='bbox 1204 3539 1397 3613; x_wconf 85' lang='lat' dir='ltr'>disserendi;</span> <span class='ocrx_word' id='word_1_181' title='bbox 1434 3540 1509 3622; x_wconf 78' lang='lat' dir='ltr'>qstin</span> <span class='ocrx_word' id='word_1_182' title='bbox 1529 3539 1621 3601; x_wconf 87' lang='lat' dir='ltr'>etiam</span> <span class='ocrx_word' id='word_1_183' title='bbox 1642 3540 1811 3604; x_wconf 87' lang='lat' dir='ltr'>obiectare</span> <span class='ocrx_word' id='word_1_184' title='bbox 1839 3541 1904 3622; x_wconf 81' lang='lat' dir='ltr'>ipsi</span> 
     </span>
     <span class='ocr_line' id='line_1_23' title="bbox 577 3628 1902 3714; baseline 0.002 -21"><span class='ocrx_word' id='word_1_185' title='bbox 577 3628 695 3714; x_wconf 79' lang='lat' dir='ltr'>aliquid</span> <span class='ocrx_word' id='word_1_186' title='bbox 717 3643 748 3693; x_wconf 87' lang='lat' dir='ltr'>et</span> <span class='ocrx_word' id='word_1_187' title='bbox 768 3631 932 3708; x_wconf 69' lang='lat' dir='ltr'>resolvere</span> <span class='ocrx_word' id='word_1_188' title='bbox 954 3634 1079 3697; x_wconf 88' lang='lat' dir='ltr'>obieeta</span> <span class='ocrx_word' id='word_1_189' title='bbox 1102 3643 1275 3707; x_wconf 87' lang='lat' dir='ltr'>conantur,</span> <span class='ocrx_word' id='word_1_190' title='bbox 1313 3645 1345 3695; x_wconf 88' lang='lat' dir='ltr'>et</span> <span class='ocrx_word' id='word_1_191' title='bbox 1366 3632 1392 3695; x_wconf 92' lang='lat' dir='ltr'>si</span> <span class='ocrx_word' id='word_1_192' title='bbox 1410 3633 1503 3695; x_wconf 87' lang='lat' dir='ltr'>facile</span> <span class='ocrx_word' id='word_1_193' title='bbox 1523 3631 1555 3693; x_wconf 93' lang='lat' dir='ltr'>id</span> <span class='ocrx_word' id='word_1_194' title='bbox 1576 3632 1663 3694; x_wconf 86' lang='lat' dir='ltr'>lactu</span> <span class='ocrx_word' id='word_1_195' title='bbox 1685 3647 1790 3711; x_wconf 88' lang='lat' dir='ltr'>essct,</span> <span class='ocrx_word' id='word_1_196' title='bbox 1822 3656 1902 3697; x_wconf 77' lang='lat' dir='ltr'>crin·</span> 
     </span>
     <span class='ocr_line' id='line_1_24' title="bbox 576 3722 1901 3809; baseline 0.002 -22"><span class='ocrx_word' id='word_1_197' title='bbox 576 3722 621 3787; x_wconf 76' lang='lat' dir='ltr'>cti</span> <span class='ocrx_word' id='word_1_198' title='bbox 639 3726 678 3787; x_wconf 87' lang='lat' dir='ltr'>ad</span> <span class='ocrx_word' id='word_1_199' title='bbox 699 3724 861 3787; x_wconf 87' lang='lat' dir='ltr'>seientiam</span> <span class='ocrx_word' id='word_1_200' title='bbox 881 3726 1006 3809; x_wconf 82' lang='lat' dir='ltr'>logicae</span> <span class='ocrx_word' id='word_1_201' title='bbox 1028 3725 1213 3808; x_wconf 86' lang='lat' dir='ltr'>disciplinae</span> <span class='ocrx_word' id='word_1_202' title='bbox 1232 3726 1377 3788; x_wconf 81' lang='lat' dir='ltr'>velutad</span> <span class='ocrx_word' id='word_1_203' title='bbox 1398 3724 1573 3787; x_wconf 88' lang='lat' dir='ltr'>communia</span> <span class='ocrx_word' id='word_1_204' title='bbox 1596 3730 1751 3806; x_wconf 78' lang='lat' dir='ltr'>qrraedam</span> <span class='ocrx_word' id='word_1_205' title='bbox 1773 3729 1901 3809; x_wconf 81' lang='lat' dir='ltr'>sapien-</span> 
     </span>
     <span class='ocr_line' id='line_1_25' title="bbox 576 3814 1901 3905; baseline 0.001 -23"><span class='ocrx_word' id='word_1_206' title='bbox 576 3818 636 3882; x_wconf 85' lang='lat' dir='ltr'>tiae</span> <span class='ocrx_word' id='word_1_207' title='bbox 657 3818 744 3883; x_wconf 89' lang='lat' dir='ltr'>lucra</span> <span class='ocrx_word' id='word_1_208' title='bbox 769 3831 1011 3883; x_wconf 84' lang='lat' dir='ltr'>concurrerent.</span> <span class='ocrx_word' id='word_1_209' title='bbox 1069 3820 1137 3883; x_wconf 89' lang='lat' dir='ltr'>lam</span> <span class='ocrx_word' id='word_1_210' title='bbox 1159 3839 1239 3883; x_wconf 83' lang='lat' dir='ltr'>vero</span> <span class='ocrx_word' id='word_1_211' title='bbox 1264 3814 1341 3899; x_wconf 70' lang='lat' dir='ltr'>quaid</span> <span class='ocrx_word' id='word_1_212' title='bbox 1361 3818 1527 3880; x_wconf 84' lang='lat' dir='ltr'>absurdius</span> <span class='ocrx_word' id='word_1_213' title='bbox 1548 3818 1626 3902; x_wconf 78' lang='lat' dir='ltr'>fingi</span> <span class='ocrx_word' id='word_1_214' title='bbox 1647 3833 1777 3901; x_wconf 86' lang='lat' dir='ltr'>potest,</span> <span class='ocrx_word' id='word_1_215' title='bbox 1802 3845 1901 3905; x_wconf 81' lang='lat' dir='ltr'>quarn</span> 
     </span>
    </p>

    <p class='ocr_par' dir='ltr' id='par_1_9' title="bbox 533 3909 1900 4183">
     <span class='ocr_line' id='line_1_26' title="bbox 533 3909 1900 3996; baseline 0.005 -26"><span class='ocrx_word' id='word_1_216' title='bbox 533 3914 661 3995; x_wconf 81' lang='lat' dir='ltr'>t&#39;tquod</span> <span class='ocrx_word' id='word_1_217' title='bbox 683 3912 903 3996; x_wconf 83' lang='lat' dir='ltr'>probabilibus</span> <span class='ocrx_word' id='word_1_218' title='bbox 926 3916 974 3995; x_wconf 91' lang='lat' dir='ltr'>(ut</span> <span class='ocrx_word' id='word_1_219' title='bbox 994 3913 1056 3996; x_wconf 89' lang='lat' dir='ltr'>ipsi</span> <span class='ocrx_word' id='word_1_220' title='bbox 1071 3911 1265 3990; x_wconf 71' lang='lat' dir='ltr'>existimant)</span> <span class='ocrx_word' id='word_1_221' title='bbox 1286 3909 1479 3993; x_wconf 82' lang='lat' dir='ltr'>argumentis</span> <span class='ocrx_word' id='word_1_222' title='bbox 1504 3910 1613 3973; x_wconf 87' lang='lat' dir='ltr'>inutile</span> <span class='ocrx_word' id='word_1_223' title='bbox 1634 3916 1772 3977; x_wconf 88' lang='lat' dir='ltr'>studium</span> <span class='ocrx_word' id='word_1_224' title='bbox 1798 3918 1900 3979; x_wconf 86' lang='lat' dir='ltr'>diale-</span> 
     </span>
     <span class='ocr_line' id='line_1_27' title="bbox 574 4003 1899 4089; baseline 0 -20"><span class='ocrx_word' id='word_1_225' title='bbox 574 4007 675 4071; x_wconf 82' lang='lat' dir='ltr'>cticae</span> <span class='ocrx_word' id='word_1_226' title='bbox 696 4008 1022 4079; x_wconf 73' lang='lat' dir='ltr'>nitunturastrucre?</span> <span class='ocrx_word' id='word_1_227' title='bbox 1044 4006 1127 4089; x_wconf 82' lang='lat' dir='ltr'>Quid</span> <span class='ocrx_word' id='word_1_228' title='bbox 1144 4004 1225 4069; x_wconf 88' lang='lat' dir='ltr'>euim</span> <span class='ocrx_word' id='word_1_229' title='bbox 1237 4004 1388 4068; x_wconf 85' lang='lat' dir='ltr'>convenit</span> <span class='ocrx_word' id='word_1_230' title='bbox 1402 4003 1575 4067; x_wconf 89' lang='lat' dir='ltr'>disserendi</span> <span class='ocrx_word' id='word_1_231' title='bbox 1594 4016 1692 4069; x_wconf 87' lang='lat' dir='ltr'>artem</span> <span class='ocrx_word' id='word_1_232' title='bbox 1707 4010 1899 4071; x_wconf 85' lang='lat' dir='ltr'>disserendo</span> 
     </span>
     <span class='ocr_line' id='line_1_28' title="bbox 573 4097 1900 4183; baseline -0.002 -20"><span class='ocrx_word' id='word_1_233' title='bbox 573 4113 782 4183; x_wconf 80' lang='lat' dir='ltr'>pervertere,</span> <span class='ocrx_word' id='word_1_234' title='bbox 820 4111 855 4163; x_wconf 94' lang='lat' dir='ltr'>ut</span> <span class='ocrx_word' id='word_1_235' title='bbox 874 4100 962 4165; x_wconf 74' lang='lat' dir='ltr'>cuitus</span> <span class='ocrx_word' id='word_1_236' title='bbox 985 4102 1115 4163; x_wconf 81' lang='lat' dir='ltr'>affectes</span> <span class='ocrx_word' id='word_1_237' title='bbox 1133 4097 1334 4180; x_wconf 87' lang='lat' dir='ltr'>opinionem,</span> <span class='ocrx_word' id='word_1_238' title='bbox 1358 4097 1495 4160; x_wconf 86' lang='lat' dir='ltr'>eiusdem</span> <span class='ocrx_word' id='word_1_239' title='bbox 1520 4097 1678 4178; x_wconf 85' lang='lat' dir='ltr'>despicias</span> <span class='ocrx_word' id='word_1_240' title='bbox 1705 4100 1900 4163; x_wconf 71' lang='lat' dir='ltr'>veritatem?</span> 
     </span>
    </p>

    <p class='ocr_par' dir='ltr' id='par_1_10' title="bbox 468 4184 1900 4374">
     <span class='ocr_line' id='line_1_29' title="bbox 468 4184 1900 4277; baseline -0.002 -19"><span class='ocrx_word' id='word_1_241' title='bbox 468 4184 469 4187; x_wconf 23' lang='lat'>¹</span> <span class='ocrx_word' id='word_1_242' title='bbox 574 4194 636 4258; x_wconf 85' lang='lat' dir='ltr'>Sed</span> <span class='ocrx_word' id='word_1_243' title='bbox 659 4206 830 4259; x_wconf 52' lang='lat' dir='ltr'>ut&#39;eantor</span> <span class='ocrx_word' id='word_1_244' title='bbox 853 4194 905 4257; x_wconf 88' lang='lat' dir='ltr'>ille</span> <span class='ocrx_word' id='word_1_245' title='bbox 928 4194 1115 4277; x_wconf 87' lang='lat' dir='ltr'>discipulum</span> <span class='ocrx_word' id='word_1_246' title='bbox 1136 4190 1199 4254; x_wconf 89' lang='lat' dir='ltr'>sibi</span> <span class='ocrx_word' id='word_1_247' title='bbox 1220 4212 1258 4253; x_wconf 87' lang='lat' dir='ltr'>ae</span> <span class='ocrx_word' id='word_1_248' title='bbox 1283 4184 1389 4255; x_wconf 86' lang='lat' dir='ltr'>Musis</span> <span class='ocrx_word' id='word_1_249' title='bbox 1408 4210 1521 4252; x_wconf 83' lang='lat' dir='ltr'>canere</span> <span class='ocrx_word' id='word_1_250' title='bbox 1544 4191 1696 4267; x_wconf 89' lang='lat' dir='ltr'>iubebat,</span> <span class='ocrx_word' id='word_1_251' title='bbox 1720 4195 1764 4257; x_wconf 84' lang='lat' dir='ltr'>ita</span> <span class='ocrx_word' id='word_1_252' title='bbox 1784 4208 1819 4257; x_wconf 88' lang='lat' dir='ltr'>et</span> <span class='ocrx_word' id='word_1_253' title='bbox 1835 4216 1900 4274; x_wconf 76' lang='lat' dir='ltr'>ego</span> 
     </span>
     <span class='ocr_line' id='line_1_30' title="bbox 574 4284 1900 4374; baseline -0.003 -23"><span class='ocrx_word' id='word_1_254' title='bbox 574 4306 703 4374; x_wconf 71' lang='lat' dir='ltr'>ortoque</span> <span class='ocrx_word' id='word_1_255' title='bbox 718 4288 794 4351; x_wconf 89' lang='lat' dir='ltr'>mihi</span> <span class='ocrx_word' id='word_1_256' title='bbox 809 4310 847 4350; x_wconf 86' lang='lat' dir='ltr'>ac</span> <span class='ocrx_word' id='word_1_257' title='bbox 864 4287 918 4350; x_wconf 91' lang='lat' dir='ltr'>tibi</span> <span class='ocrx_word' id='word_1_258' title='bbox 932 4320 950 4363; x_wconf 55' lang='lat'>,1</span> <span class='ocrx_word' id='word_1_259' title='bbox 966 4308 1030 4351; x_wconf 89' lang='lat' dir='ltr'>non</span> <span class='ocrx_word' id='word_1_260' title='bbox 1048 4287 1184 4359; x_wconf 89' lang='lat' dir='ltr'>Musae,</span> <span class='ocrx_word' id='word_1_261' title='bbox 1208 4287 1262 4347; x_wconf 85' lang='lat' dir='ltr'>sed</span> <span class='ocrx_word' id='word_1_262' title='bbox 1284 4296 1440 4369; x_wconf 88' lang='lat' dir='ltr'>tamquam</span> <span class='ocrx_word' id='word_1_263' title='bbox 1465 4284 1631 4347; x_wconf 89' lang='lat' dir='ltr'>Musarum</span> <span class='ocrx_word' id='word_1_264' title='bbox 1651 4287 1791 4367; x_wconf 83' lang='lat' dir='ltr'>praesidi</span> <span class='ocrx_word' id='word_1_265' title='bbox 1814 4290 1900 4349; x_wconf 79' lang='lat' dir='ltr'>ceci-</span> 
     </span>
    </p>

    <p class='ocr_par' dir='ltr' id='par_1_11' title="bbox 530 4376 1899 4652">
     <span class='ocr_line' id='line_1_31' title="bbox 530 4376 1899 4465; baseline -0.005 -19"><span class='ocrx_word' id='word_1_266' title='bbox 530 4382 692 4459; x_wconf 79' lang='lat' dir='ltr'>tluerirn,</span> <span class='ocrx_word' id='word_1_267' title='bbox 724 4393 818 4463; x_wconf 85' lang='lat' dir='ltr'>atque</span> <span class='ocrx_word' id='word_1_268' title='bbox 841 4380 890 4457; x_wconf 90' lang='lat' dir='ltr'>id,</span> <span class='ocrx_word' id='word_1_269' title='bbox 926 4382 1014 4465; x_wconf 80' lang='lat' dir='ltr'>qtrod</span> <span class='ocrx_word' id='word_1_270' title='bbox 1034 4379 1134 4442; x_wconf 78' lang='lat' dir='ltr'>mirlto</span> <span class='ocrx_word' id='word_1_271' title='bbox 1156 4381 1267 4442; x_wconf 90' lang='lat' dir='ltr'>labore</span> <span class='ocrx_word' id='word_1_272' title='bbox 1289 4378 1459 4460; x_wconf 84' lang='lat' dir='ltr'>studioque</span> <span class='ocrx_word' id='word_1_273' title='bbox 1481 4376 1617 4460; x_wconf 86' lang='lat' dir='ltr'>collegi,</span> <span class='ocrx_word' id='word_1_274' title='bbox 1642 4400 1706 4441; x_wconf 88' lang='lat' dir='ltr'>noo</span> <span class='ocrx_word' id='word_1_275' title='bbox 1728 4380 1899 4445; x_wconf 81' lang='lat' dir='ltr'>rhetorica</span> 
     </span>
     <span class='ocr_line' id='line_1_32' title="bbox 572 4469 1899 4553; baseline -0.006 -14"><span class='ocrx_word' id='word_1_276' title='bbox 572 4487 692 4541; x_wconf 78' lang='lat' dir='ltr'>uncum</span> <span class='ocrx_word' id='word_1_277' title='bbox 722 4475 892 4550; x_wconf 80' lang='lat' dir='ltr'>lacrtltate,</span> <span class='ocrx_word' id='word_1_278' title='bbox 916 4494 1026 4538; x_wconf 86' lang='lat' dir='ltr'>verum</span> <span class='ocrx_word' id='word_1_279' title='bbox 1057 4472 1221 4535; x_wconf 87' lang='lat' dir='ltr'>dialectica</span> <span class='ocrx_word' id='word_1_280' title='bbox 1247 4472 1339 4535; x_wconf 87' lang='lat' dir='ltr'>etiam</span> <span class='ocrx_word' id='word_1_281' title='bbox 1361 4469 1533 4534; x_wconf 88' lang='lat' dir='ltr'>subtilitate</span> <span class='ocrx_word' id='word_1_282' title='bbox 1558 4473 1756 4553; x_wconf 85' lang='lat' dir='ltr'>depromam.</span> <span class='ocrx_word' id='word_1_283' title='bbox 1804 4475 1899 4553; x_wconf 79' lang='lat' dir='ltr'>Quae</span> 
     </span>
     <span class='ocr_line' id='line_1_33' title="bbox 573 4564 1184 4652; baseline -0.007 -19"><span class='ocrx_word' id='word_1_284' title='bbox 573 4588 653 4633; x_wconf 81' lang='lat' dir='ltr'>vero</span> <span class='ocrx_word' id='word_1_285' title='bbox 674 4579 867 4652; x_wconf 80' lang='lat' dir='ltr'>sequuntur,</span> <span class='ocrx_word' id='word_1_286' title='bbox 891 4564 1071 4635; x_wconf 87' lang='lat' dir='ltr'>huiusmodi</span> <span class='ocrx_word' id='word_1_287' title='bbox 1092 4576 1184 4629; x_wconf 84' lang='lat' dir='ltr'>sunt:</span> 
     </span>
    </p>

    <p class='ocr_par' dir='ltr' id='par_1_12' title="bbox 657 4657 1792 4743">
     <span class='ocr_line' id='line_1_34' title="bbox 657 4657 1792 4743; baseline -0.003 -18"><span class='ocrx_word' id='word_1_288' title='bbox 657 4660 755 4743; x_wconf 86' lang='lat' dir='ltr'>(Cap.</span> <span class='ocrx_word' id='word_1_289' title='bbox 779 4662 812 4724; x_wconf 81' lang='lat'>3.</span> <span class='ocrx_word' id='word_1_290' title='bbox 835 4668 867 4738; x_wconf 88' lang='lat'>§.</span> <span class='ocrx_word' id='word_1_291' title='bbox 891 4662 959 4739; x_wconf 79' lang='lat' dir='ltr'>u.)</span> <span class='ocrx_word' id='word_1_292' title='bbox 1002 4663 1186 4723; x_wconf 79' lang='lat' dir='ltr'>Ducuntur</span> <span class='ocrx_word' id='word_1_293' title='bbox 1207 4658 1312 4721; x_wconf 81' lang='lat' dir='ltr'>etiam</span> <span class='ocrx_word' id='word_1_294' title='bbox 1332 4692 1374 4703; x_wconf 97' lang='lat'>—</span> <span class='ocrx_word' id='word_1_295' title='bbox 1396 4690 1433 4702; x_wconf 90' lang='lat'><em>-</em></span> <span class='ocrx_word' id='word_1_296' title='bbox 1457 4693 1500 4705; x_wconf 91' lang='lat'>-</span> <span class='ocrx_word' id='word_1_297' title='bbox 1519 4670 1582 4721; x_wconf 73' lang='lat' dir='ltr'>atu</span> <span class='ocrx_word' id='word_1_298' title='bbox 1603 4657 1792 4723; x_wconf 69' lang='lat' dir='ltr'>minor-m</span> 
     </span>
    </p>

    <p class='ocr_par' dir='ltr' id='par_1_13' title="bbox 657 4750 1898 4836">
     <span class='ocr_line' id='line_1_35' title="bbox 657 4750 1898 4836; baseline -0.006 -15"><span class='ocrx_word' id='word_1_299' title='bbox 657 4757 833 4835; x_wconf 83' lang='lat' dir='ltr'>Postquam</span> <span class='ocrx_word' id='word_1_300' title='bbox 857 4754 948 4819; x_wconf 86' lang='lat' dir='ltr'>locos</span> <span class='ocrx_word' id='word_1_301' title='bbox 972 4774 1047 4827; x_wconf 88' lang='lat' dir='ltr'>eos,</span> <span class='ocrx_word' id='word_1_302' title='bbox 1070 4771 1112 4813; x_wconf 82' lang='lat' dir='ltr'>ex</span> <span class='ocrx_word' id='word_1_303' title='bbox 1130 4750 1245 4835; x_wconf 80' lang='lat' dir='ltr'>qrribus</span> <span class='ocrx_word' id='word_1_304' title='bbox 1266 4756 1451 4834; x_wconf 80' lang='lat' dir='ltr'>argumenta</span> <span class='ocrx_word' id='word_1_305' title='bbox 1471 4752 1646 4826; x_wconf 88' lang='lat' dir='ltr'>ducuntur,</span> <span class='ocrx_word' id='word_1_306' title='bbox 1670 4752 1800 4836; x_wconf 83' lang='lat' dir='ltr'>gemina</span> <span class='ocrx_word' id='word_1_307' title='bbox 1823 4773 1898 4833; x_wconf 82' lang='lat' dir='ltr'>par-</span> 
     </span>
    </p>

    <p class='ocr_par' dir='ltr' id='par_1_14' title="bbox 530 4843 1896 4928">
     <span class='ocr_line' id='line_1_36' title="bbox 530 4843 1896 4928; baseline -0.007 -13"><span class='ocrx_word' id='word_1_308' title='bbox 530 4858 562 4909; x_wconf 69' lang='lat' dir='ltr'>ti</span> <span class='ocrx_word' id='word_1_309' title='bbox 573 4848 683 4915; x_wconf 76' lang='lat' dir='ltr'>titione</span> <span class='ocrx_word' id='word_1_310' title='bbox 707 4847 884 4924; x_wconf 86' lang='lat' dir='ltr'>distribuit,</span> <span class='ocrx_word' id='word_1_311' title='bbox 908 4848 988 4911; x_wconf 88' lang='lat' dir='ltr'>alios</span> <span class='ocrx_word' id='word_1_312' title='bbox 1007 4847 1037 4908; x_wconf 89' lang='lat' dir='ltr'>in</span> <span class='ocrx_word' id='word_1_313' title='bbox 1057 4844 1149 4926; x_wconf 86' lang='lat' dir='ltr'>ipso,</span> <span class='ocrx_word' id='word_1_314' title='bbox 1173 4848 1291 4928; x_wconf 88' lang='lat' dir='ltr'>dequo</span> <span class='ocrx_word' id='word_1_315' title='bbox 1309 4844 1431 4927; x_wconf 85' lang='lat' dir='ltr'>agitur,</span> <span class='ocrx_word' id='word_1_316' title='bbox 1470 4844 1602 4918; x_wconf 81' lang='lat' dir='ltr'>haerere</span> <span class='ocrx_word' id='word_1_317' title='bbox 1620 4843 1780 4923; x_wconf 74' lang='lat' dir='ltr'>dicendo,</span> <span class='ocrx_word' id='word_1_318' title='bbox 1814 4846 1896 4907; x_wconf 86' lang='lat' dir='ltr'>alios</span> 
     </span>
    </p>
   </div>
   <div class='ocr_carea' id='block_1_6' title="bbox 500 5047 1894 5195">
    <p class='ocr_par' dir='ltr' id='par_1_15' title="bbox 500 5047 1894 5195">
     <span class='ocr_line' id='line_1_37' title="bbox 647 5047 1894 5123; baseline -0.006 -18"><span class='ocrx_word' id='word_1_319' title='bbox 647 5056 692 5112; x_wconf 80' lang='lat'>¹⁵.</span> <span class='ocrx_word' id='word_1_320' title='bbox 717 5050 939 5123; x_wconf 78' lang='lat' dir='ltr'>reprelrrurr&#39;om&#39;r</span> <span class='ocrx_word' id='word_1_321' title='bbox 965 5048 1068 5100; x_wconf 75' lang='lat' dir='ltr'>laedleio</span> <span class='ocrx_word' id='word_1_322' title='bbox 1093 5065 1197 5117; x_wconf 78' lang='lat' dir='ltr'>quoque</span> <span class='ocrx_word' id='word_1_323' title='bbox 1230 5047 1305 5099; x_wconf 78' lang='lat' dir='ltr'>Eine.</span> <span class='ocrx_word' id='word_1_324' title='bbox 1337 5048 1405 5099; x_wconf 82' lang='lat' dir='ltr'>Ven.</span> <span class='ocrx_word' id='word_1_325' title='bbox 1437 5075 1475 5089; x_wconf 89' lang='lat'><em>-</em></span> <span class='ocrx_word' id='word_1_326' title='bbox 1506 5049 1716 5117; x_wconf 72' lang='lat' dir='ltr'>reprehensioni</span> <span class='ocrx_word' id='word_1_327' title='bbox 1737 5050 1894 5121; x_wconf 57' lang='lat' dir='ltr'>indidem</span> 
     </span>
     <span class='ocr_line' id='line_1_38' title="bbox 500 5120 1813 5195; baseline -0.003 -12"><span class='ocrx_word' id='word_1_328' title='bbox 500 5144 505 5153; x_wconf 86' lang='lat'><strong>·</strong></span> <span class='ocrx_word' id='word_1_329' title='bbox 570 5128 658 5183; x_wconf 78' lang='lat' dir='ltr'>Paris.</span> <span class='ocrx_word' id='word_1_330' title='bbox 678 5128 755 5184; x_wconf 76' lang='lat' dir='ltr'>naas.</span> <span class='ocrx_word' id='word_1_331' title='bbox 774 5156 812 5171; x_wconf 91' lang='lat'>-</span> <span class='ocrx_word' id='word_1_332' title='bbox 833 5124 931 5184; x_wconf 81' lang='lat' dir='ltr'>Malim</span> <span class='ocrx_word' id='word_1_333' title='bbox 947 5122 1154 5195; x_wconf 78' lang='lat' dir='ltr'>reprehensioni</span> <span class='ocrx_word' id='word_1_334' title='bbox 1173 5120 1276 5176; x_wconf 76' lang='lat' dir='ltr'>tatdr&#39;eio</span> <span class='ocrx_word' id='word_1_335' title='bbox 1295 5140 1417 5194; x_wconf 80' lang='lat' dir='ltr'>quoque,</span> <span class='ocrx_word' id='word_1_336' title='bbox 1435 5138 1464 5177; x_wconf 81' lang='lat' dir='ltr'>nr</span> <span class='ocrx_word' id='word_1_337' title='bbox 1484 5122 1588 5175; x_wconf 66' lang='lat' dir='ltr'>tudem</span> <span class='ocrx_word' id='word_1_338' title='bbox 1605 5127 1643 5177; x_wconf 77' lang='lat' dir='ltr'>tlt</span> <span class='ocrx_word' id='word_1_339' title='bbox 1663 5122 1813 5179; x_wconf 68' lang='lat' dir='ltr'>ablativae</span> 
     </span>
    </p>
   </div>
   <div class='ocr_carea' id='block_1_7' title="bbox 0 0 2222 5959">
    <p class='ocr_par' dir='ltr' id='par_1_16' title="bbox 0 0 2222 5959">
     <span class='ocr_line' id='line_1_39' title="bbox 0 0 2222 5959; baseline 0 7"><span class='ocrx_word' id='word_1_340' title='bbox 0 0 2222 5959; x_wconf 95' lang='lat' dir='ltr'> </span> 
     </span>
    </p>
   </div>
  </div>
 </body>
</html>
