4434 5959
585 601 627 668 38
1090 605 1377 674 VICTORINUS

584 756 646 808 tem
668 743 734 820 sic;
756 747 795 808 de
816 742 864 822 iis,
886 765 967 830 quse
987 745 1090 810 ἰιιιιιιι
1112 758 1203 823 srrnt,
1226 769 1320 811 ιιιιιιιι
1342 747 1431 830 prius
1445 745 1594 812 efficitur:
1617 757 1766 830 utputa,
1784 761 1893 833 pates·

583 848 615 900 et
627 838 734 916 filius
748 838 850 902 iuncta
865 839 925 902 sibi
939 850 1022 903 ssrnt.
1067 842 1179 925 Neque
1192 841 1270 904 enim
1287 853 1358 904 ante
1372 853 1478 922 peter,
1502 863 1594 923 qnam
1616 841 1698 904 lilius
1721 854 1890 917 rascatius

582 942 636 995 sut
658 943 727 994 ante
748 931 849 1007 iilius,
872 954 965 1016 quam
985 933 1041 996 ille
1062 933 1102 997 sit
1124 945 1226 1016 pater.
1270 935 1333 998 Sed
1354 933 1424 1017 quia
1447 933 1514 999 lilio
1536 936 1575 996 ad
1589 938 1774 999 nascendum
1796 949 1893 1019 pater

582 1045 674 1091 causa
697 1036 759 1102 est,
793 1025 914 1090 ideirco
936 1049 1091 1092 excausa
1114 1039 1203 1110 pater
1225 1027 1290 1091 lilio
1313 1028 1506 1109 praefertur.
1555 1029 1605 1092 Ita
1627 1030 1678 1092 hle
1699 1028 1729 1092 in
1752 1030 1893 1094 ιΙιιιιιιιι

558 1123 675 1182 ⁵causa
696 1131 726 1182 et
747 1118 931 1183 constitutio
952 1119 1116 1186 eonirmcts
1138 1133 1228 1184 sunt:
1262 1122 1319 1182 scd
1341 1132 1374 1182 ut
1395 1121 1485 1202 prior
1505 1142 1598 1184 caussa
1620 1121 1682 1196 sit,
1705 1141 1800 1184 cansa
1822 1121 1893 1183 elii·

583 1211 676 1276 citur.
719 1213 763 1277 Ut
784 1212 967 1278 constitutio
989 1215 1069 1277 enim
1093 1227 1255 1287 nascatur,
1285 1234 1380 1276 carisa
1402 1213 1572 1296 praecedit.
1616 1216 1712 1294 Quod
1732 1214 1799 1296 ipse
1822 1217 1889 1278 ait:

667 1309 749 1372 Non
769 1306 859 1370 enim
879 1328 986 1370 causa
1004 1308 1052 1370 cd
1067 1307 1360 1383 constitutionem,
1384 1309 1445 1370 sed
1464 1307 1663 1372 constitutio
1682 1306 1730 1369 ad
1747 1327 1894 1370 ιαιιιαιιι

584 1393 873 1481 accommodatur]
916 1403 980 1464 Hic
1000 1422 1127 1486 qrroque
1150 1403 1347 1464 advertamus
1370 1401 1587 1484 syllogismum
1609 1399 1890 1486 quadripertitum.

586 1495 693 1560 Prima
721 1503 768 1556 est
797 1492 877 1557 enim
907 1493 1086 1575 propositio
1117 1516 1185 1556 cum
1219 1495 1386 1558 adiuncto:
1423 1493 1524 1578 Quod
1551 1495 1582 1557 si
1603 1495 1739 1577 generis
1763 1515 1892 1558 eumne

542 1595 700 1671 supertes
727 1607 795 1650 non
821 1599 967 1668 possunt
984 1598 1075 1650 recte
1093 1587 1228 1669 pistari,
1263 1591 1368 1652 multo
1389 1587 1501 1650 minus
1523 1599 1611 1650 reete
1629 1587 1744 1668 partis
1765 1607 1892 1650 emesae

579 1694 698 1765 pce-tes
716 1681 941 1764 putabuntur.
985 1682 1070 1744 Huic
1091 1679 1305 1762 propositioni
1326 1681 1517 1763 approbatio
1532 1702 1595 1743 nnn
1610 1681 1669 1744 tuit
1683 1679 1889 1744 subiicienda.

537 1831 542 1842 .
581 1773 788 1838 Manifestum
810 1785 857 1836 est
879 1773 977 1848 euim,
1011 1774 1038 1837 si
1062 1787 1167 1855 partes
1193 1795 1303 1837 caussae
1330 1793 1391 1836 non
1421 1772 1499 1848 siut,
1531 1773 1630 1838 multo
1658 1773 1757 1835 ιιιίιιιιι
1788 1773 1891 1853 μιιιὶι

582 1887 694 1929 causae
723 1878 831 1947 partes
860 1865 975 1948 putari.
1020 1868 1112 1950 Ergo
1140 1867 1247 1930 incidit
1274 1865 1435 1951 prinestio,
1475 1878 1577 1928 utrum
1605 1866 1791 1930 constitutio
1814 1885 1891 1948 pars

581 1959 642 2021 sit:
666 1971 696 2020 et
717 1962 766 2036 (ut
789 1979 885 2038 supra
908 1957 1084 2040 docuimus)
1105 1963 1220 2042 probat
1241 1972 1376 2042 partem.
1419 1961 1482 2022 Sed
1496 1962 1575 2023 haec
1588 1959 1728 2023 incidens
1742 1959 1889 2041 quaestio

541 2062 643 2114 astron
666 2050 801 2133 pertinet
822 2055 861 2114 ad
882 2051 1117 2134 syllogismums
1140 2075 1249 2116 rerum
1272 2053 1342 2137 quia
1358 2051 1534 2116 neeessaria
1548 2051 1625 2128 luit,
1649 2052 1812 2116 interiecta
1827 2063 1888 2116 est.

581 2145 704 2210 Deinde
725 2144 852 2208 assumit
872 2146 970 2222 illud,
993 2149 1080 2230 qrrod
1101 2159 1324 2228 proposuerat.
1367 2147 1435 2211 Sed
1454 2158 1488 2209 et
1509 2145 1694 2209 deliberatio
1709 2158 1743 2208 et
1756 2149 1890 2210 demon·

581 2237 692 2301 stratio
714 2237 852 2321 generis
872 2259 995 2302 causae
1014 2251 1135 2321 partes
1156 2259 1224 2301 nnn
1242 2249 1390 2321 possunt
1413 2249 1501 2302 recte
1520 2237 1652 2320 pretori.
1694 2241 1739 2304 Et
1764 2261 1889 2320 appro-

581 2333 635 2394 bat
657 2332 918 2413 assumptionem:
960 2334 1061 2417 Quod
1086 2333 1164 2415 ἰμια
1184 2344 1263 2395 ιιιιιι
1283 2351 1428 2414 gessere,
1458 2330 1570 2410 inqiut.
1615 2333 1787 2397 Postremo
1809 2352 1889 2396 con·

521 2431 530 2442 ’
580 2424 679 2486 elrsdit
698 2425 927 2506 propositionis
948 2429 1115 2488 secundam
1137 2440 1270 2509 partem.
1315 2425 1398 2505 Quid
1420 2435 1468 2486 est
1489 2422 1569 2486 enim
1591 2423 1622 2486 in
1644 2425 1778 2488 secumda
1794 2436 1889 2506 parte

539 2525 572 2574 ιο
582 2517 833 2599 propositionis?
874 2520 991 2584 Multo
1012 2518 1125 2581 mineus
1146 2529 1235 2581 recte
1252 2518 1367 2600 portis
1387 2538 1510 2580 causae
1525 2528 1646 2600 portes
1656 2518 1887 2600 putabantur.

581 2608 751 2675 Concludit
772 2613 834 2675 hoc
856 2611 977 2693 ipsum:

662 2707 778 2770 Multo
800 2705 910 2788 igitur
931 2706 1045 2769 miuus
1068 2715 1158 2768 recte
1186 2703 1299 2787 partia
1328 2703 1421 2780 eius,
1450 2703 1615 2789 quoditie
1634 2703 1743 2780 dicit,
1763 2716 1889 2788 portes

573 2798 803 2884 prstnbuntur]
846 2799 974 2864 Primae
994 2799 1076 2862 enim
1093 2797 1175 2880 parti
1197 2795 1427 2879 propositionis
1445 2817 1503 2878 per
1524 2796 1708 2860 incidentem
1724 2797 1887 2881 quaestin-

579 2913 649 2956 uem
669 2890 834 2955 satisfecit.
878 2893 962 2972 Quid
987 2903 1034 2954 est
1055 2890 1135 2954 enirn
1157 2889 1188 2954 in
1210 2890 1310 2973 prims
1333 2901 1422 2971 parte
1444 2889 1698 2973 propositionis?
1732 2890 1888 2974 Quodsi

536 2985 715 3070 asgeneris
735 3005 859 3048 carnae
876 2995 996 3067 portes
1015 3005 1086 3046 non
1103 2995 1249 3066 possunt
1272 2996 1360 3048 reete
1370 2983 1503 3066 putari.
1547 2985 1657 3066 ltaque
1676 2983 1812 3048 ostendit
1829 3005 1887 3068 ge·

578 3077 663 3142 neris
685 3099 797 3142 causae
822 3088 944 3159 partein
966 3097 1035 3140 esse
1055 3077 1326 3141 constitutionem.
1370 3076 1625 3158 Quadripertitus
1646 3096 1726 3160 ergo
1747 3087 1795 3140 est
1819 3078 1887 3156 syl·

577 3171 744 3256 logisuuss.
798 3173 858 3235 Est
878 3171 959 3234 enim
981 3171 1179 3252 propositio,
1203 3171 1394 3253 assumptio,
1424 3169 1617 3253 approbatio
1644 3169 1884 3252 assumptionis,

577 3264 754 3328 conclusio.
798 3263 951 3344 Quaestio
974 3284 1051 3327 vero
1073 3262 1215 3327 incidens
1237 3266 1276 3326 ad
1295 3262 1513 3348 syllogismum
1536 3262 1657 3326 minime
1678 3261 1828 3345 pertinet.

660 3357 792 3422 Deinde
813 3356 845 3420 si
864 3355 1062 3420 constitutio
1081 3367 1115 3419 et
1133 3357 1211 3439 ipsa
1228 3367 1261 3418 et
1279 3377 1365 3438 pars
1385 3355 1459 3419 eius
1480 3356 1663 3440 quaelibet,
1687 3355 1888 3422 detentionis

535 3467 568 3518 so
578 3449 733 3532 depulsio
748 3460 821 3512 est:
852 3469 939 3532 quae
955 3448 1152 3512 intentionis
1174 3448 1328 3530 depulsio
1349 3470 1418 3513 non
1438 3461 1509 3526 est,
1543 3469 1586 3513 en
1605 3468 1666 3512 nec
1684 3450 1887 3516 constitutio

576 3563 637 3605 nee
649 3563 736 3623 pars
751 3542 1003 3606 constitutionis
1019 3543 1083 3622 est]
1127 3541 1236 3604 Omnis
1258 3563 1332 3624 pars
1348 3553 1422 3606 tunc
1441 3544 1534 3624 plene
1553 3564 1629 3623 pars
1649 3551 1715 3617 est,
1738 3541 1765 3605 si
1787 3563 1887 3626 gene·

575 3634 621 3698 ris
640 3648 671 3699 et
690 3656 804 3699 nomen
827 3648 858 3698 et
874 3635 1086 3710 definitionem
1108 3633 1258 3715 recipiat;
1283 3647 1431 3716 utputa,
1453 3637 1584 3700 animal
1611 3653 1710 3719 genus
1732 3644 1793 3700 est.
1816 3635 1885 3700 Iam

576 3750 619 3792 ex
645 3728 771 3792 animali
798 3729 915 3804 horno,
953 3750 1070 3812 equuus,
1107 3725 1187 3792 avis.
1244 3729 1367 3793 Deinde
1402 3749 1443 3792 ex
1478 3727 1530 3792 avi
1571 3747 1708 3801 corvus,
1745 3729 1884 3806 cornix,

576 3820 694 3905 sqrrils.
737 3823 848 3905 ltaque
876 3823 955 3885 baec
977 3819 1081 3885 omnia
1103 3819 1228 3903 generis
1250 3819 1298 3883 sui
1321 3831 1352 3884 et
1373 3841 1486 3884 nomen
1509 3831 1540 3884 et
1563 3818 1777 3884 definitionem
1798 3821 1886 3884 reci·

535 3933 652 3999 aspere
673 3916 843 3978 debebunt.
899 3913 1034 3978 Generis
1060 3932 1146 3988 uero,
1160 3933 1270 3976 nornen
1300 3916 1387 3997 quod
1421 3913 1493 3976 est?
1523 3913 1664 3979 Animal.
1721 3913 1814 3997 Ergo
1850 3925 1886 3978 et

576 4009 674 4076 horno
696 4020 728 4073 et
744 4029 844 4093 eqrrns
864 4017 896 4070 et
909 4005 977 4070 avis
998 4017 1031 4070 et
1051 4025 1170 4070 corvus
1191 4017 1223 4068 et
1244 4007 1357 4070 cornix
1379 4018 1411 4070 et
1432 4007 1536 4090 aqrsila
1557 4005 1699 4070 animalia
1720 4007 1883 4071 dicuntur.

575 4101 699 4167 Deinde
722 4100 848 4186 generis
869 4099 1009 4164 delinitio
1030 4119 1110 4182 quae
1132 4111 1197 4175 est,
1220 4098 1332 4176 idest,
1357 4098 1520 4163 animalis?
1549 4099 1677 4163 Animal
1697 4109 1745 4164 est
1764 4120 1887 4182 eorpus

575 4193 754 4259 animatum.
811 4195 922 4277 ltaque
954 4204 986 4255 et
1014 4192 1114 4256 homo
1142 4203 1174 4256 et
1201 4214 1300 4278 equus
1322 4205 1354 4256 et
1369 4194 1448 4258 'aris
1470 4205 1502 4257 et
1522 4213 1642 4257 corvus
1663 4203 1695 4256 et
1716 4191 1831 4258 cornix
1851 4203 1886 4256 et

575 4285 680 4371 aquila
701 4307 819 4369 corprrs
840 4285 1007 4348 animatum
1030 4295 1089 4347 est.
1133 4285 1256 4372 Verum
1282 4285 1422 4350 delinitio
1444 4307 1461 4348 a
1483 4305 1600 4370 genere
1620 4283 1734 4349 transit
1754 4283 1787 4348 in
1809 4305 1888 4366 spe·

533 4378 657 4450 socies:
680 4379 854 4462 specierum
877 4399 956 4443 vero
977 4375 1118 4441 delinitio
1138 4376 1169 4440 in
1192 4399 1292 4462 genus
1313 4379 1448 4442 transire
1463 4399 1525 4442 nnn
1546 4389 1667 4460 potest.
1710 4379 1789 4442 Noti
1802 4379 1886 4441 enim

575 4494 671 4557 quum
693 4471 850 4537 bominem
871 4471 1010 4549 definio,
1033 4473 1137 4534 homo
1153 4482 1204 4542 est
1219 4492 1344 4553 corpus
1360 4472 1550 4535 animatum
1571 4472 1684 4554 bipes:
1704 4469 1764 4534 iarn
1787 4491 1885 4555 quum

576 4568 648 4628 dico
669 4565 780 4648 bipes,
811 4567 851 4628 ad
872 4565 998 4650 generis
1019 4562 1232 4628 definitionem
1254 4565 1415 4646 pertinet:
1445 4577 1492 4629 est
1514 4563 1594 4628 enim
1620 4563 1731 4628 animal
1753 4572 1783 4626 et
1805 4583 1887 4646 qais·

648 4851 677 4907 5.
695 4845 756 4918 tile]
774 4843 822 4900 Sic
841 4843 891 4901 cd.
910 4849 972 4902 Bss.
990 4873 1030 4890 ·-
1045 4847 1088 4899 llll
1106 4845 1176 4902 Edd.
1195 4841 1250 4904 os.

648 4925 694 4979 19.
713 4926 784 4972 enlm
804 4918 928 4974 additum
946 4939 962 4974 e
980 4920 1032 4975 cd.
1051 4925 1113 4974 Bes.
1152 4920 1205 4977 Os.

648 5003 693 5055 27,
712 4995 877 5066 approbatio
902 4998 1114 5067 assumpsimus]
1147 4998 1293 5069 Perpetem
1326 5001 1529 5068 tuterpnnerum
1562 4991 1670 5048 lueres:
1703 4990 1888 5065 approbatio,

574 5075 769 5142 assumptionis
785 5070 935 5126 conclusio.
972 5067 1025 5124 Sed
1044 5086 1167 5124 nostram
1188 5070 1398 5144 interpungendi
1422 5075 1557 5124 rationem
1578 5073 1646 5124 estis
1665 5068 1781 5144 probat,
1812 5065 1889 5140 qnod

575 5143 656 5218 paulo
674 5162 756 5219 snprs
775 5143 889 5218 legitur:
908 5154 937 5197 et
954 5145 1092 5215 approbat
1110 5151 1333 5218 assumptionem.
1354 5149 1434 5201 Care.
