4434 5959
958 627 1050 690 LlB.
1071 625 1102 690 Ι.
1645 623 1682 686 bl

374 767 492 854 inquit,
515 766 635 831 iudices
658 787 674 826 a
698 775 848 848 qxrattuor
868 765 949 828 locis
970 765 1075 828 iacere
1097 768 1245 829 debemus
1266 765 1322 828 vel
1336 784 1522 847 possumus;
1544 774 1685 826 anostra

371 881 527 946 persona,
564 862 606 921 ab
627 858 901 932 adversariorum,
935 879 951 920 a
980 857 1133 930 iudicum,
1177 860 1216 921 ab
1246 855 1312 940 ipsa
1345 877 1453 920 causa.
1511 857 1635 920 Rursus
1668 877 1686 918 a

372 965 478 1022 nostra
503 972 641 1036 persona
663 962 814 1035 qivattuor
842 971 882 1014 ex
905 951 983 1014 locis
1003 950 1253 1012 benevolentiam
1277 948 1387 1012 iudicis
1408 970 1576 1032 possumus
1597 968 1686 1012 com·

372 1069 507 1132 parare:
543 1045 582 1111 St
611 1046 653 1107 de
681 1044 828 1120 nostris,
866 1044 984 1128 inquit,
1010 1041 1131 1132 factis
1159 1053 1192 1106 et
1222 1041 1350 1128 officiis
1377 1041 1449 1104 sine
1481 1040 1687 1124 arrogantia

373 1144 538 1206 dicemus.
582 1139 681 1204 Plena
709 1136 790 1200 enim
820 1137 925 1220 gloria
953 1136 985 1198 in
1012 1137 1061 1198 bis
1082 1137 1206 1200 duobus
1229 1148 1296 1210 est,
1333 1135 1364 1196 in
1393 1133 1486 1198 iactis
1509 1145 1541 1196 et
1562 1131 1712 1202 officiis.s

374 1235 521 1304 Officium
546 1243 612 1307 est,
651 1231 737 1313 qrrod
762 1250 800 1291 ex
823 1230 948 1314 legibus
973 1229 1023 1292 vel
1045 1250 1085 1291 ex
1113 1240 1223 1292 natura
1247 1249 1374 1292 neccsse
1395 1240 1442 1292 est
1464 1247 1522 1291 nos
1543 1227 1687 1309 implere.

373 1311 514 1396 Faatnttl
532 1345 612 1390 reto
634 1335 699 1399 est,
724 1325 810 1404 quod
831 1345 938 1404 sopra,
963 1345 1054 1406 quam
1076 1324 1235 1394 debemus,
1258 1333 1465 1402 praestamus.
1487 1323 1580 1406 Ergo
1602 1320 1629 1382 si
1650 1322 1688 1382 de

372 1419 493 1485 nostris
513 1418 607 1483 lactis
628 1428 663 1480 et
681 1415 809 1492 officiis,
843 1418 899 1478 sed
920 1414 987 1478 sine
1009 1416 1191 1496 arrogantia
1215 1414 1365 1478 dicemus.
1407 1413 1547 1490 Deinde,
1568 1414 1602 1478 si
1621 1413 1688 1475 cri·

372 1516 485 1590 ιιιιιια,
509 1511 630 1596 inquit,
666 1510 766 1574 illata
785 1522 819 1574 et
839 1510 973 1593 aliquane
994 1508 1107 1570 minus
1129 1511 1287 1571 honestas
1317 1505 1527 1589 suspiciones
1548 1506 1690 1570 iniectas

372 1609 567 1675 diluemaa5
601 1603 632 1664 id
661 1614 725 1673 est,
759 1602 787 1664 si
816 1623 872 1676 ea,
907 1621 987 1686 quae
1015 1605 1054 1663 ad
1082 1600 1341 1664 deformationem
1375 1619 1531 1681 personae
1561 1609 1731 1670 nostraene

372 1711 502 1784 praeter
523 1696 719 1760 iudicialem
747 1695 961 1776 quaestionem
982 1696 1099 1759 luerint
1120 1695 1260 1767 obiecta,
1297 1693 1462 1756 diluemus.
1518 1690 1642 1755 Deinde
1663 1691 1691 1756 si

374 1793 493 1877 aliquid
521 1789 663 1852 futurum
685 1787 757 1848 unali
792 1787 1028 1867 praedicemus,
1071 1790 1231 1870 quomodo
1264 1785 1331 1868 ipse
1364 1784 1502 1850 Cicero:
1540 1787 1688 1863 Moneo,

371 1884 557 1970 praedico,
590 1892 670 1943 ante
690 1879 865 1942 denuntio.
917 1883 1088 1945 Postremo
1112 1901 1128 1942 a
1151 1891 1260 1944 nostra
1283 1900 1419 1961 persona
1441 1878 1690 1942 benevolentiam

374 1994 619 2060 comparamusa
642 1972 699 2045 Si,
721 1971 839 2055 inquit,
862 1993 924 2054 pro
946 1975 1038 2040 nobis
1058 1974 1195 2057 supplici
1224 1985 1345 2036 utamur
1368 1973 1524 2037 oratione.
1567 1971 1691 2044 Deinde

374 2075 415 2134 ab
437 2067 694 2134 adversariorum
714 2085 870 2146 persona,
909 2067 1011 2129 tribus
1033 2088 1073 2129 ex
1095 2066 1175 2131 locis
1197 2066 1448 2130 benevolentiam
1471 2064 1581 2130 iudicis
1603 2081 1732 2134 com-tt

374 2183 549 2249 paramus,
581 2161 608 2223 si
638 2179 693 2222 eos
721 2169 774 2220 aut
801 2159 832 2220 in
862 2159 967 2222 odium
989 2171 1042 2221 aut
1072 2159 1105 2222 in
1128 2159 1394 2240 contemptionem
1417 2168 1471 2220 anit
1491 2159 1523 2222 in
1544 2159 1691 2222 invidiam

374 2257 611 2321 deduxerimus.
668 2252 707 2314 ln
729 2249 836 2314 odium
858 2250 922 2314 sic:
951 2253 986 2315 Si
1008 2273 1117 2316 eorum
1140 2251 1245 2334 turpia
1278 2253 1328 2314 vel
1350 2250 1487 2314 crudelia
1508 2252 1591 2316 sacta
1613 2272 1692 2334 pro·

373 2351 528 2414 ieramus.
572 2347 610 2408 In
630 2344 778 2408 invidiam
798 2343 867 2405 sica
902 2344 936 2406 Si
967 2365 1077 2408 eorunm
1106 2345 1298 2426 potentiam,
1340 2344 1492 2428 gratiam,
1528 2345 1692 2428 pecuniam

375 2444 591 2527 proferamus.
646 2439 689 2502 Et
713 2435 861 2521 quioniam
887 2439 966 2500 baec
991 2438 1145 2500 interdum
1166 2458 1230 2501 non
1259 2440 1354 2502 modo
1377 2460 1440 2502 non
1463 2437 1606 2512 crimini,
1637 2439 1693 2500 sed

376 2538 468 2600 etiam
501 2532 611 2598 decori
641 2543 733 2604 etsnt;
770 2541 858 2592 recte
891 2530 1009 2593 addidit
1036 2531 1151 2595 borum
1186 2530 1323 2595 omnium
1353 2552 1441 2594 tunm
1471 2539 1737 2616 arrogantem;ttt
1862 2575 1865 2580 -

376 2629 493 2694 multae
520 2626 602 2689 enim
631 2645 683 2687 res
705 2643 764 2705 per
791 2643 826 2684 se
847 2621 944 2685 malae
972 2637 1061 2687 sum:
1099 2625 1233 2699 nutritae,
1273 2647 1368 2708 quum
1391 2623 1453 2687 sint
1476 2626 1614 2699 mediae,
1652 2645 1693 2686 ex

377 2731 495 2786 eventu
517 2722 621 2782 bonae
642 2717 693 2780 vel
727 2715 827 2778 malae
848 2715 940 2778 fiunt.
990 2717 1114 2780 Deinde
1134 2719 1165 2779 in
1189 2718 1456 2798 contemptionem
1477 2715 1524 2780 sic
1545 2719 1694 2780 adversa·

378 2816 446 2880 rios
474 2811 675 2883 adducimus,
712 2807 738 2871 si
768 2828 826 2872 eos
852 2812 1102 2874 contemnendos
1123 2831 1192 2874 esse
1216 2811 1373 2886 dicamus,
1411 2811 1499 2892 qirod
1519 2820 1571 2871 ant
1593 2808 1694 2891 negli-

379 2911 491 2994 gen'tes
518 2903 582 2967 sint
610 2914 664 2966 aut
690 2900 811 2986 ignavi.
861 2902 915 2964 Ab
947 2903 1081 2965 iudicum
1121 2923 1256 2985 persona
1286 2921 1365 2964 vero
1396 2903 1519 2965 duobus
1552 2923 1593 2966 ex
1615 2901 1694 2965 locis

383 2998 637 3064 benevolentiam
659 3015 898 3075 comparamus:
932 2995 958 3058 si
980 3017 1090 3060 eorum
1112 2997 1192 3058 bene
1215 3007 1305 3078 gesta
1327 2995 1393 3058 sine
1416 2993 1594 3057 adulatione
1615 3009 1736 3075 pro-tt

379 3095 518 3158 feramus
551 3102 582 3154 ct
611 3087 637 3152 si
669 3088 806 3150 dieamus
826 3087 1000 3169 praesentis
1030 3087 1136 3151 iudicii
1157 3108 1300 3170 magnam
1323 3107 1392 3150 csse
1413 3085 1693 3167 exspectationem.

381 3187 555 3250 Postremo
579 3184 618 3244 ab
639 3182 711 3264 ipso
733 3181 863 3265 negotio
880 3183 1003 3244 duobus
1026 3203 1067 3244 ex
1088 3181 1169 3245 locis
1184 3178 1435 3244 benevolentiam
1458 3199 1693 3259 comparamus:

381 3280 408 3342 si
435 3290 578 3342 nostram
609 3294 734 3336 caussam
771 3274 928 3336 laudando
957 3274 1165 3351 extollamus,
1203 3271 1457 3336 adversariorum
1487 3272 1695 3356 vituperando

383 3371 606 3453 deprimamus.

465 3465 625 3526 Attentos
640 3469 756 3521 autem
770 3455 975 3549 faciemus,
999 3459 1031 3522 si
1048 3459 1358 3526 demonstrabimus
1377 3480 1435 3533 ea,
1460 3481 1546 3543 quaa
1571 3456 1738 3532 dictauisn

384 3555 536 3627 erimus,
571 3572 718 3634 magna,
752 3571 859 3625 nova,
893 3551 1106 3616 incredibilia
1125 3555 1212 3634 esse]
1258 3555 1352 3616 Nunc
1374 3555 1468 3615 docet
1493 3554 1697 3634 quemadmo-

382 3652 455 3712 dum
477 3657 615 3708 attentos
636 3642 753 3706 iudices
776 3644 883 3706 iacere
905 3646 1093 3709 debeamus:
1126 3649 1295 3721 Attentos,
1319 3645 1438 3729 inaruit,
1462 3645 1580 3708 iudices
1601 3644 1698 3707 sacie-

384 3763 468 3817 mas,
492 3739 521 3802 si
542 3758 601 3800 nos
622 3758 733 3820 magna
757 3737 975 3818 promittamus
996 3739 1136 3803 dicturos
1160 3760 1247 3816 esse,
1271 3750 1305 3802 ut
1319 3738 1362 3801 ait
1378 3738 1552 3822 Virgilius:
1575 3736 1699 3802 Maius

381 3855 470 3917 opus
491 3851 621 3894 moveo.
664 3829 786 3893 Deinde
816 3830 844 3892 si
873 3850 957 3895 nova
990 3854 1048 3896 nos
1076 3835 1217 3897 dicturos
1252 3853 1319 3896 esse
1342 3830 1490 3894 dicamus.
1536 3829 1697 3896 interdum

382 3929 463 3991 enirn
485 3924 578 3989 etiam
600 3923 626 3987 si
648 3922 846 4006 magnanon
872 3923 913 3985 sit
934 3945 1007 4002 res,
1039 3937 1142 3989 tamen
1174 3946 1257 3990 nova
1280 3925 1399 3992 animos
1423 3927 1598 3988 eruditorum
1621 3925 1738 3997 incitas

381 4031 535 4084 attentos.
579 4019 751 4082 Postremo
772 4016 798 4078 si
822 4016 1035 4093 incredibilia;
1057 4019 1236 4082 necessario
1252 4021 1364 4082 etenim
1380 4027 1498 4082 attente
1513 4019 1698 4082 audiendum

382 4124 450 4188 est,
474 4111 563 4195 qtrod
584 4107 641 4172 le
661 4129 756 4190 posse
779 4109 866 4171 credi
886 4113 1052 4191 promitto.
1096 4112 1220 4180 Deinde
1243 4113 1269 4174 si
1291 4113 1390 4186 haec,
1413 4110 1531 4193 inquit,
1556 4131 1696 4193 magna,

380 4225 490 4280 noua,
511 4201 724 4265 incredibilia
751 4200 889 4264 dicamus
911 4222 993 4264 nunc
1016 4205 1065 4266 ad
1077 4225 1194 4268 omues
1205 4204 1400 4288 pertinem-
1421 4215 1455 4267 ut
1470 4225 1565 4286 saepe
1581 4202 1698 4268 Cicero

383 4299 449 4372 ait,
473 4300 596 4380 dequo
619 4295 736 4379 agitur,
759 4315 823 4357 non
845 4297 884 4356 ad
905 4295 1007 4358 solum
1030 4318 1138 4371 reum,
1162 4300 1218 4360 sed
1240 4300 1279 4359 ad
1300 4297 1436 4360 oxnnium
1458 4296 1603 4359 fortunas
1625 4318 1700 4378 per-

383 4393 507 4456 tinere:
530 4411 612 4452 ntrnc
633 4389 680 4451 ad
699 4410 771 4463 eos,
794 4389 853 4471 qui
873 4389 1038 4461 ιιιιιιιιιιιι,ι
1059 4401 1093 4454 ιιι
1114 4390 1231 4455 Cicero
1255 4411 1352 4472 saepe
1374 4389 1434 4466 ait,
1459 4391 1521 4454 boc
1538 4389 1609 4453 ideo
1625 4391 1698 4474 agi,
1711 4411 1742 4460 ea

384 4496 420 4549 ut
441 4507 458 4548 a
481 4483 634 4546 iudicibus
657 4482 769 4545 indicia
792 4481 1042 4546 transferantur:
1065 4505 1148 4546 ntum
1168 4485 1214 4548 ad
1230 4483 1364 4568 aliquos
1377 4482 1527 4548 illustres
1534 4507 1546 4556 ,·
1566 4485 1594 4546 si
1617 4484 1701 4548 dica·

385 4599 455 4642 mus
475 4598 541 4640 rem
564 4577 653 4638 istam
681 4581 720 4638 ad
742 4576 941 4649 sacerdotes,
977 4579 1015 4638 ad
1037 4589 1201 4641 senatores
1223 4577 1275 4640 vel
1297 4577 1377 4640 alios
1399 4575 1579 4641 huiusmodi
1600 4579 1701 4660 perti·

384 4692 481 4744 nere3
503 4691 586 4732 nsinc
606 4669 654 4731 ad
674 4669 756 4732 deos
777 4671 1006 4741 immortalem·
1034 4683 1068 4732 ιιι
1091 4669 1208 4736 Cicero
1232 4674 1269 4732 de
1292 4673 1388 4734 domo
1410 4691 1466 4734 sua
1489 4670 1583 4748 dicit,
1618 4671 1700 4734 Rem

385 4766 426 4826 ad
446 4766 524 4828 deos
543 4763 723 4846 pertinere,
748 4783 786 4824 ne
808 4761 868 4844 ipsi
890 4760 1078 4828 Ciceronem
1102 4766 1197 4830 domo
1220 4765 1379 4846 expulisse
1402 4764 1585 4828 videantur:
1618 4785 1700 4827 nunc

384 4857 433 4920 ad
457 4879 628 4922 summam
660 4877 734 4920 rem
760 4856 933 4940 publicam
957 4859 1144 4939 pertinere.
1200 4859 1293 4943 Ergo
1323 4858 1372 4922 his
1400 4857 1545 4922 omnibus
1568 4867 1744 4930 attentosas

462 5083 508 5138 31.
528 5077 645 5148 erimus]
663 5105 700 5118 -
718 5091 813 5126 stamus
832 5073 882 5126 cd.
903 5075 956 5127 Bas
986 5075 1039 5128 01.

463 5154 501 5212 43
533 5150 612 5220 dicit]
635 5179 669 5193 -
689 5150 763 5201 dixit
783 5147 832 5203 Cd.
854 5151 917 5204 Das.
938 5147 990 5202 On.
