<?xml version="1.0" encoding="UTF-8"?>
<!DOCTYPE html PUBLIC "-//W3C//DTD XHTML 1.0 Transitional//EN"
    "http://www.w3.org/TR/xhtml1/DTD/xhtml1-transitional.dtd">
<html xmlns="http://www.w3.org/1999/xhtml" xml:lang="en" lang="en">
 <head>
  <title>
</title>
<meta http-equiv="Content-Type" content="text/html;charset=utf-8" />
  <meta name='ocr-system' content='tesseract 3.04.00' />
  <meta name='ocr-capabilities' content='ocr_page ocr_carea ocr_par ocr_line ocrx_word'/>
</head>
<body>
  <div class='ocr_page' id='page_1' title='image "./operaquaesupers09halmgoog/operaquaesupers09halmgoog_0289.png"; bbox 0 0 4434 5959; ppageno 0'>
   <div class='ocr_carea' id='block_1_1' title="bbox 954 607 1763 687">
    <p class='ocr_par' dir='ltr' id='par_1_1' title="bbox 954 607 1763 687">
     <span class='ocr_line' id='line_1_1' title="bbox 954 607 1763 687; baseline -0.009 -6"><span class='ocrx_word' id='word_1_1' title='bbox 954 616 1047 681; x_wconf 87' lang='lat' dir='ltr'><strong>LIB.</strong></span> <span class='ocrx_word' id='word_1_2' title='bbox 1070 614 1100 679; x_wconf 88' lang='lat' dir='ltr'>l.</span> <span class='ocrx_word' id='word_1_3' title='bbox 1622 607 1687 687; x_wconf 66' lang='grc'>273</span> <span class='ocrx_word' id='word_1_4' title='bbox 1753 648 1763 655; x_wconf 91' lang='grc'><strong>-</strong></span> 
     </span>
    </p>
   </div>
   <div class='ocr_carea' id='block_1_2' title="bbox 364 749 1765 1487">
    <p class='ocr_par' dir='ltr' id='par_1_2' title="bbox 364 749 1765 1487">
     <span class='ocr_line' id='line_1_2' title="bbox 364 749 1687 845; baseline -0.007 -20"><span class='ocrx_word' id='word_1_5' title='bbox 364 756 400 825; x_wconf 91' lang='lat' dir='ltr'>in</span> <span class='ocrx_word' id='word_1_6' title='bbox 424 754 493 845; x_wconf 87' lang='lat' dir='ltr'>lpse</span> <span class='ocrx_word' id='word_1_7' title='bbox 516 752 719 841; x_wconf 83' lang='lat' dir='ltr'>navigatione</span> <span class='ocrx_word' id='word_1_8' title='bbox 740 756 983 840; x_wconf 86' lang='lat' dir='ltr'>conscripserit,</span> <span class='ocrx_word' id='word_1_9' title='bbox 1011 756 1102 840; x_wconf 90' lang='lat' dir='ltr'>eique</span> <span class='ocrx_word' id='word_1_10' title='bbox 1123 774 1165 819; x_wconf 85' lang='lat' dir='ltr'>ex</span> <span class='ocrx_word' id='word_1_11' title='bbox 1187 752 1301 820; x_wconf 86' lang='lat' dir='ltr'>itinere</span> <span class='ocrx_word' id='word_1_12' title='bbox 1322 752 1461 831; x_wconf 90' lang='lat' dir='ltr'>miserit,</span> <span class='ocrx_word' id='word_1_13' title='bbox 1484 764 1520 816; x_wconf 93' lang='lat' dir='ltr'>ut</span> <span class='ocrx_word' id='word_1_14' title='bbox 1537 749 1687 817; x_wconf 68' lang='lat' dir='ltr'>henelmii</span> 
     </span>
     <span class='ocr_line' id='line_1_3' title="bbox 365 844 1686 935; baseline -0.003 -22"><span class='ocrx_word' id='word_1_15' title='bbox 365 851 496 914; x_wconf 89' lang='lat' dir='ltr'>cumulo</span> <span class='ocrx_word' id='word_1_16' title='bbox 519 850 650 933; x_wconf 89' lang='lat' dir='ltr'>parendi</span> <span class='ocrx_word' id='word_1_17' title='bbox 675 850 768 914; x_wconf 90' lang='lat' dir='ltr'>etiam</span> <span class='ocrx_word' id='word_1_18' title='bbox 796 850 941 915; x_wconf 72' lang='lat' dir='ltr'>celeritas</span> <span class='ocrx_word' id='word_1_19' title='bbox 969 852 1166 924; x_wconf 73' lang='lat' dir='ltr'>adderetura</span> <span class='ocrx_word' id='word_1_20' title='bbox 1208 851 1305 935; x_wconf 89' lang='lat' dir='ltr'>(quae</span> <span class='ocrx_word' id='word_1_21' title='bbox 1333 870 1430 933; x_wconf 89' lang='lat' dir='ltr'>quum</span> <span class='ocrx_word' id='word_1_22' title='bbox 1457 847 1562 911; x_wconf 89' lang='lat' dir='ltr'>omnia</span> <span class='ocrx_word' id='word_1_23' title='bbox 1597 844 1686 909; x_wconf 90' lang='lat' dir='ltr'>beni·</span> 
     </span>
     <span class='ocr_line' id='line_1_4' title="bbox 366 939 1686 1028; baseline -0.005 -21"><span class='ocrx_word' id='word_1_24' title='bbox 366 964 464 1028; x_wconf 87' lang='lat' dir='ltr'>gnum</span> <span class='ocrx_word' id='word_1_25' title='bbox 491 954 621 1025; x_wconf 85' lang='lat' dir='ltr'>captare</span> <span class='ocrx_word' id='word_1_26' title='bbox 650 944 793 1008; x_wconf 77' lang='lat' dir='ltr'>Trebatii</span> <span class='ocrx_word' id='word_1_27' title='bbox 821 942 987 1008; x_wconf 88' lang='lat' dir='ltr'>videantur</span> <span class='ocrx_word' id='word_1_28' title='bbox 1018 962 1205 1018; x_wconf 76' lang='lat' dir='ltr'>assensum,</span> <span class='ocrx_word' id='word_1_29' title='bbox 1242 945 1395 1028; x_wconf 87' lang='lat' dir='ltr'>quaedam</span> <span class='ocrx_word' id='word_1_30' title='bbox 1418 952 1523 1004; x_wconf 89' lang='lat' dir='ltr'>tamen</span> <span class='ocrx_word' id='word_1_31' title='bbox 1546 939 1686 1004; x_wconf 75' lang='lat' dir='ltr'>brevitas</span> 
     </span>
     <span class='ocr_line' id='line_1_5' title="bbox 366 1031 1686 1120; baseline -0.001 -20"><span class='ocrx_word' id='word_1_32' title='bbox 366 1036 588 1119; x_wconf 70' lang='lat' dir='ltr'>l&#39;opicorum,</span> <span class='ocrx_word' id='word_1_33' title='bbox 626 1036 776 1101; x_wconf 88' lang='lat' dir='ltr'>memoria</span> <span class='ocrx_word' id='word_1_34' title='bbox 796 1038 948 1120; x_wconf 90' lang='lat' dir='ltr'>repetita,</span> <span class='ocrx_word' id='word_1_35' title='bbox 986 1038 1168 1101; x_wconf 75' lang='lat' dir='ltr'>attentionis</span> <span class='ocrx_word' id='word_1_36' title='bbox 1190 1058 1320 1101; x_wconf 91' lang='lat' dir='ltr'>necesse</span> <span class='ocrx_word' id='word_1_37' title='bbox 1341 1047 1390 1099; x_wconf 89' lang='lat' dir='ltr'>est</span> <span class='ocrx_word' id='word_1_38' title='bbox 1414 1031 1686 1099; x_wconf 81' lang='lat' dir='ltr'>animadversione</span> 
     </span>
     <span class='ocr_line' id='line_1_6' title="bbox 364 1128 1711 1213; baseline -0.004 -18"><span class='ocrx_word' id='word_1_39' title='bbox 364 1128 536 1211; x_wconf 70' lang='lat' dir='ltr'>frangaturt</span> <span class='ocrx_word' id='word_1_40' title='bbox 558 1129 626 1211; x_wconf 90' lang='lat' dir='ltr'>ipsa</span> <span class='ocrx_word' id='word_1_41' title='bbox 647 1151 781 1213; x_wconf 87' lang='lat' dir='ltr'>namque</span> <span class='ocrx_word' id='word_1_42' title='bbox 803 1132 975 1197; x_wconf 77' lang='lat' dir='ltr'>memoriae</span> <span class='ocrx_word' id='word_1_43' title='bbox 1003 1130 1154 1212; x_wconf 89' lang='lat' dir='ltr'>repetitio</span> <span class='ocrx_word' id='word_1_44' title='bbox 1179 1133 1277 1195; x_wconf 82' lang='lat' dir='ltr'>heere</span> <span class='ocrx_word' id='word_1_45' title='bbox 1301 1137 1458 1193; x_wconf 89' lang='lat' dir='ltr'>monstrat</span> <span class='ocrx_word' id='word_1_46' title='bbox 1486 1148 1567 1203; x_wconf 86' lang='lat' dir='ltr'>esse,</span> <span class='ocrx_word' id='word_1_47' title='bbox 1590 1128 1711 1212; x_wconf 72' lang='lat' dir='ltr'>‚qrrout</span> 
     </span>
     <span class='ocr_line' id='line_1_7' title="bbox 365 1220 1687 1310; baseline -0.002 -25"><span class='ocrx_word' id='word_1_48' title='bbox 365 1221 534 1307; x_wconf 89' lang='lat' dir='ltr'>colligit;)</span> <span class='ocrx_word' id='word_1_49' title='bbox 556 1226 707 1308; x_wconf 88' lang='lat' dir='ltr'>quodque</span> <span class='ocrx_word' id='word_1_50' title='bbox 737 1223 917 1310; x_wconf 79' lang='lat' dir='ltr'>diligentiae</span> <span class='ocrx_word' id='word_1_51' title='bbox 945 1224 1006 1289; x_wconf 87' lang='lat' dir='ltr'>sihi</span> <span class='ocrx_word' id='word_1_52' title='bbox 1032 1223 1152 1292; x_wconf 84' lang='lat' dir='ltr'>luerint</span> <span class='ocrx_word' id='word_1_53' title='bbox 1180 1226 1321 1290; x_wconf 87' lang='lat' dir='ltr'>mandata</span> <span class='ocrx_word' id='word_1_54' title='bbox 1345 1220 1505 1296; x_wconf 76' lang='lat' dir='ltr'>Trebatii,</span> <span class='ocrx_word' id='word_1_55' title='bbox 1536 1232 1567 1285; x_wconf 87' lang='lat' dir='ltr'>et</span> <span class='ocrx_word' id='word_1_56' title='bbox 1597 1221 1687 1305; x_wconf 89' lang='lat' dir='ltr'>quod</span> 
     </span>
     <span class='ocr_line' id='line_1_8' title="bbox 365 1313 1686 1403; baseline -0.002 -25"><span class='ocrx_word' id='word_1_57' title='bbox 365 1317 407 1385; x_wconf 88' lang='lat' dir='ltr'>ad</span> <span class='ocrx_word' id='word_1_58' title='bbox 427 1315 623 1379; x_wconf 76' lang='lat' dir='ltr'>excitandam</span> <span class='ocrx_word' id='word_1_59' title='bbox 645 1316 696 1381; x_wconf 89' lang='lat' dir='ltr'>sui</span> <span class='ocrx_word' id='word_1_60' title='bbox 725 1318 908 1383; x_wconf 84' lang='lat' dir='ltr'>memoriam</span> <span class='ocrx_word' id='word_1_61' title='bbox 932 1316 1022 1403; x_wconf 88' lang='lat' dir='ltr'>quasi</span> <span class='ocrx_word' id='word_1_62' title='bbox 1049 1316 1167 1403; x_wconf 89' lang='lat' dir='ltr'>pignus</span> <span class='ocrx_word' id='word_1_63' title='bbox 1191 1318 1293 1383; x_wconf 89' lang='lat' dir='ltr'>amico</span> <span class='ocrx_word' id='word_1_64' title='bbox 1317 1318 1446 1401; x_wconf 83' lang='lat' dir='ltr'>aliquod</span> <span class='ocrx_word' id='word_1_65' title='bbox 1469 1327 1563 1399; x_wconf 84' lang='lat' dir='ltr'>atque</span> <span class='ocrx_word' id='word_1_66' title='bbox 1584 1313 1686 1377; x_wconf 88' lang='lat' dir='ltr'>moni·</span> 
     </span>
     <span class='ocr_line' id='line_1_9' title="bbox 365 1409 1765 1487; baseline 0.001 -18"><span class='ocrx_word' id='word_1_67' title='bbox 365 1421 502 1471; x_wconf 88' lang='lat' dir='ltr'>mentum</span> <span class='ocrx_word' id='word_1_68' title='bbox 533 1409 688 1473; x_wconf 90' lang='lat' dir='ltr'>voluisset</span> <span class='ocrx_word' id='word_1_69' title='bbox 722 1422 862 1475; x_wconf 84' lang='lat' dir='ltr'>exstare.</span> <span class='ocrx_word' id='word_1_70' title='bbox 913 1409 975 1475; x_wconf 90' lang='lat' dir='ltr'>Cui</span> <span class='ocrx_word' id='word_1_71' title='bbox 1005 1410 1112 1475; x_wconf 90' lang='lat' dir='ltr'>adiicit</span> <span class='ocrx_word' id='word_1_72' title='bbox 1141 1411 1238 1487; x_wconf 90' lang='lat' dir='ltr'>illud,</span> <span class='ocrx_word' id='word_1_73' title='bbox 1280 1411 1345 1475; x_wconf 82' lang='lat' dir='ltr'>etsi</span> <span class='ocrx_word' id='word_1_74' title='bbox 1373 1410 1591 1474; x_wconf 80' lang='lat' dir='ltr'>admonitore</span> <span class='ocrx_word' id='word_1_75' title='bbox 1617 1429 1688 1473; x_wconf 91' lang='lat' dir='ltr'>non</span> <span class='ocrx_word' id='word_1_76' title='bbox 1761 1421 1765 1432; x_wconf 90' lang='lat'><strong><em>‘</em></strong></span> 
     </span>
    </p>
   </div>
   <div class='ocr_carea' id='block_1_3' title="bbox 243 1497 1730 1681">
    <p class='ocr_par' dir='ltr' id='par_1_3' title="bbox 243 1497 1730 1681">
     <span class='ocr_line' id='line_1_10' title="bbox 243 1497 1688 1589; baseline 0.001 -26"><span class='ocrx_word' id='word_1_77' title='bbox 243 1530 244 1563; x_wconf 74' lang='lat' dir='ltr'>l</span> <span class='ocrx_word' id='word_1_78' title='bbox 364 1522 465 1583; x_wconf 85' lang='lat' dir='ltr'>eges,</span> <span class='ocrx_word' id='word_1_79' title='bbox 502 1523 540 1565; x_wconf 87' lang='lat' dir='ltr'>ue</span> <span class='ocrx_word' id='word_1_80' title='bbox 564 1504 705 1566; x_wconf 81' lang='lat' dir='ltr'>offendat</span> <span class='ocrx_word' id='word_1_81' title='bbox 724 1504 859 1568; x_wconf 80' lang='lat' dir='ltr'>animiam</span> <span class='ocrx_word' id='word_1_82' title='bbox 881 1504 1046 1568; x_wconf 87' lang='lat' dir='ltr'>sedulitate</span> <span class='ocrx_word' id='word_1_83' title='bbox 1067 1504 1313 1581; x_wconf 86' lang='lat' dir='ltr'>admonitionis,</span> <span class='ocrx_word' id='word_1_84' title='bbox 1352 1504 1395 1579; x_wconf 92' lang='lat' dir='ltr'>si,</span> <span class='ocrx_word' id='word_1_85' title='bbox 1429 1524 1522 1589; x_wconf 77' lang='lat' dir='ltr'>quiem</span> <span class='ocrx_word' id='word_1_86' title='bbox 1544 1497 1688 1566; x_wconf 79' lang='lat' dir='ltr'>commo·</span> 
     </span>
     <span class='ocr_line' id='line_1_11' title="bbox 243 1594 1730 1681; baseline 0.001 -26"><span class='ocrx_word' id='word_1_87' title='bbox 243 1638 244 1655; x_wconf 49' lang='grc' dir='ltr'>ι</span> <span class='ocrx_word' id='word_1_88' title='bbox 365 1596 502 1657; x_wconf 88' lang='lat' dir='ltr'>neudum</span> <span class='ocrx_word' id='word_1_89' title='bbox 523 1594 647 1670; x_wconf 86' lang='lat' dir='ltr'>credit,</span> <span class='ocrx_word' id='word_1_90' title='bbox 672 1597 842 1661; x_wconf 81' lang='lat' dir='ltr'>oblivionis</span> <span class='ocrx_word' id='word_1_91' title='bbox 864 1596 1010 1661; x_wconf 90' lang='lat' dir='ltr'>videatur</span> <span class='ocrx_word' id='word_1_92' title='bbox 1029 1618 1179 1681; x_wconf 75' lang='lat' dir='ltr'>augurare.</span> <span class='ocrx_word' id='word_1_93' title='bbox 1210 1599 1310 1665; x_wconf 84' lang='lat' dir='ltr'>Haec</span> <span class='ocrx_word' id='word_1_94' title='bbox 1324 1597 1447 1672; x_wconf 89' lang='lat' dir='ltr'>omnia,</span> <span class='ocrx_word' id='word_1_95' title='bbox 1471 1607 1506 1659; x_wconf 93' lang='lat' dir='ltr'>ut</span> <span class='ocrx_word' id='word_1_96' title='bbox 1526 1594 1606 1669; x_wconf 78' lang='lat' dir='ltr'>dixi,</span> <span class='ocrx_word' id='word_1_97' title='bbox 1630 1596 1730 1657; x_wconf 69' lang='lat' dir='ltr'>tre-¹⁰</span> 
     </span>
    </p>
   </div>
   <div class='ocr_carea' id='block_1_4' title="bbox 364 1688 1732 4481">
    <p class='ocr_par' dir='ltr' id='par_1_4' title="bbox 366 1688 1732 2145">
     <span class='ocr_line' id='line_1_12' title="bbox 367 1688 1688 1775; baseline 0.001 -24"><span class='ocrx_word' id='word_1_98' title='bbox 367 1688 573 1753; x_wconf 82' lang='lat' dir='ltr'>nevolentiae</span> <span class='ocrx_word' id='word_1_99' title='bbox 589 1689 738 1771; x_wconf 74' lang='lat' dir='ltr'>panibus</span> <span class='ocrx_word' id='word_1_100' title='bbox 761 1693 853 1773; x_wconf 90' lang='lat' dir='ltr'>plena</span> <span class='ocrx_word' id='word_1_101' title='bbox 883 1701 967 1753; x_wconf 81' lang='lat' dir='ltr'>siunt.</span> <span class='ocrx_word' id='word_1_102' title='bbox 1024 1692 1086 1754; x_wconf 89' lang='lat' dir='ltr'>Sed</span> <span class='ocrx_word' id='word_1_103' title='bbox 1108 1694 1148 1754; x_wconf 93' lang='lat' dir='ltr'>de</span> <span class='ocrx_word' id='word_1_104' title='bbox 1178 1691 1350 1775; x_wconf 87' lang='lat' dir='ltr'>prooemio</span> <span class='ocrx_word' id='word_1_105' title='bbox 1375 1689 1451 1754; x_wconf 91' lang='lat' dir='ltr'>satis</span> <span class='ocrx_word' id='word_1_106' title='bbox 1485 1688 1602 1751; x_wconf 88' lang='lat' dir='ltr'>dictum</span> <span class='ocrx_word' id='word_1_107' title='bbox 1630 1699 1688 1753; x_wconf 86' lang='lat' dir='ltr'>est.</span> 
     </span>
     <span class='ocr_line' id='line_1_13' title="bbox 366 1780 1687 1870; baseline -0.002 -27"><span class='ocrx_word' id='word_1_108' title='bbox 366 1781 464 1843; x_wconf 86' lang='lat' dir='ltr'>Nunc</span> <span class='ocrx_word' id='word_1_109' title='bbox 493 1785 534 1844; x_wconf 92' lang='lat' dir='ltr'>ad</span> <span class='ocrx_word' id='word_1_110' title='bbox 562 1784 723 1867; x_wconf 88' lang='lat' dir='ltr'>sequentia</span> <span class='ocrx_word' id='word_1_111' title='bbox 753 1796 966 1859; x_wconf 88' lang='lat' dir='ltr'>transeamus,</span> <span class='ocrx_word' id='word_1_112' title='bbox 1003 1806 1062 1847; x_wconf 91' lang='lat' dir='ltr'>uec</span> <span class='ocrx_word' id='word_1_113' title='bbox 1093 1784 1121 1848; x_wconf 90' lang='lat' dir='ltr'>si</span> <span class='ocrx_word' id='word_1_114' title='bbox 1153 1784 1224 1870; x_wconf 89' lang='lat' dir='ltr'>quis</span> <span class='ocrx_word' id='word_1_115' title='bbox 1257 1787 1337 1849; x_wconf 89' lang='lat' dir='ltr'>haec</span> <span class='ocrx_word' id='word_1_116' title='bbox 1364 1784 1449 1866; x_wconf 89' lang='lat' dir='ltr'>apud</span> <span class='ocrx_word' id='word_1_117' title='bbox 1483 1780 1687 1845; x_wconf 83' lang='lat' dir='ltr'>Victorinum</span> 
     </span>
     <span class='ocr_line' id='line_1_14' title="bbox 371 1873 1686 1963; baseline 0.001 -26"><span class='ocrx_word' id='word_1_118' title='bbox 371 1874 465 1937; x_wconf 91' lang='lat' dir='ltr'>latius</span> <span class='ocrx_word' id='word_1_119' title='bbox 498 1886 633 1939; x_wconf 88' lang='lat' dir='ltr'>tractata</span> <span class='ocrx_word' id='word_1_120' title='bbox 666 1878 840 1958; x_wconf 88' lang='lat' dir='ltr'>repererit,</span> <span class='ocrx_word' id='word_1_121' title='bbox 878 1898 938 1940; x_wconf 91' lang='lat' dir='ltr'>uos</span> <span class='ocrx_word' id='word_1_122' title='bbox 965 1878 1132 1962; x_wconf 83' lang='lat' dir='ltr'>neglectae</span> <span class='ocrx_word' id='word_1_123' title='bbox 1166 1878 1358 1963; x_wconf 83' lang='lat' dir='ltr'>integritatis</span> <span class='ocrx_word' id='word_1_124' title='bbox 1388 1878 1522 1961; x_wconf 88' lang='lat' dir='ltr'>stringat</span> <span class='ocrx_word' id='word_1_125' title='bbox 1547 1873 1686 1939; x_wconf 77' lang='lat' dir='ltr'>invidia:</span> 
     </span>
     <span class='ocr_line' id='line_1_15' title="bbox 371 1970 1688 2053; baseline 0.003 -25"><span class='ocrx_word' id='word_1_126' title='bbox 371 1988 443 2028; x_wconf 87' lang='lat' dir='ltr'>nam</span> <span class='ocrx_word' id='word_1_127' title='bbox 466 1990 525 2032; x_wconf 91' lang='lat' dir='ltr'>nec</span> <span class='ocrx_word' id='word_1_128' title='bbox 547 1970 578 2032; x_wconf 91' lang='lat' dir='ltr'>in</span> <span class='ocrx_word' id='word_1_129' title='bbox 601 1970 733 2053; x_wconf 83' lang='lat' dir='ltr'>singulis</span> <span class='ocrx_word' id='word_1_130' title='bbox 756 1975 804 2049; x_wconf 86' lang='lat' dir='ltr'>(ut</span> <span class='ocrx_word' id='word_1_131' title='bbox 824 1971 879 2035; x_wconf 91' lang='lat' dir='ltr'>ille</span> <span class='ocrx_word' id='word_1_132' title='bbox 907 1970 996 2049; x_wconf 82' lang='lat' dir='ltr'>lacit)</span> <span class='ocrx_word' id='word_1_133' title='bbox 1018 1971 1125 2035; x_wconf 88' lang='lat' dir='ltr'>verbis</span> <span class='ocrx_word' id='word_1_134' title='bbox 1146 1972 1278 2037; x_wconf 88' lang='lat' dir='ltr'>haerere</span> <span class='ocrx_word' id='word_1_135' title='bbox 1300 1972 1465 2047; x_wconf 82' lang='lat' dir='ltr'>uolumus,</span> <span class='ocrx_word' id='word_1_136' title='bbox 1503 1980 1535 2032; x_wconf 90' lang='lat' dir='ltr'>et</span> <span class='ocrx_word' id='word_1_137' title='bbox 1556 1972 1597 2033; x_wconf 92' lang='lat' dir='ltr'>ad</span> <span class='ocrx_word' id='word_1_138' title='bbox 1621 1988 1688 2032; x_wconf 86' lang='lat' dir='ltr'>ana·</span> 
     </span>
     <span class='ocr_line' id='line_1_16' title="bbox 371 2060 1732 2145; baseline 0.007 -24"><span class='ocrx_word' id='word_1_139' title='bbox 371 2060 476 2143; x_wconf 88' lang='lat' dir='ltr'>pliora</span> <span class='ocrx_word' id='word_1_140' title='bbox 500 2063 592 2127; x_wconf 90' lang='lat' dir='ltr'>huius</span> <span class='ocrx_word' id='word_1_141' title='bbox 612 2064 722 2145; x_wconf 88' lang='lat' dir='ltr'>operis</span> <span class='ocrx_word' id='word_1_142' title='bbox 743 2064 940 2128; x_wconf 79' lang='lat' dir='ltr'>festinamus.</span> <span class='ocrx_word' id='word_1_143' title='bbox 1569 2117 1572 2122; x_wconf 56' lang='grc'><strong><em>«</em></strong></span> <span class='ocrx_word' id='word_1_144' title='bbox 1698 2066 1732 2117; x_wconf 71' lang='lat'>¹⁵</span> 
     </span>
    </p>

    <p class='ocr_par' dir='ltr' id='par_1_5' title="bbox 372 2154 1687 2313">
     <span class='ocr_line' id='line_1_17' title="bbox 456 2154 1687 2241; baseline 0 -21"><span class='ocrx_word' id='word_1_145' title='bbox 456 2154 557 2238; x_wconf 87' lang='lat' dir='ltr'>(Cap.</span> <span class='ocrx_word' id='word_1_146' title='bbox 580 2157 614 2220; x_wconf 81' lang='lat'>2.</span> <span class='ocrx_word' id='word_1_147' title='bbox 636 2164 668 2235; x_wconf 85' lang='lat'>§.</span> <span class='ocrx_word' id='word_1_148' title='bbox 692 2158 724 2221; x_wconf 81' lang='lat'>6.</span> <span class='ocrx_word' id='word_1_149' title='bbox 747 2190 788 2204; x_wconf 89' lang='lat'>-</span> <span class='ocrx_word' id='word_1_150' title='bbox 811 2180 883 2241; x_wconf 87' lang='lat' dir='ltr'>cap.</span> <span class='ocrx_word' id='word_1_151' title='bbox 907 2158 939 2221; x_wconf 77' lang='lat'>2.</span> <span class='ocrx_word' id='word_1_152' title='bbox 962 2162 991 2235; x_wconf 77' lang='lat'>§-</span> <span class='ocrx_word' id='word_1_153' title='bbox 1014 2158 1061 2237; x_wconf 84' lang='lat'>7.)</span> <span class='ocrx_word' id='word_1_154' title='bbox 1102 2161 1219 2241; x_wconf 83' lang='lat' dir='ltr'>Quum</span> <span class='ocrx_word' id='word_1_155' title='bbox 1239 2157 1353 2221; x_wconf 87' lang='lat' dir='ltr'>omnis</span> <span class='ocrx_word' id='word_1_156' title='bbox 1378 2156 1470 2222; x_wconf 82' lang='lat' dir='ltr'>ratio</span> <span class='ocrx_word' id='word_1_157' title='bbox 1490 2190 1533 2206; x_wconf 87' lang='lat'><em>-</em></span> <span class='ocrx_word' id='word_1_158' title='bbox 1552 2191 1591 2205; x_wconf 92' lang='lat'><em>-</em></span> <span class='ocrx_word' id='word_1_159' title='bbox 1618 2167 1687 2232; x_wconf 86' lang='lat' dir='ltr'>est,</span> 
     </span>
     <span class='ocr_line' id='line_1_18' title="bbox 372 2248 563 2313; baseline 0 0"><span class='ocrx_word' id='word_1_160' title='bbox 372 2248 563 2313; x_wconf 85' lang='lat' dir='ltr'>ordiemur.</span> 
     </span>
    </p>

    <p class='ocr_par' dir='ltr' id='par_1_6' title="bbox 364 2341 1731 4481">
     <span class='ocr_line' id='line_1_19' title="bbox 457 2341 1689 2429; baseline 0.002 -25"><span class='ocrx_word' id='word_1_161' title='bbox 457 2344 563 2422; x_wconf 80' lang='lat' dir='ltr'>Quium</span> <span class='ocrx_word' id='word_1_162' title='bbox 585 2341 787 2425; x_wconf 86' lang='lat' dir='ltr'>philosophia</span> <span class='ocrx_word' id='word_1_163' title='bbox 812 2344 955 2409; x_wconf 81' lang='lat' dir='ltr'>maximis</span> <span class='ocrx_word' id='word_1_164' title='bbox 976 2345 1008 2408; x_wconf 91' lang='lat' dir='ltr'>in</span> <span class='ocrx_word' id='word_1_165' title='bbox 1029 2348 1125 2409; x_wconf 87' lang='lat' dir='ltr'>rebus</span> <span class='ocrx_word' id='word_1_166' title='bbox 1148 2365 1279 2429; x_wconf 87' lang='lat' dir='ltr'>operam</span> <span class='ocrx_word' id='word_1_167' title='bbox 1293 2366 1380 2411; x_wconf 89' lang='lat' dir='ltr'>suam</span> <span class='ocrx_word' id='word_1_168' title='bbox 1396 2345 1595 2428; x_wconf 89' lang='lat' dir='ltr'>studiumque</span> <span class='ocrx_word' id='word_1_169' title='bbox 1609 2364 1689 2409; x_wconf 86' lang='lat' dir='ltr'>eoo·</span> 
     </span>
     <span class='ocr_line' id='line_1_20' title="bbox 369 2438 1689 2523; baseline 0.002 -25"><span class='ocrx_word' id='word_1_170' title='bbox 369 2448 494 2511; x_wconf 76' lang='lat' dir='ltr'>stimat,</span> <span class='ocrx_word' id='word_1_171' title='bbox 530 2458 690 2521; x_wconf 84' lang='lat' dir='ltr'>qrriimquc</span> <span class='ocrx_word' id='word_1_172' title='bbox 708 2450 740 2499; x_wconf 90' lang='lat' dir='ltr'>et</span> <span class='ocrx_word' id='word_1_173' title='bbox 762 2438 794 2500; x_wconf 90' lang='lat' dir='ltr'>in</span> <span class='ocrx_word' id='word_1_174' title='bbox 820 2440 1012 2502; x_wconf 85' lang='lat' dir='ltr'>natarralihus</span> <span class='ocrx_word' id='word_1_175' title='bbox 1043 2439 1271 2520; x_wconf 86' lang='lat' dir='ltr'>inspectionem</span> <span class='ocrx_word' id='word_1_176' title='bbox 1299 2438 1610 2523; x_wconf 84' lang='lat' dir='ltr'>speculationemque</span> <span class='ocrx_word' id='word_1_177' title='bbox 1632 2441 1689 2500; x_wconf 88' lang='lat' dir='ltr'>ad·</span> 
     </span>
     <span class='ocr_line' id='line_1_21' title="bbox 369 2530 1731 2617; baseline 0.001 -26"><span class='ocrx_word' id='word_1_178' title='bbox 369 2530 479 2591; x_wconf 84' lang='lat' dir='ltr'>hibent</span> <span class='ocrx_word' id='word_1_179' title='bbox 504 2538 536 2591; x_wconf 89' lang='lat' dir='ltr'>et</span> <span class='ocrx_word' id='word_1_180' title='bbox 555 2530 586 2592; x_wconf 92' lang='lat' dir='ltr'>in</span> <span class='ocrx_word' id='word_1_181' title='bbox 613 2530 786 2594; x_wconf 89' lang='lat' dir='ltr'>moralibus</span> <span class='ocrx_word' id='word_1_182' title='bbox 805 2534 978 2608; x_wconf 89' lang='lat' dir='ltr'>actionem,</span> <span class='ocrx_word' id='word_1_183' title='bbox 1003 2544 1034 2595; x_wconf 91' lang='lat' dir='ltr'>et</span> <span class='ocrx_word' id='word_1_184' title='bbox 1056 2532 1100 2594; x_wconf 85' lang='lat' dir='ltr'>sic</span> <span class='ocrx_word' id='word_1_185' title='bbox 1121 2533 1261 2595; x_wconf 79' lang='lat' dir='ltr'>formare</span> <span class='ocrx_word' id='word_1_186' title='bbox 1277 2534 1391 2617; x_wconf 89' lang='lat' dir='ltr'>gestiat</span> <span class='ocrx_word' id='word_1_187' title='bbox 1410 2551 1537 2609; x_wconf 87' lang='lat' dir='ltr'>mores,</span> <span class='ocrx_word' id='word_1_188' title='bbox 1561 2543 1596 2595; x_wconf 96' lang='lat' dir='ltr'>ut</span> <span class='ocrx_word' id='word_1_189' title='bbox 1611 2536 1731 2594; x_wconf 64' lang='lat' dir='ltr'>verazd</span> 
     </span>
     <span class='ocr_line' id='line_1_22' title="bbox 370 2622 1689 2709; baseline 0.002 -26"><span class='ocrx_word' id='word_1_190' title='bbox 370 2624 456 2686; x_wconf 90' lang='lat' dir='ltr'>vitae</span> <span class='ocrx_word' id='word_1_191' title='bbox 483 2622 566 2686; x_wconf 92' lang='lat' dir='ltr'>ratio</span> <span class='ocrx_word' id='word_1_192' title='bbox 598 2626 811 2705; x_wconf 84' lang='lat' dir='ltr'>persuaserit:</span> <span class='ocrx_word' id='word_1_193' title='bbox 849 2627 979 2690; x_wconf 89' lang='lat' dir='ltr'>evenire</span> <span class='ocrx_word' id='word_1_194' title='bbox 1008 2646 1136 2689; x_wconf 86' lang='lat' dir='ltr'>necesse</span> <span class='ocrx_word' id='word_1_195' title='bbox 1165 2635 1230 2699; x_wconf 87' lang='lat' dir='ltr'>est,</span> <span class='ocrx_word' id='word_1_196' title='bbox 1259 2636 1295 2687; x_wconf 94' lang='lat' dir='ltr'>ut</span> <span class='ocrx_word' id='word_1_197' title='bbox 1321 2628 1491 2688; x_wconf 78' lang='lat' dir='ltr'>sectandum</span> <span class='ocrx_word' id='word_1_198' title='bbox 1512 2626 1562 2700; x_wconf 93' lang='lat' dir='ltr'>id,</span> <span class='ocrx_word' id='word_1_199' title='bbox 1599 2624 1689 2709; x_wconf 90' lang='lat' dir='ltr'>quod</span> 
     </span>
     <span class='ocr_line' id='line_1_23' title="bbox 370 2716 1688 2802; baseline 0 -23"><span class='ocrx_word' id='word_1_200' title='bbox 370 2716 455 2780; x_wconf 89' lang='lat' dir='ltr'>ratio</span> <span class='ocrx_word' id='word_1_201' title='bbox 478 2718 644 2779; x_wconf 90' lang='lat' dir='ltr'>tenendum</span> <span class='ocrx_word' id='word_1_202' title='bbox 666 2718 931 2792; x_wconf 85' lang='lat' dir='ltr'>omittendumve,</span> <span class='ocrx_word' id='word_1_203' title='bbox 955 2721 1043 2802; x_wconf 88' lang='lat' dir='ltr'>quod</span> <span class='ocrx_word' id='word_1_204' title='bbox 1060 2718 1234 2783; x_wconf 75' lang='lat' dir='ltr'>laciendum</span> <span class='ocrx_word' id='word_1_205' title='bbox 1258 2730 1396 2781; x_wconf 91' lang='lat' dir='ltr'>autnon</span> <span class='ocrx_word' id='word_1_206' title='bbox 1418 2717 1594 2781; x_wconf 83' lang='lat' dir='ltr'>iaciendum</span> <span class='ocrx_word' id='word_1_207' title='bbox 1617 2735 1688 2779; x_wconf 85' lang='lat' dir='ltr'>esse</span> 
     </span>
     <span class='ocr_line' id='line_1_24' title="bbox 369 2806 1687 2893; baseline -0.001 -23"><span class='ocrx_word' id='word_1_208' title='bbox 369 2806 566 2884; x_wconf 76' lang='lat' dir='ltr'>decreverit,</span> <span class='ocrx_word' id='word_1_209' title='bbox 605 2810 654 2873; x_wconf 92' lang='lat' dir='ltr'>vel</span> <span class='ocrx_word' id='word_1_210' title='bbox 685 2810 831 2874; x_wconf 79' lang='lat' dir='ltr'>iudicium</span> <span class='ocrx_word' id='word_1_211' title='bbox 855 2811 1083 2886; x_wconf 88' lang='lat' dir='ltr'>constituatur,</span> <span class='ocrx_word' id='word_1_212' title='bbox 1123 2816 1162 2873; x_wconf 86' lang='lat' dir='ltr'>ad</span> <span class='ocrx_word' id='word_1_213' title='bbox 1190 2813 1277 2893; x_wconf 89' lang='lat' dir='ltr'>quod</span> <span class='ocrx_word' id='word_1_214' title='bbox 1298 2811 1383 2875; x_wconf 91' lang='lat' dir='ltr'>vitae</span> <span class='ocrx_word' id='word_1_215' title='bbox 1409 2810 1562 2893; x_wconf 88' lang='lat' dir='ltr'>dirigatur</span> <span class='ocrx_word' id='word_1_216' title='bbox 1582 2810 1687 2871; x_wconf 86' lang='lat' dir='ltr'>inten-</span> 
     </span>
     <span class='ocr_line' id='line_1_25' title="bbox 369 2898 1687 2989; baseline -0.002 -25"><span class='ocrx_word' id='word_1_217' title='bbox 369 2904 434 2976; x_wconf 89' lang='lat' dir='ltr'>tio,</span> <span class='ocrx_word' id='word_1_218' title='bbox 475 2902 525 2963; x_wconf 90' lang='lat' dir='ltr'>vel</span> <span class='ocrx_word' id='word_1_219' title='bbox 554 2923 665 2965; x_wconf 90' lang='lat' dir='ltr'>sensus</span> <span class='ocrx_word' id='word_1_220' title='bbox 695 2917 894 2969; x_wconf 84' lang='lat' dir='ltr'>exerceatur.</span> <span class='ocrx_word' id='word_1_221' title='bbox 945 2906 1017 2969; x_wconf 92' lang='lat' dir='ltr'>Erit</span> <span class='ocrx_word' id='word_1_222' title='bbox 1048 2904 1148 2989; x_wconf 89' lang='lat' dir='ltr'>igitur</span> <span class='ocrx_word' id='word_1_223' title='bbox 1183 2904 1392 2967; x_wconf 85' lang='lat' dir='ltr'>necessarium</span> <span class='ocrx_word' id='word_1_224' title='bbox 1415 2903 1465 2965; x_wconf 89' lang='lat' dir='ltr'>vel</span> <span class='ocrx_word' id='word_1_225' title='bbox 1490 2903 1523 2967; x_wconf 90' lang='lat' dir='ltr'>iu</span> <span class='ocrx_word' id='word_1_226' title='bbox 1553 2898 1687 2965; x_wconf 88' lang='lat' dir='ltr'>naturali</span> 
     </span>
     <span class='ocr_line' id='line_1_26' title="bbox 369 2995 1728 3080; baseline -0.001 -21"><span class='ocrx_word' id='word_1_227' title='bbox 369 2995 586 3078; x_wconf 89' lang='lat' dir='ltr'>speculatione</span> <span class='ocrx_word' id='word_1_228' title='bbox 608 2997 658 3058; x_wconf 89' lang='lat' dir='ltr'>vel</span> <span class='ocrx_word' id='word_1_229' title='bbox 681 2996 713 3059; x_wconf 91' lang='lat' dir='ltr'>iu</span> <span class='ocrx_word' id='word_1_230' title='bbox 737 3000 900 3061; x_wconf 89' lang='lat' dir='ltr'>moralium</span> <span class='ocrx_word' id='word_1_231' title='bbox 924 2999 1081 3061; x_wconf 88' lang='lat' dir='ltr'>actionum</span> <span class='ocrx_word' id='word_1_232' title='bbox 1108 2997 1322 3080; x_wconf 86' lang='lat' dir='ltr'>cogitatione,</span> <span class='ocrx_word' id='word_1_233' title='bbox 1356 3011 1389 3062; x_wconf 93' lang='lat' dir='ltr'>ut</span> <span class='ocrx_word' id='word_1_234' title='bbox 1411 3008 1498 3060; x_wconf 88' lang='lat' dir='ltr'>certa</span> <span class='ocrx_word' id='word_1_235' title='bbox 1520 2995 1603 3058; x_wconf 87' lang='lat' dir='ltr'>ratio</span> <span class='ocrx_word' id='word_1_236' title='bbox 1633 2996 1728 3059; x_wconf 70' lang='lat' dir='ltr'>velta</span> 
     </span>
     <span class='ocr_line' id='line_1_27' title="bbox 368 3087 1686 3176; baseline 0 -25"><span class='ocrx_word' id='word_1_237' title='bbox 368 3092 455 3171; x_wconf 90' lang='lat' dir='ltr'>quod</span> <span class='ocrx_word' id='word_1_238' title='bbox 478 3089 507 3151; x_wconf 89' lang='lat' dir='ltr'>in</span> <span class='ocrx_word' id='word_1_239' title='bbox 545 3092 638 3151; x_wconf 78' lang='lat' dir='ltr'>rebius</span> <span class='ocrx_word' id='word_1_240' title='bbox 666 3091 887 3172; x_wconf 80' lang='lat' dir='ltr'>speculandum</span> <span class='ocrx_word' id='word_1_241' title='bbox 916 3105 963 3155; x_wconf 91' lang='lat' dir='ltr'>est</span> <span class='ocrx_word' id='word_1_242' title='bbox 992 3092 1154 3168; x_wconf 87' lang='lat' dir='ltr'>iuveniat,</span> <span class='ocrx_word' id='word_1_243' title='bbox 1189 3093 1241 3155; x_wconf 84' lang='lat' dir='ltr'>vel</span> <span class='ocrx_word' id='word_1_244' title='bbox 1265 3093 1350 3176; x_wconf 88' lang='lat' dir='ltr'>quod</span> <span class='ocrx_word' id='word_1_245' title='bbox 1375 3091 1407 3153; x_wconf 92' lang='lat' dir='ltr'>in</span> <span class='ocrx_word' id='word_1_246' title='bbox 1433 3100 1538 3151; x_wconf 90' lang='lat' dir='ltr'>actum</span> <span class='ocrx_word' id='word_1_247' title='bbox 1559 3087 1686 3151; x_wconf 86' lang='lat' dir='ltr'>vivendi</span> 
     </span>
     <span class='ocr_line' id='line_1_28' title="bbox 368 3182 1686 3267; baseline 0 -22"><span class='ocrx_word' id='word_1_248' title='bbox 368 3182 482 3245; x_wconf 88' lang='lat' dir='ltr'>deduci</span> <span class='ocrx_word' id='word_1_249' title='bbox 503 3193 654 3263; x_wconf 86' lang='lat' dir='ltr'>oporteat</span> <span class='ocrx_word' id='word_1_250' title='bbox 685 3194 757 3247; x_wconf 92' lang='lat' dir='ltr'>aute</span> <span class='ocrx_word' id='word_1_251' title='bbox 792 3188 979 3267; x_wconf 88' lang='lat' dir='ltr'>perpendat.</span> <span class='ocrx_word' id='word_1_252' title='bbox 1038 3187 1129 3249; x_wconf 85' lang='lat' dir='ltr'>Haec</span> <span class='ocrx_word' id='word_1_253' title='bbox 1152 3197 1255 3248; x_wconf 87' lang='lat' dir='ltr'>autem</span> <span class='ocrx_word' id='word_1_254' title='bbox 1278 3186 1360 3249; x_wconf 89' lang='lat' dir='ltr'>ratio</span> <span class='ocrx_word' id='word_1_255' title='bbox 1386 3184 1445 3247; x_wconf 90' lang='lat' dir='ltr'>uisi</span> <span class='ocrx_word' id='word_1_256' title='bbox 1474 3182 1525 3245; x_wconf 88' lang='lat' dir='ltr'>via</span> <span class='ocrx_word' id='word_1_257' title='bbox 1551 3183 1686 3265; x_wconf 87' lang='lat' dir='ltr'>quadam</span> 
     </span>
     <span class='ocr_line' id='line_1_29' title="bbox 368 3274 1686 3357; baseline 0.004 -22"><span class='ocrx_word' id='word_1_258' title='bbox 368 3274 583 3357; x_wconf 84' lang='lat' dir='ltr'>processerit,</span> <span class='ocrx_word' id='word_1_259' title='bbox 621 3295 716 3357; x_wconf 84' lang='lat' dir='ltr'>saepe</span> <span class='ocrx_word' id='word_1_260' title='bbox 748 3278 780 3340; x_wconf 89' lang='lat' dir='ltr'>iu</span> <span class='ocrx_word' id='word_1_261' title='bbox 813 3280 927 3341; x_wconf 83' lang='lat' dir='ltr'>mirltos</span> <span class='ocrx_word' id='word_1_262' title='bbox 958 3298 1086 3341; x_wconf 88' lang='lat' dir='ltr'>necesse</span> <span class='ocrx_word' id='word_1_263' title='bbox 1112 3289 1160 3341; x_wconf 91' lang='lat' dir='ltr'>est</span> <span class='ocrx_word' id='word_1_264' title='bbox 1188 3278 1310 3340; x_wconf 89' lang='lat' dir='ltr'>labatur</span> <span class='ocrx_word' id='word_1_265' title='bbox 1332 3297 1474 3341; x_wconf 80' lang='lat' dir='ltr'>errores.</span> <span class='ocrx_word' id='word_1_266' title='bbox 1528 3276 1686 3357; x_wconf 87' lang='lat' dir='ltr'>Quodne</span> 
     </span>
     <span class='ocr_line' id='line_1_30' title="bbox 367 3369 1686 3455; baseline 0.002 -24"><span class='ocrx_word' id='word_1_267' title='bbox 367 3370 484 3449; x_wconf 85' lang='lat' dir='ltr'>passim</span> <span class='ocrx_word' id='word_1_268' title='bbox 515 3369 623 3445; x_wconf 88' lang='lat' dir='ltr'>lieret,</span> <span class='ocrx_word' id='word_1_269' title='bbox 661 3382 754 3454; x_wconf 86' lang='lat' dir='ltr'>atque</span> <span class='ocrx_word' id='word_1_270' title='bbox 777 3383 812 3433; x_wconf 90' lang='lat' dir='ltr'>ut</span> <span class='ocrx_word' id='word_1_271' title='bbox 837 3371 933 3435; x_wconf 89' lang='lat' dir='ltr'>certis</span> <span class='ocrx_word' id='word_1_272' title='bbox 958 3371 1079 3455; x_wconf 89' lang='lat' dir='ltr'>regulis</span> <span class='ocrx_word' id='word_1_273' title='bbox 1111 3382 1264 3434; x_wconf 87' lang='lat' dir='ltr'>tractatus</span> <span class='ocrx_word' id='word_1_274' title='bbox 1286 3370 1468 3445; x_wconf 88' lang='lat' dir='ltr'>insisteret,</span> <span class='ocrx_word' id='word_1_275' title='bbox 1508 3372 1608 3435; x_wconf 88' lang='lat' dir='ltr'>visum</span> <span class='ocrx_word' id='word_1_276' title='bbox 1637 3382 1686 3434; x_wconf 89' lang='lat' dir='ltr'>est</span> 
     </span>
     <span class='ocr_line' id='line_1_31' title="bbox 368 3462 1728 3549; baseline 0.003 -26"><span class='ocrx_word' id='word_1_277' title='bbox 368 3464 515 3545; x_wconf 85' lang='lat' dir='ltr'>antiquae</span> <span class='ocrx_word' id='word_1_278' title='bbox 536 3462 761 3545; x_wconf 84' lang='lat' dir='ltr'>philosophiae</span> <span class='ocrx_word' id='word_1_279' title='bbox 783 3466 934 3541; x_wconf 90' lang='lat' dir='ltr'>ducibus,</span> <span class='ocrx_word' id='word_1_280' title='bbox 959 3475 993 3527; x_wconf 95' lang='lat' dir='ltr'>ut</span> <span class='ocrx_word' id='word_1_281' title='bbox 1013 3464 1153 3545; x_wconf 86' lang='lat' dir='ltr'>ipsarum</span> <span class='ocrx_word' id='word_1_282' title='bbox 1176 3463 1474 3539; x_wconf 87' lang='lat' dir='ltr'>ratiocinationum,</span> <span class='ocrx_word' id='word_1_283' title='bbox 1498 3464 1613 3549; x_wconf 89' lang='lat' dir='ltr'>quibus</span> <span class='ocrx_word' id='word_1_284' title='bbox 1627 3464 1728 3527; x_wconf 77' lang='lat' dir='ltr'>ati-³⁰</span> 
     </span>
     <span class='ocr_line' id='line_1_32' title="bbox 368 3554 1684 3640; baseline 0.002 -24"><span class='ocrx_word' id='word_1_285' title='bbox 368 3555 444 3639; x_wconf 87' lang='lat' dir='ltr'>quid</span> <span class='ocrx_word' id='word_1_286' title='bbox 470 3554 688 3639; x_wconf 86' lang='lat' dir='ltr'>inquirendum</span> <span class='ocrx_word' id='word_1_287' title='bbox 713 3570 810 3633; x_wconf 91' lang='lat' dir='ltr'>esset,</span> <span class='ocrx_word' id='word_1_288' title='bbox 836 3570 978 3622; x_wconf 89' lang='lat' dir='ltr'>naturam</span> <span class='ocrx_word' id='word_1_289' title='bbox 1001 3558 1127 3640; x_wconf 91' lang='lat' dir='ltr'>penitus</span> <span class='ocrx_word' id='word_1_290' title='bbox 1143 3569 1214 3620; x_wconf 87' lang='lat' dir='ltr'>ante</span> <span class='ocrx_word' id='word_1_291' title='bbox 1240 3558 1455 3630; x_wconf 88' lang='lat' dir='ltr'>discuterent,</span> <span class='ocrx_word' id='word_1_292' title='bbox 1480 3569 1515 3620; x_wconf 93' lang='lat' dir='ltr'>ut</span> <span class='ocrx_word' id='word_1_293' title='bbox 1533 3558 1583 3621; x_wconf 91' lang='lat' dir='ltr'>his</span> <span class='ocrx_word' id='word_1_294' title='bbox 1604 3579 1684 3640; x_wconf 89' lang='lat' dir='ltr'>pur·</span> 
     </span>
     <span class='ocr_line' id='line_1_33' title="bbox 368 3648 1689 3735; baseline 0.004 -26"><span class='ocrx_word' id='word_1_295' title='bbox 368 3648 450 3732; x_wconf 86' lang='lat' dir='ltr'>gatis</span> <span class='ocrx_word' id='word_1_296' title='bbox 476 3662 571 3733; x_wconf 88' lang='lat' dir='ltr'>atque</span> <span class='ocrx_word' id='word_1_297' title='bbox 590 3652 775 3734; x_wconf 86' lang='lat' dir='ltr'>compositis</span> <span class='ocrx_word' id='word_1_298' title='bbox 800 3654 851 3716; x_wconf 83' lang='lat' dir='ltr'>vel</span> <span class='ocrx_word' id='word_1_299' title='bbox 869 3653 901 3716; x_wconf 93' lang='lat' dir='ltr'>in</span> <span class='ocrx_word' id='word_1_300' title='bbox 919 3652 1134 3735; x_wconf 87' lang='lat' dir='ltr'>speculatione</span> <span class='ocrx_word' id='word_1_301' title='bbox 1156 3652 1297 3717; x_wconf 91' lang='lat' dir='ltr'>veritatis</span> <span class='ocrx_word' id='word_1_302' title='bbox 1328 3652 1377 3714; x_wconf 90' lang='lat' dir='ltr'>vel</span> <span class='ocrx_word' id='word_1_303' title='bbox 1405 3652 1588 3714; x_wconf 79' lang='lat' dir='ltr'>exercendis</span> <span class='ocrx_word' id='word_1_304' title='bbox 1618 3650 1689 3714; x_wconf 77' lang='lat' dir='ltr'>vir·-</span> 
     </span>
     <span class='ocr_line' id='line_1_34' title="bbox 367 3742 1683 3830; baseline 0.002 -28"><span class='ocrx_word' id='word_1_305' title='bbox 367 3742 489 3803; x_wconf 88' lang='lat' dir='ltr'>tutihus</span> <span class='ocrx_word' id='word_1_306' title='bbox 510 3754 682 3809; x_wconf 87' lang='lat' dir='ltr'>uteremur.</span> <span class='ocrx_word' id='word_1_307' title='bbox 737 3748 827 3809; x_wconf 87' lang='lat' dir='ltr'>llaec</span> <span class='ocrx_word' id='word_1_308' title='bbox 853 3758 900 3810; x_wconf 91' lang='lat' dir='ltr'>est</span> <span class='ocrx_word' id='word_1_309' title='bbox 923 3747 1018 3829; x_wconf 87' lang='lat' dir='ltr'>igitur</span> <span class='ocrx_word' id='word_1_310' title='bbox 1042 3746 1206 3827; x_wconf 88' lang='lat' dir='ltr'>disciplina</span> <span class='ocrx_word' id='word_1_311' title='bbox 1229 3744 1318 3830; x_wconf 86' lang='lat' dir='ltr'>quasi</span> <span class='ocrx_word' id='word_1_312' title='bbox 1341 3743 1513 3807; x_wconf 88' lang='lat' dir='ltr'>disserendi</span> <span class='ocrx_word' id='word_1_313' title='bbox 1531 3746 1683 3827; x_wconf 82' lang='lat' dir='ltr'>quaedam</span> 
     </span>
     <span class='ocr_line' id='line_1_35' title="bbox 368 3835 1683 3923; baseline 0.003 -28"><span class='ocrx_word' id='word_1_314' title='bbox 368 3835 536 3917; x_wconf 86' lang='lat' dir='ltr'>rna&#39;gistra,</span> <span class='ocrx_word' id='word_1_315' title='bbox 561 3856 655 3921; x_wconf 83' lang='lat' dir='ltr'>quain</span> <span class='ocrx_word' id='word_1_316' title='bbox 674 3838 800 3923; x_wconf 84' lang='lat' dir='ltr'>logicen</span> <span class='ocrx_word' id='word_1_317' title='bbox 818 3839 1020 3922; x_wconf 84' lang='lat' dir='ltr'>Peripatetici</span> <span class='ocrx_word' id='word_1_318' title='bbox 1043 3852 1167 3903; x_wconf 87' lang='lat' dir='ltr'>veteres</span> <span class='ocrx_word' id='word_1_319' title='bbox 1182 3840 1438 3922; x_wconf 83' lang='lat' dir='ltr'>appellaverunt:</span> <span class='ocrx_word' id='word_1_320' title='bbox 1462 3840 1543 3899; x_wconf 90' lang='lat' dir='ltr'>hanc</span> <span class='ocrx_word' id='word_1_321' title='bbox 1562 3836 1683 3902; x_wconf 89' lang='lat' dir='ltr'>Cicero</span> 
     </span>
     <span class='ocr_line' id='line_1_36' title="bbox 366 3928 1726 4019; baseline 0.003 -30"><span class='ocrx_word' id='word_1_322' title='bbox 366 3928 520 3993; x_wconf 83' lang='lat' dir='ltr'>deliniens</span> <span class='ocrx_word' id='word_1_323' title='bbox 546 3932 717 3995; x_wconf 87' lang='lat' dir='ltr'>disserendi</span> <span class='ocrx_word' id='word_1_324' title='bbox 746 3933 924 4019; x_wconf 85' lang='lat' dir='ltr'>diligentem</span> <span class='ocrx_word' id='word_1_325' title='bbox 948 3933 1102 3997; x_wconf 89' lang='lat' dir='ltr'>rationem</span> <span class='ocrx_word' id='word_1_326' title='bbox 1126 3935 1268 3997; x_wconf 86' lang='lat' dir='ltr'>vocavit.</span> <span class='ocrx_word' id='word_1_327' title='bbox 1311 3934 1402 3995; x_wconf 89' lang='lat' dir='ltr'>Haec</span> <span class='ocrx_word' id='word_1_328' title='bbox 1424 3931 1518 3995; x_wconf 83' lang='lat' dir='ltr'>vario</span> <span class='ocrx_word' id='word_1_329' title='bbox 1542 3933 1638 3993; x_wconf 92' lang='lat' dir='ltr'>modo</span> <span class='ocrx_word' id='word_1_330' title='bbox 1664 3932 1726 3993; x_wconf 69' lang='lat' dir='ltr'>att</span> 
     </span>
     <span class='ocr_line' id='line_1_37' title="bbox 364 4022 1681 4111; baseline 0.002 -28"><span class='ocrx_word' id='word_1_331' title='bbox 364 4023 527 4107; x_wconf 87' lang='lat' dir='ltr'>plerisque</span> <span class='ocrx_word' id='word_1_332' title='bbox 557 4035 690 4088; x_wconf 85' lang='lat' dir='ltr'>tractata</span> <span class='ocrx_word' id='word_1_333' title='bbox 722 4040 769 4091; x_wconf 90' lang='lat' dir='ltr'>est</span> <span class='ocrx_word' id='word_1_334' title='bbox 801 4028 954 4111; x_wconf 82' lang='lat' dir='ltr'>uarioque</span> <span class='ocrx_word' id='word_1_335' title='bbox 983 4028 1075 4091; x_wconf 88' lang='lat' dir='ltr'>etiarn</span> <span class='ocrx_word' id='word_1_336' title='bbox 1106 4028 1268 4092; x_wconf 90' lang='lat' dir='ltr'>vocabulo</span> <span class='ocrx_word' id='word_1_337' title='bbox 1297 4036 1489 4107; x_wconf 83' lang='lat' dir='ltr'>uirncupata.</span> <span class='ocrx_word' id='word_1_338' title='bbox 1533 4024 1578 4088; x_wconf 84' lang='lat' dir='ltr'>tu</span> <span class='ocrx_word' id='word_1_339' title='bbox 1598 4022 1681 4085; x_wconf 83' lang='lat' dir='ltr'>enirn</span> 
     </span>
     <span class='ocr_line' id='line_1_38' title="bbox 365 4116 1682 4206; baseline 0.002 -31"><span class='ocrx_word' id='word_1_340' title='bbox 365 4116 482 4177; x_wconf 86' lang='lat' dir='ltr'>dictum</span> <span class='ocrx_word' id='word_1_341' title='bbox 508 4129 575 4191; x_wconf 91' lang='lat' dir='ltr'>est,</span> <span class='ocrx_word' id='word_1_342' title='bbox 613 4138 629 4181; x_wconf 87' lang='lat' dir='ltr'>a</span> <span class='ocrx_word' id='word_1_343' title='bbox 652 4120 872 4203; x_wconf 81' lang='lat' dir='ltr'>Peripateticis</span> <span class='ocrx_word' id='word_1_344' title='bbox 895 4122 973 4184; x_wconf 90' lang='lat' dir='ltr'>haec</span> <span class='ocrx_word' id='word_1_345' title='bbox 995 4121 1078 4185; x_wconf 89' lang='lat' dir='ltr'>ratio</span> <span class='ocrx_word' id='word_1_346' title='bbox 1104 4121 1239 4206; x_wconf 86' lang='lat' dir='ltr'>diligens</span> <span class='ocrx_word' id='word_1_347' title='bbox 1261 4120 1433 4183; x_wconf 88' lang='lat' dir='ltr'>disserendi</span> <span class='ocrx_word' id='word_1_348' title='bbox 1454 4116 1561 4200; x_wconf 88' lang='lat' dir='ltr'>logice</span> <span class='ocrx_word' id='word_1_349' title='bbox 1583 4134 1682 4177; x_wconf 89' lang='lat' dir='ltr'>voca-</span> 
     </span>
     <span class='ocr_line' id='line_1_39' title="bbox 366 4211 1682 4299; baseline -0.001 -29"><span class='ocrx_word' id='word_1_350' title='bbox 366 4221 438 4282; x_wconf 90' lang='lat' dir='ltr'>tur,</span> <span class='ocrx_word' id='word_1_351' title='bbox 463 4211 627 4275; x_wconf 90' lang='lat' dir='ltr'>continens</span> <span class='ocrx_word' id='word_1_352' title='bbox 644 4211 674 4275; x_wconf 90' lang='lat' dir='ltr'>iu</span> <span class='ocrx_word' id='word_1_353' title='bbox 697 4235 731 4278; x_wconf 86' lang='lat' dir='ltr'>se</span> <span class='ocrx_word' id='word_1_354' title='bbox 750 4213 1163 4299; x_wconf 50' lang='lat' dir='ltr'>inveniendi*iudicandique</span> <span class='ocrx_word' id='word_1_355' title='bbox 1187 4213 1342 4295; x_wconf 86' lang='lat' dir='ltr'>peritiam.</span> <span class='ocrx_word' id='word_1_356' title='bbox 1387 4211 1488 4275; x_wconf 90' lang='lat' dir='ltr'>Stoici</span> <span class='ocrx_word' id='word_1_357' title='bbox 1509 4229 1589 4273; x_wconf 80' lang='lat' dir='ltr'>uero</span> <span class='ocrx_word' id='word_1_358' title='bbox 1607 4229 1682 4271; x_wconf 88' lang='lat' dir='ltr'>ean·</span> 
     </span>
     <span class='ocr_line' id='line_1_40' title="bbox 365 4302 1680 4393; baseline 0 -30"><span class='ocrx_word' id='word_1_359' title='bbox 365 4304 437 4363; x_wconf 88' lang='lat' dir='ltr'>dem</span> <span class='ocrx_word' id='word_1_360' title='bbox 459 4304 540 4367; x_wconf 92' lang='lat' dir='ltr'>hanc</span> <span class='ocrx_word' id='word_1_361' title='bbox 559 4305 712 4371; x_wconf 86' lang='lat' dir='ltr'>rationein</span> <span class='ocrx_word' id='word_1_362' title='bbox 736 4307 910 4371; x_wconf 87' lang='lat' dir='ltr'>disserendi</span> <span class='ocrx_word' id='word_1_363' title='bbox 930 4310 1039 4392; x_wconf 90' lang='lat' dir='ltr'>paullo</span> <span class='ocrx_word' id='word_1_364' title='bbox 1055 4309 1218 4393; x_wconf 84' lang='lat' dir='ltr'>angustius</span> <span class='ocrx_word' id='word_1_365' title='bbox 1239 4315 1474 4377; x_wconf 72' lang='lat' dir='ltr'>tractaverunta</span> <span class='ocrx_word' id='word_1_366' title='bbox 1497 4302 1573 4366; x_wconf 91' lang='lat' dir='ltr'>nihil</span> <span class='ocrx_word' id='word_1_367' title='bbox 1599 4302 1680 4364; x_wconf 88' lang='lat' dir='ltr'>euim</span> 
     </span>
     <span class='ocr_line' id='line_1_41' title="bbox 365 4396 1725 4481; baseline 0 -23"><span class='ocrx_word' id='word_1_368' title='bbox 365 4397 406 4457; x_wconf 89' lang='lat' dir='ltr'>de</span> <span class='ocrx_word' id='word_1_369' title='bbox 425 4396 606 4461; x_wconf 87' lang='lat' dir='ltr'>inventione</span> <span class='ocrx_word' id='word_1_370' title='bbox 631 4400 811 4463; x_wconf 89' lang='lat' dir='ltr'>laborantes</span> <span class='ocrx_word' id='word_1_371' title='bbox 838 4400 867 4463; x_wconf 91' lang='lat' dir='ltr'>in</span> <span class='ocrx_word' id='word_1_372' title='bbox 894 4402 963 4465; x_wconf 90' lang='lat' dir='ltr'>sola</span> <span class='ocrx_word' id='word_1_373' title='bbox 988 4412 1110 4465; x_wconf 86' lang='lat' dir='ltr'>tautum</span> <span class='ocrx_word' id='word_1_374' title='bbox 1132 4402 1323 4464; x_wconf 91' lang='lat' dir='ltr'>iudicatione</span> <span class='ocrx_word' id='word_1_375' title='bbox 1344 4399 1540 4473; x_wconf 91' lang='lat' dir='ltr'>consistunt,</span> <span class='ocrx_word' id='word_1_376' title='bbox 1577 4398 1680 4481; x_wconf 88' lang='lat' dir='ltr'>deque</span> <span class='ocrx_word' id='word_1_377' title='bbox 1692 4398 1725 4449; x_wconf 77' lang='lat'>⁴⁰</span> 
     </span>
    </p>
   </div>
   <div class='ocr_carea' id='block_1_5' title="bbox 363 4490 1680 4777">
    <p class='ocr_par' dir='ltr' id='par_1_7' title="bbox 363 4490 1680 4777">
     <span class='ocr_line' id='line_1_42' title="bbox 364 4490 1680 4582; baseline -0.002 -31"><span class='ocrx_word' id='word_1_378' title='bbox 364 4508 401 4551; x_wconf 87' lang='lat' dir='ltr'>ea</span> <span class='ocrx_word' id='word_1_379' title='bbox 418 4502 589 4573; x_wconf 88' lang='lat' dir='ltr'>praecepta</span> <span class='ocrx_word' id='word_1_380' title='bbox 605 4492 819 4575; x_wconf 88' lang='lat' dir='ltr'>multipliciter</span> <span class='ocrx_word' id='word_1_381' title='bbox 837 4496 945 4558; x_wconf 88' lang='lat' dir='ltr'>dantes</span> <span class='ocrx_word' id='word_1_382' title='bbox 958 4496 1150 4559; x_wconf 88' lang='lat' dir='ltr'>dialecticam</span> <span class='ocrx_word' id='word_1_383' title='bbox 1163 4504 1434 4576; x_wconf 84' lang='lat' dir='ltr'>uiiacuparerunt.</span> <span class='ocrx_word' id='word_1_384' title='bbox 1477 4492 1575 4556; x_wconf 86' lang='lat' dir='ltr'>Plato</span> <span class='ocrx_word' id='word_1_385' title='bbox 1588 4490 1680 4582; x_wconf 79' lang='lat' dir='ltr'>etiarn</span> 
     </span>
     <span class='ocr_line' id='line_1_43' title="bbox 365 4582 1680 4672; baseline 0.001 -27"><span class='ocrx_word' id='word_1_386' title='bbox 365 4582 558 4648; x_wconf 89' lang='lat' dir='ltr'>dialecticam</span> <span class='ocrx_word' id='word_1_387' title='bbox 583 4599 677 4651; x_wconf 90' lang='lat' dir='ltr'>vocat</span> <span class='ocrx_word' id='word_1_388' title='bbox 700 4588 896 4665; x_wconf 86' lang='lat' dir='ltr'>lacultatem,</span> <span class='ocrx_word' id='word_1_389' title='bbox 921 4610 1001 4672; x_wconf 91' lang='lat' dir='ltr'>quae</span> <span class='ocrx_word' id='word_1_390' title='bbox 1022 4588 1073 4667; x_wconf 92' lang='lat' dir='ltr'>id,</span> <span class='ocrx_word' id='word_1_391' title='bbox 1098 4591 1184 4671; x_wconf 88' lang='lat' dir='ltr'>quod</span> <span class='ocrx_word' id='word_1_392' title='bbox 1205 4609 1299 4651; x_wconf 89' lang='grc' dir='ltr'>ιιιιιιιιι</span> <span class='ocrx_word' id='word_1_393' title='bbox 1324 4597 1388 4661; x_wconf 90' lang='lat' dir='ltr'>est,</span> <span class='ocrx_word' id='word_1_394' title='bbox 1412 4584 1516 4669; x_wconf 91' lang='lat' dir='ltr'>possit</span> <span class='ocrx_word' id='word_1_395' title='bbox 1535 4584 1567 4648; x_wconf 92' lang='lat' dir='ltr'>in</span> <span class='ocrx_word' id='word_1_396' title='bbox 1589 4586 1680 4666; x_wconf 90' lang='lat' dir='ltr'>plura</span> 
     </span>
     <span class='ocr_line' id='line_1_44' title="bbox 363 4676 1680 4777; baseline 0.003 -38"><span class='ocrx_word' id='word_1_397' title='bbox 363 4676 497 4759; x_wconf 89' lang='lat' dir='ltr'>partiri,</span> <span class='ocrx_word' id='word_1_398' title='bbox 533 4678 631 4744; x_wconf 82' lang='lat' dir='ltr'>ueluti</span> <span class='ocrx_word' id='word_1_399' title='bbox 653 4681 735 4745; x_wconf 89' lang='lat' dir='ltr'>solet</span> <span class='ocrx_word' id='word_1_400' title='bbox 757 4702 857 4767; x_wconf 88' lang='lat' dir='ltr'>genus</span> <span class='ocrx_word' id='word_1_401' title='bbox 880 4702 940 4777; x_wconf 84' lang='lat' dir='ltr'>per</span> <span class='ocrx_word' id='word_1_402' title='bbox 968 4682 1116 4766; x_wconf 89' lang='lat' dir='ltr'>proprias</span> <span class='ocrx_word' id='word_1_403' title='bbox 1138 4680 1331 4746; x_wconf 80' lang='lat' dir='ltr'>differentias</span> <span class='ocrx_word' id='word_1_404' title='bbox 1358 4700 1457 4764; x_wconf 90' lang='lat' dir='ltr'>usque</span> <span class='ocrx_word' id='word_1_405' title='bbox 1481 4681 1521 4743; x_wconf 92' lang='lat' dir='ltr'>ad</span> <span class='ocrx_word' id='word_1_406' title='bbox 1540 4676 1680 4743; x_wconf 82' lang='lat' dir='ltr'>ultimam</span> 
     </span>
    </p>
   </div>
   <div class='ocr_carea' id='block_1_6' title="bbox 358 4924 1682 5147">
    <p class='ocr_par' dir='ltr' id='par_1_8' title="bbox 358 4924 1682 5147">
     <span class='ocr_line' id='line_1_45' title="bbox 441 4924 1680 5001; baseline -0.002 -22"><span class='ocrx_word' id='word_1_407' title='bbox 441 4934 467 4987; x_wconf 83' lang='grc'>8.</span> <span class='ocrx_word' id='word_1_408' title='bbox 488 4926 680 4981; x_wconf 70' lang='lat' dir='ltr'>admonitione</span> <span class='ocrx_word' id='word_1_409' title='bbox 698 4928 776 4983; x_wconf 81' lang='lat' dir='ltr'>Elea.</span> <span class='ocrx_word' id='word_1_410' title='bbox 797 4929 873 4984; x_wconf 79' lang='lat' dir='ltr'>nau.</span> <span class='ocrx_word' id='word_1_411' title='bbox 926 4934 972 4987; x_wconf 81' lang='lat'>12.</span> <span class='ocrx_word' id='word_1_412' title='bbox 988 4930 1145 5001; x_wconf 76' lang='lat' dir='ltr'>aequantia]</span> <span class='ocrx_word' id='word_1_413' title='bbox 1167 4926 1246 4984; x_wconf 82' lang='lat' dir='ltr'>Elus.</span> <span class='ocrx_word' id='word_1_414' title='bbox 1263 4929 1340 4981; x_wconf 77' lang='lat' dir='ltr'>Bias.</span> <span class='ocrx_word' id='word_1_415' title='bbox 1353 4958 1390 4971; x_wconf 95' lang='lat'>-</span> <span class='ocrx_word' id='word_1_416' title='bbox 1409 4928 1602 4997; x_wconf 77' lang='lat' dir='ltr'>consequentur</span> <span class='ocrx_word' id='word_1_417' title='bbox 1612 4924 1680 4977; x_wconf 77' lang='lat' dir='ltr'>Vsu.</span> 
     </span>
     <span class='ocr_line' id='line_1_46' title="bbox 360 5000 1681 5077; baseline -0.005 -20"><span class='ocrx_word' id='word_1_418' title='bbox 360 5002 450 5057; x_wconf 77' lang='lat' dir='ltr'>Paris.</span> <span class='ocrx_word' id='word_1_419' title='bbox 493 5010 535 5062; x_wconf 79' lang='grc'>18.</span> <span class='ocrx_word' id='word_1_420' title='bbox 561 5003 688 5077; x_wconf 76' lang='lat' dir='ltr'>operam]</span> <span class='ocrx_word' id='word_1_421' title='bbox 713 5022 810 5057; x_wconf 84' lang='lat' dir='ltr'>eureus</span> <span class='ocrx_word' id='word_1_422' title='bbox 836 5006 913 5059; x_wconf 77' lang='lat' dir='ltr'>Eius.</span> <span class='ocrx_word' id='word_1_423' title='bbox 962 5008 1008 5063; x_wconf 76' lang='lat' dir='ltr'>2l.</span> <span class='ocrx_word' id='word_1_424' title='bbox 1035 5010 1226 5057; x_wconf 77' lang='lat' dir='ltr'>constituatur</span> <span class='ocrx_word' id='word_1_425' title='bbox 1250 5034 1270 5047; x_wconf 90' lang='lat'>-</span> <span class='ocrx_word' id='word_1_426' title='bbox 1294 5032 1313 5047; x_wconf 87' lang='lat'>-</span> <span class='ocrx_word' id='word_1_427' title='bbox 1342 5004 1522 5070; x_wconf 74' lang='lat' dir='ltr'>exercentur]</span> <span class='ocrx_word' id='word_1_428' title='bbox 1546 5000 1621 5051; x_wconf 36' lang='lat' dir='ltr'>Eius,</span> <span class='ocrx_word' id='word_1_429' title='bbox 1642 5024 1681 5041; x_wconf 86' lang='lat'>·-·</span> 
     </span>
     <span class='ocr_line' id='line_1_47' title="bbox 358 5076 1682 5147; baseline -0.003 -18"><span class='ocrx_word' id='word_1_430' title='bbox 358 5083 549 5129; x_wconf 83' lang='lat' dir='ltr'>constituntur</span> <span class='ocrx_word' id='word_1_431' title='bbox 576 5084 720 5145; x_wconf 79' lang='lat' dir='ltr'>(accensus</span> <span class='ocrx_word' id='word_1_432' title='bbox 749 5084 874 5135; x_wconf 87' lang='lat' dir='ltr'>luserunt</span> <span class='ocrx_word' id='word_1_433' title='bbox 906 5080 996 5147; x_wconf 82' lang='lat' dir='ltr'>Base.)</span> <span class='ocrx_word' id='word_1_434' title='bbox 1022 5080 1071 5134; x_wconf 86' lang='lat' dir='ltr'>val</span> <span class='ocrx_word' id='word_1_435' title='bbox 1101 5078 1275 5133; x_wconf 70' lang='lat' dir='ltr'>exercendae</span> <span class='ocrx_word' id='word_1_436' title='bbox 1298 5082 1378 5132; x_wconf 79' lang='lat' dir='ltr'>ultae</span> <span class='ocrx_word' id='word_1_437' title='bbox 1396 5077 1541 5147; x_wconf 78' lang='lat' dir='ltr'>dtrtgatar</span> <span class='ocrx_word' id='word_1_438' title='bbox 1559 5076 1682 5127; x_wconf 77' lang='lat' dir='ltr'>intentio</span> 
     </span>
    </p>
   </div>
   <div class='ocr_carea' id='block_1_7' title="bbox 362 5150 1404 5309">
    <p class='ocr_par' dir='ltr' id='par_1_9' title="bbox 362 5150 1404 5309">
     <span class='ocr_line' id='line_1_48' title="bbox 362 5150 971 5222; baseline 0.005 -13"><span class='ocrx_word' id='word_1_439' title='bbox 362 5150 432 5211; x_wconf 72' lang='lat' dir='ltr'>Edd.</span> <span class='ocrx_word' id='word_1_440' title='bbox 471 5150 646 5222; x_wconf 58' lang='lat' dir='ltr'>trudamur]</span> <span class='ocrx_word' id='word_1_441' title='bbox 668 5155 745 5210; x_wconf 81' lang='lat' dir='ltr'>Eius.</span> <span class='ocrx_word' id='word_1_442' title='bbox 764 5180 800 5195; x_wconf 89' lang='lat'>·-</span> <span class='ocrx_word' id='word_1_443' title='bbox 819 5154 883 5211; x_wconf 84' lang='lat' dir='ltr'>duel</span> <span class='ocrx_word' id='word_1_444' title='bbox 900 5152 971 5212; x_wconf 74' lang='lat' dir='ltr'>Edd-</span> 
     </span>
     <span class='ocr_line' id='line_1_49' title="bbox 449 5235 1404 5309; baseline 0.007 -4"><span class='ocrx_word' id='word_1_445' title='bbox 449 5261 577 5306; x_wconf 65' lang='lat' dir='ltr'>usuum·</span> <span class='ocrx_word' id='word_1_446' title='bbox 592 5264 614 5307; x_wconf 78' lang='lat' dir='ltr'>a.</span> <span class='ocrx_word' id='word_1_447' title='bbox 629 5263 674 5307; x_wconf 71' lang='lat' dir='ltr'>cta</span> <span class='ocrx_word' id='word_1_448' title='bbox 689 5264 736 5307; x_wconf 82' lang='lat' dir='ltr'>vu</span> <span class='ocrx_word' id='word_1_449' title='bbox 751 5266 777 5307; x_wconf 84' lang='lat' dir='ltr'>v.</span> <span class='ocrx_word' id='word_1_450' title='bbox 790 5268 812 5309; x_wconf 92' lang='grc' dir='ltr'>ι.</span> <span class='ocrx_word' id='word_1_451' title='bbox 1364 5235 1404 5299; x_wconf 75' lang='lat'>¹3</span> 
     </span>
    </p>
   </div>
   <div class='ocr_carea' id='block_1_8' title="bbox 0 0 2222 5959">
    <p class='ocr_par' dir='ltr' id='par_1_10' title="bbox 0 0 2222 5959">
     <span class='ocr_line' id='line_1_50' title="bbox 0 0 2222 5959; baseline 0 0"><span class='ocrx_word' id='word_1_452' title='bbox 0 0 2222 5959; x_wconf 95' lang='lat' dir='ltr'> </span> 
     </span>
    </p>
   </div>
  </div>
 </body>
</html>
