4434 5959
944 626 1036 690 LIB.
1059 624 1089 691 1.
1624 618 1665 681 tu

254 825 255 830 ,
356 764 451 829 fidem
472 764 594 829 iaciunt
614 776 669 829 ant
689 777 817 849 augent.
860 767 982 831 Verum
1004 767 1083 829 haee
1097 787 1190 850 quum
1212 762 1311 829 aliena
1326 760 1405 835 sint,
1427 756 1459 824 tt
1484 770 1550 835 est,
1574 770 1666 823 extra

254 871 255 876 ’
358 871 500 923 nostram
522 880 668 935 cansam,
693 861 857 924 videndum
877 874 943 936 cst,
973 881 1035 944 qua
1057 871 1168 923 nestro
1190 857 1322 943 negotio
1344 868 1434 939 parte
1457 852 1669 935 copulenturr

357 973 439 1036 quae
460 954 625 1034 copulatio
647 966 809 1035 respectus
830 954 960 1027 dicitur3
983 976 1077 1037 quem
1098 964 1276 1035 respectum
1291 949 1406 1014 Graeci
1422 950 1531 1034 σχέσιν
1545 945 1665 1009 dicunt.

358 1045 506 1120 Etenim,
522 1067 619 1127 quum
635 1046 727 1107 etiam
738 1046 797 1107 ista
811 1047 908 1110 aliene
922 1067 939 1107 a
954 1047 1084 1130 negotio
1099 1059 1216 1127 septem
1236 1046 1287 1108 illa
1305 1043 1458 1107 eletrtentn
1474 1040 1664 1112 contineant,

356 1160 439 1222 quae
462 1136 495 1201 in
514 1150 627 1201 nostro
638 1138 767 1221 negotio
785 1139 1005 1215 continentur,
1036 1158 1099 1201 non
1121 1150 1253 1220 possunt
1274 1137 1333 1201 sibi
1355 1134 1457 1201 ortinia
1484 1133 1692 1197 conveniret

355 1234 419 1295 Sed
440 1233 595 1315 quaedam
616 1230 648 1293 in
669 1233 749 1305 hoc,
774 1235 924 1316 quaedam
946 1232 1146 1295 considerare
1168 1235 1315 1296 debemus
1336 1230 1368 1294 in
1391 1229 1492 1291 alieno
1515 1226 1668 1310 negotio.
1779 1240 1782 1245 '

355 1345 436 1408 qnae
455 1345 518 1405 per
547 1327 656 1409 σχέσιν
677 1336 819 1388 nostrum
840 1326 1000 1407 negotium
1022 1324 1209 1406 respicienti
1248 1334 1283 1387 ut
1307 1320 1456 1404 praeviso
1481 1331 1512 1381 et
1534 1340 1669 1400 praeco·

357 1420 449 1503 gaiso
481 1414 691 1497 copulationis
718 1438 835 1501 genere
863 1422 902 1480 ad
929 1430 1144 1503 argumentum
1166 1418 1267 1483 nostri
1288 1414 1426 1503 negotii,
1463 1410 1547 1475 sacta
1569 1411 1668 1475 colla·

355 1513 465 1586 tione,
489 1510 691 1591 copulentur.
737 1512 858 1573 Verum
875 1513 967 1574 huius
987 1524 1149 1593 respectus
1173 1533 1286 1575 norem
1311 1507 1396 1575 modi
1419 1515 1517 1583 sunta
1533 1506 1667 1582 scilicet,

356 1616 392 1668 nt
411 1605 456 1667 sit
469 1604 646 1665 adiunctum
662 1605 795 1687 negotio
811 1615 922 1669 nostro
943 1615 974 1667 et
993 1608 1079 1687 quod
1100 1605 1197 1667 mains
1218 1615 1266 1667 est
1287 1617 1318 1668 et
1336 1606 1557 1688 quodminus,
1582 1600 1712 1686 quedl⁰

357 1698 480 1771 simne,
511 1697 599 1780 quod
620 1715 720 1779 aeque
749 1718 916 1776 magnum,
951 1700 1040 1780 quod
1062 1696 1272 1779 disparatum,
1295 1702 1382 1782 qnod
1403 1695 1614 1771 eontrarium,
1637 1706 1670 1760 et

358 1812 462 1878 genus
483 1800 517 1852 et
535 1809 611 1870 pars
631 1800 664 1852 et
684 1803 829 1852 eventus.
873 1789 962 1852 Haec
981 1790 1088 1873 itaque
1113 1810 1226 1853 novem
1249 1790 1351 1854 omnia
1373 1791 1472 1865 †tnni
1495 1802 1526 1855 et
1554 1800 1671 1872 puncta

359 1894 453 1960 suet,
484 1883 607 1955 idest,
635 1886 674 1945 sd
695 1882 830 1967 aliquid;
858 1882 963 1963 itaque
983 1881 1075 1965 quasi
1092 1902 1219 1964 semper
1245 1883 1278 1947 in
1300 1882 1383 1947 binis
1402 1895 1493 1959 sunt;
1515 1893 1548 1947 et
1567 1894 1669 1946 recte.

358 1976 435 2044 Nisi
456 1974 539 2039 enim
554 1978 593 2039 ad
611 1975 729 2061 aliquid
749 1976 851 2038 nullus
873 1986 1063 2057 potestesse
1081 1986 1258 2058 respectus.
1301 1975 1416 2061 Itaque
1431 1998 1525 2071 quuqi
1540 1974 1671 2039 dicimus

359 2071 497 2146 maim,
531 2080 606 2132 nme
626 2063 829 2153 intelligimus
850 2067 966 2143 maius,
1000 2068 1028 2133 si
1046 2067 1146 2131 minus
1162 2069 1407 2133 consideremus.
1451 2070 1576 2133 Rursus
1598 2072 1714 2131 tnncll

358 2162 566 2247 intelligimus
588 2162 715 2237 minus,
732 2163 759 2225 si
780 2160 879 2225 maius
906 2160 1154 2225 consideremus.
1197 2162 1246 2226 lta
1268 2162 1442 2247 etreliqua
1467 2180 1508 2225 ex
1537 2160 1672 2225 aliorum

360 2256 538 2323 collatione
574 2252 810 2338 cognoscimnsL
858 2254 981 2319 Verum
1010 2275 1093 2317 nnnc
1118 2252 1294 2332 videamus,
1326 2256 1589 2339 quemadmodum
1613 2254 1672 2318 laos

358 2360 525 2433 respectus
547 2348 749 2433 negotiorum
770 2346 970 2411 considerare
991 2349 1154 2438 debemus.
1372 2422 1376 2427 ⁸

445 2442 569 2510 Maius
595 2453 631 2505 et
664 2442 778 2504 nrimas
807 2451 842 2504 et
871 2461 978 2523 oeque
1007 2461 1173 2523 magnum
1206 2462 1253 2503 eas
1283 2440 1315 2504 ui
1341 2448 1374 2505 st
1400 2427 1543 2505 nurnero
1568 2452 1603 2505 et
1626 2462 1673 2505 eat·

352 2538 489 2623 figura
514 2534 645 2620 negotii
672 2535 762 2599 siccat
785 2546 991 2598 exstatura
1009 2534 1166 2616 corporis
1187 2532 1439 2615 consideratur]
1480 2534 1570 2609 llaec
1593 2534 1716 2611 trin,²⁰

359 2632 395 2695 id
419 2641 489 2707 est,
526 2629 625 2693 maius
646 2638 679 2691 et
709 2628 809 2691 minus
832 2639 863 2691 et
888 2647 987 2710 aeque
1015 2648 1181 2711 magnum,
1211 2626 1313 2691 tribus
1345 2628 1445 2690 modis
1470 2628 1673 2691 considerare
1793 2694 1795 2698 ,

361 2712 533 2800 minsis,
573 2722 621 2797 si,
650 2742 806 2798 numero,
828 2721 946 2805 figura.
989 2719 1050 2783 Vis
1063 2732 1130 2793 est.
1154 2742 1234 2803 quae
1249 2719 1380 2805 singulis
1402 2719 1579 2784 norninilsus
1601 2741 1674 2783 ser·

361 2817 477 2899 bisque
498 2825 624 2879 constat
654 2826 686 2879 ct
714 2834 871 2897 persona:
909 2813 1010 2876 omnis
1033 2813 1115 2875 enim
1137 2834 1188 2877 res
1210 2826 1241 2877 et
1263 2834 1355 2879 omne
1379 2815 1494 2876 dictum
1515 2812 1673 2883 laetumve

361 2912 460 2973 laabet
483 2908 546 2970 vim
563 2927 665 2972 stiam.
722 2906 847 2970 Etenim
875 2903 904 2969 si
931 2905 1017 2967 dicas
1038 2905 1284 2989 parricidium,
1315 2906 1416 2971 statim
1438 2917 1588 2990 quantum
1609 2904 1673 2969 hoc

362 3003 407 3067 sit
434 3014 468 3065 et
494 2998 605 3085 inqua
625 3000 657 3063 vi
683 3001 742 3075 sit,
778 3002 886 3065 animo
912 2998 1127 3062 aestimamus:
1153 2996 1206 3061 ‘ita
1236 2998 1455 3073 homicidium,
1489 2997 1672 3061 adulterium
1682 2994 1716 3047 Ν

254 3099 255 3109 ’
362 3094 558 3179 etreliqua,
585 3094 677 3159 facile
698 3092 774 3177 qnid
793 3092 880 3167 sint,⁴
896 3114 991 3177 quum
1012 3090 1130 3156 luerint
1152 3092 1271 3168 audita,
1302 3091 1536 3176 cognoscimus.
1579 3087 1674 3153 Simi-

362 3191 440 3255 litcr
469 3199 502 3249 et
536 3206 692 3269 personae
719 3188 835 3249 habent
861 3186 926 3249 vim
942 3206 1043 3249 suam.
1100 3184 1226 3249 Etenim
1259 3202 1354 3270 quuna
1389 3180 1507 3248 dixeris
1540 3181 1675 3250 Cicero·

361 3302 461 3356 nest,
493 3277 602 3341 statim
628 3298 669 3340 ex
697 3278 773 3342 boni
794 3276 857 3342 viri
876 3276 1149 3354 consideratione,
1179 3298 1262 3361 quae
1289 3276 1397 3342 inille
1419 3275 1542 3352 vissit,
1571 3294 1675 3359 agno·

362 3373 495 3439 scimus.
536 3370 659 3435 Deinde
687 3392 782 3455 quum
806 3370 925 3435 dixeris
953 3370 1157 3447 Catilinam,
1198 3393 1240 3435 ex
1266 3370 1520 3437 consideratione
1548 3364 1676 3451 pessimi

361 3466 502 3531 bominis
522 3464 647 3538 statiis,
667 3462 800 3547 quaein
823 3464 880 3529 illo
898 3464 948 3527 vis
972 3465 1030 3542 sit,
1065 3463 1281 3549 agnoscimus.
1326 3466 1482 3529 Numerus
1505 3473 1552 3529 est
1577 3480 1673 3549 quum
1684 3452 1718 3505 ³⁰

363 3561 468 3624 minus
492 3578 531 3621 sc
552 3555 650 3621 mains
673 3576 739 3619 non
759 3578 803 3638 ¹es
825 3555 876 3631 ri,
909 3561 964 3621 sed
991 3579 1032 3621 ex
1056 3579 1164 3622 serum
1183 3559 1235 3622 vel
1255 3580 1296 3621 ex
1315 3578 1520 3641 personarum
1543 3576 1675 3620 ntimero

361 3656 630 3718 demonstramus.
673 3648 792 3733 Figura
814 3662 877 3725 est,
901 3671 984 3734 quae
1003 3648 1037 3715 in
1057 3663 1129 3715 toto
1151 3652 1283 3737 negotio
1306 3652 1546 3725 consideratur,
1569 3648 1673 3723 idest,

361 3768 426 3833 per
445 3745 551 3811 omnia
575 3742 626 3807 ille
648 3755 767 3826 septem
791 3744 966 3808 clementes
999 3756 1035 3808 ut
1053 3746 1254 3821 consideres,
1276 3746 1352 3830 qnid
1372 3746 1488 3811 tactum
1512 3742 1573 3817 sit,
1603 3739 1675 3825 quis

361 3838 493 3913 feeerit,
514 3835 716 3911 misereris,
740 3838 865 3922 qnando
886 3837 1018 3915 lecerit,
1044 3840 1305 3923 quemadmodum
1326 3838 1456 3912 secent,
1480 3847 1511 3900 et
1532 3834 1674 3916 reliquas

362 3952 467 4017 qnae,
490 3929 611 4015 inquit,
644 3929 747 4015 ligura
768 3930 866 3994 totins
886 3929 1008 4014 negotii
1028 3930 1069 3994 ita
1091 3941 1157 4007 est,
1183 3940 1217 3994 ut
1237 3930 1384 4013 corporis
1405 3939 1541 4001 staturae
1562 3928 1594 3989 in
1614 3924 1717 4009 quau

364 4038 488 4090 staura
509 4023 613 4089 omnia
632 4023 818 4086 lineamenta
838 4024 986 4105 corporis
1010 4023 1224 4089 continentur.
1267 4023 1379 4105 Itsque
1403 4034 1437 4087 ut
1459 4020 1567 4084 melius
1582 4018 1676 4081 intel-

364 4119 519 4203 ligamus,
551 4129 658 4179 notum
687 4136 904 4197 proponamus
934 4118 1129 4200 exemplum
1165 4116 1241 4181 illud
1268 4117 1407 4193 scilicet,
1442 4115 1529 4199 quod
1557 4109 1675 4176 Cicero

364 4228 427 4276 sito
450 4209 584 4293 negotio
615 4206 769 4272 adiunxit.
827 4210 910 4272 Nam
933 4231 1028 4294 quum
1054 4209 1221 4275 Catilinam
1241 4210 1362 4273 diecret
1383 4207 1604 4279 occidendum,
1634 4225 1676 4266 ex

366 4303 536 4378 adiuncto,
559 4300 636 4385 qnid
653 4300 751 4364 maius
768 4300 822 4364 sel
842 4300 942 4364 minus
956 4312 1057 4379 esset,
1082 4312 1267 4385 argumenta
1291 4300 1443 4387 collegitt
1467 4302 1553 4385 quod
1567 4296 1676 4381 utique

365 4396 468 4461 maius
494 4406 528 4460 et
548 4397 648 4458 minus
667 4406 701 4457 ct
725 4414 826 4478 aeque
848 4414 992 4478 magnum
1021 4415 1063 4458 ex
1089 4394 1139 4470 ri,
1171 4414 1322 4470 numero,
1367 4390 1471 4477 figura
1498 4394 1719 4457 iamdudum&

438 4604 469 4659 8.
490 4630 527 4645 -
544 4606 661 4671 cognito
679 4599 729 4655 ed.
750 4603 810 4655 Bas.

441 4683 487 4737 13.
519 4683 581 4729 tens·
599 4684 627 4729 et
642 4683 749 4748 peraeta
767 4674 847 4747 sunt]
867 4676 941 4729 Haec
958 4690 1014 4729 non
1033 4678 1101 4731 saite
1121 4672 1261 4749 tetelltgo,
1281 4680 1366 4729 imme
1386 4690 1415 4729 ss
1433 4686 1559 4749 suspects
1578 4672 1676 4729 habes.

366 4758 450 4811 esse.
487 4750 636 4827 (laqutdem
664 4765 794 4822 correpta
816 4748 933 4803 credes
957 4751 1088 4807 Graecis:
1118 4753 1499 4829 morimundensem.
1537 4750 1603 4805 car.
1624 4748 1675 4805 Ed.

367 4835 409 4884 ste
426 4826 528 4881 habes:
554 4832 615 4879 tent
632 4833 661 4877 et
682 4834 790 4897 puncta
807 4833 874 4876 sunt
894 4828 948 4883 τοῦ
965 4824 1040 4901 πρὸς
1058 4846 1096 4882 τι.
1117 4824 1166 4879 cd.
1187 4824 1265 4879 ttae:
1297 4850 1332 4869 u·
1365 4830 1428 4878 toral
1451 4834 1480 4878 et
1496 4830 1593 4896 puncti
1613 4828 1677 4893 (sic)

366 4912 441 4957 unt.
479 4900 552 4955 Tum
570 4900 658 4955 idem:
680 4928 717 4943 ι-
735 4904 816 4971 quast
833 4904 864 4951 tn
882 4900 954 4951 hints
972 4916 1078 4971 semper
1097 4906 1170 4953 anast.
1190 4898 1259 4970 Os.)

442 4984 489 5035 ¹7.
507 4992 546 5032 oe
563 4981 746 5046 eognovimus
764 4972 813 5028 cd.
834 4976 896 5029 llas.
1491 5030 1494 5039 ,

444 5058 491 5113 25.
509 5057 604 5104 antimo
622 5051 812 5117 aestimamus]
832 5050 978 5123 Perpetem
994 5046 1134 5121 legebatur
1153 5050 1220 5101 olim
1240 5048 1335 5101 amnt.
1353 5046 1437 5103 Cass.
1473 5045 1589 5115 (Animo
1612 5048 1681 5099 esi·-

368 5133 515 5182 setam
533 5130 595 5181 Aac.
615 5124 657 5181 St.
676 5121 740 5179 ald.
761 5123 816 5179 Sed
834 5122 885 5179 cd
903 5125 966 5179 Bes.
985 5128 1079 5175 aras'm
1097 5128 1287 5176 aestimamus.
1305 5120 1383 5197 On.)
