4434 5959
856 642 962 711 CAP.
985 644 1085 711 XlX.
1108 646 1191 711 XX.
1619 654 1679 719 251

360 780 500 858 beandi,
525 804 605 866 qnae
628 781 784 848 minuendi
807 784 927 849 uirtus:
957 799 1139 867 postremo,
1157 809 1238 872 quae
1260 788 1289 851 in
1306 790 1606 874 omnibuspsrtibus
1630 793 1678 856 in·
1726 788 1730 796 ’

359 877 471 940 ventio
488 876 669 955 exstiterit,
704 880 865 955 intendas,
889 880 1095 945 imitationem
1118 904 1188 943 cum
1215 896 1282 947 arte
1305 885 1499 969 coniungas:
1524 886 1595 969 quia
1612 890 1679 950 effi-

359 969 470 1033 cacior
486 981 534 1033 est
558 993 617 1053 per
639 974 783 1054 exempla
804 972 968 1046 doctriua,
992 975 1167 1058 meliusque
1189 977 1311 1057 poteris
1334 979 1488 1060 perlicere
1510 983 1597 1063 quod
1617 982 1680 1043 dis·

359 1085 432 1142 css,
455 1065 483 1129 si
504 1064 612 1129 itidem
634 1070 896 1152 quemadmodum
917 1065 1072 1145 fecerint,
1096 1068 1152 1151 qui
1172 1069 1329 1147 didicere,
1352 1072 1541 1155 perspicias.

743 1244 845 1309 xlx.
867 1245 930 1310 ns
952 1244 1296 1312 osseosrrtoue.
1459 1272 1463 1279 -
1690 1204 1706 1311 s

444 1383 626 1466 Dispositio
660 1396 708 1449 est
738 1406 845 1449 rerum
876 1384 1075 1449 inventarum
1102 1384 1133 1448 in
1160 1386 1302 1451 ordinem
1330 1387 1526 1455 distributio.
1590 1392 1682 1457 Haec

360 1489 465 1543 autem
494 1490 525 1541 et
552 1478 659 1542 verbis
695 1490 728 1542 et
758 1482 853 1543 rebus
876 1481 1009 1543 maxime
1041 1484 1187 1562 prodest.
1246 1482 1361 1545 Omuia
1384 1484 1465 1546 enim
1493 1506 1557 1549 non
1576 1488 1681 1552 solum

360 1574 497 1648 ordine,
542 1575 600 1634 sed
631 1572 723 1635 etiam
758 1585 917 1638 metuente
960 1578 1095 1658 quodam
1129 1587 1222 1657 atque
1253 1575 1369 1641 iudicio
1409 1578 1613 1660 dispensanda
1651 1589 1682 1643 et

359 1667 579 1745 componenda
594 1677 677 1742 sunt,
703 1678 963 1749 proutpraesens
979 1667 1062 1731 ratio
1072 1668 1211 1732 utilitatis
1224 1670 1409 1735 antdecoris
1424 1685 1476 1733 aut
1488 1672 1681 1735 necessitatis

362 1757 524 1841 exegerit.
583 1761 647 1822 Sed
676 1763 763 1842 qnod
791 1762 831 1822 ad
865 1761 1037 1824 verborum
1070 1761 1310 1844 dispositionem
1332 1766 1469 1846 pertinet
1492 1764 1568 1827 satis
1590 1764 1724 1847 plene¹⁰

360 1854 514 1926 docetur,
551 1874 647 1936 quum
676 1854 713 1915 de
743 1852 924 1917 elocutione
947 1865 1116 1917 tractatur.
1174 1856 1224 1919 De
1246 1878 1352 1919 rerum
1372 1879 1449 1921 vero
1474 1857 1680 1937 dispositione

361 1966 422 2027 per
442 1944 564 2028 singnis
589 1948 727 2009 membra
750 1946 927 2026 orationis,
957 1947 990 2010 id
1011 1970 1081 2012 eum
1102 1949 1296 2032 prohoemio
1322 1962 1355 2014 et
1376 1951 1557 2017 narratione
1579 1964 1611 2015 et
1628 1972 1681 2015 ce·

361 2036 442 2101 teris
464 2038 614 2103 traditum
637 2039 800 2126 accepisti.

767 2212 849 2274 XX.
872 2210 934 2275 DE
958 2208 1277 2309 ELOCUTtottrg.

450 2350 605 2415 Elocntio
637 2361 685 2415 est
708 2350 895 2415 idoneorum
921 2354 1093 2415 verborum
1120 2354 1158 2415 ad
1181 2350 1393 2417 incentionem
1416 2355 1680 2421 accommodatio.
1694 2370 1723 2419 ts

362 2448 454 2511 Haec
477 2458 509 2508 et
529 2445 644 2509 Latine
673 2448 767 2509 debet
791 2467 859 2509 esse
891 2458 922 2509 et
954 2458 1039 2527 apta.
1090 2446 1178 2527 Apta
1204 2446 1265 2509 erit
1286 2452 1402 2511 utendo
1428 2448 1625 2532 signantibus
1651 2462 1683 2513 et

362 2537 506 2623 propriis
539 2540 646 2601 verbis
676 2551 706 2602 et
735 2538 880 2613 usitatis,
917 2538 986 2601 sine
1007 2538 1181 2623 ambiguo,
1220 2561 1284 2603 non
1314 2540 1404 2604 nitnis
1435 2544 1549 2623 precisi
1581 2546 1683 2608 ductis

362 2630 643 2705 translationibus,
668 2654 727 2695 nec
751 2631 940 2713 interposito
963 2634 1163 2713 hyperbato;
1201 2632 1316 2697 Latina
1339 2647 1462 2711 autem,
1486 2636 1512 2699 si
1527 2658 1683 2721 maioma·

363 2727 426 2790 tica
452 2727 492 2789 sit
512 2725 614 2800 ratio,
637 2726 810 2790 arroteritae
831 2724 946 2789 subsit.
991 2728 1054 2789 Sed
1075 2728 1114 2789 de
1139 2724 1186 2789 his
1213 2748 1408 2810 nequaquam
1428 2730 1520 2791 nobis
1537 2731 1683 2796 existimo

364 2820 590 2894 laboranduui;
614 2840 716 2903 neque
736 2819 817 2883 euim
833 2822 983 2882 docemus
998 2819 1103 2895 illurn,
1128 2822 1183 2905 qui
1204 2820 1294 2904 loqui
1315 2821 1450 2894 nesciat;
1475 2844 1533 2885 nec
1551 2846 1682 2905 speran-
1694 2839 1726 2887 2⁰

364 2916 528 2987 domest,
564 2913 618 2996 qui
642 2914 756 2976 Latine
781 2934 844 2977 non
870 2913 995 2994 possit,
1032 2913 1117 2976 bunc
1139 2927 1251 2977 ornate
1276 2936 1345 2977 esse
1366 2914 1544 2988 dicturum3
1581 2938 1684 3001 neque

366 3007 421 3089 qui
446 3026 510 3069 non
533 3006 627 3082 dicat,
652 3009 739 3090 quod
764 3006 981 3091 intelligatur,
1017 3006 1102 3069 laune
1128 3029 1242 3088 posse,
1267 3010 1355 3091 quod
1379 3007 1591 3073 admirandum
1617 3010 1682 3085 sit,

366 3098 486 3164 dicere.
540 3102 697 3185 Attgenda
730 3113 778 3169 est
802 3100 908 3183 potius
930 3098 1112 3184 eloquentia
1138 3100 1279 3185 legendis
1307 3102 1509 3174 asertoribus,
1547 3120 1683 3184 quorum

365 3215 514 3260 sermone
533 3194 699 3257 assuefacti
722 3194 776 3279 qui
801 3205 912 3270 erunt,
950 3214 989 3257 ue
1012 3194 1174 3273 cupientes
1196 3196 1322 3281 quidem
1343 3206 1495 3276 poterunt
1513 3193 1601 3276 loqui
1626 3194 1685 3259 nisi

366 3299 492 3352 ornate.
539 3288 652 3373 Neque
673 3299 775 3351 tameo
802 3290 949 3351 utendum
975 3284 1035 3348 erit
1057 3288 1165 3351 verbis
1187 3288 1311 3369 priscis,
1333 3290 1448 3370 quibus
1470 3286 1531 3349 iam
1551 3304 1727 3355 consue-25

364 3382 444 3444 tudo
477 3392 586 3444 nostra
617 3402 681 3445 non
711 3382 828 3456 utitur,
867 3380 924 3445 nisi
953 3383 1079 3464 quando
1117 3382 1249 3445 ornandi
1276 3403 1369 3445 causa
1404 3403 1501 3462 parce
1529 3394 1684 3446 ettamen

364 3474 500 3539 usitatis.
545 3476 686 3539 Ornatur
710 3475 887 3557 eloquentia
913 3487 966 3539 aut
991 3474 1020 3536 in
1046 3472 1153 3538 verbis
1177 3475 1310 3559 singulis
1334 3487 1387 3539 aut
1407 3476 1439 3537 in
1462 3474 1686 3539 coniunctione

365 3571 553 3633 uerborum.
611 3571 650 3634 In
680 3570 786 3633 serbis
813 3570 945 3653 singulis
970 3572 1034 3632 diro
1060 3582 1150 3644 sunt,
1187 3590 1267 3653 quae
1300 3569 1476 3632 orationem
1506 3570 1685 3642 illustrante

365 3674 421 3725 ant
447 3663 613 3743 proprium
637 3664 664 3727 si
686 3664 726 3728 sit
750 3667 881 3727 verbum
901 3677 954 3727 aut
977 3665 1173 3727 translatum.
1218 3664 1257 3727 In
1278 3664 1385 3727 verbis
1407 3665 1548 3746 propriis
1570 3677 1618 3727 est
1633 3666 1685 3726 illa

365 3756 455 3832 lans,
480 3766 513 3817 nt
535 3754 656 3819 abiecta
679 3771 774 3840 atque
798 3758 943 3822 obsoleta
966 3756 1149 3842 fugiantur,
1174 3757 1282 3820 electis
1304 3771 1397 3842 atque
1420 3758 1594 3821 illustribus
1618 3767 1729 3819 uta-3⁰

368 3870 457 3924 mur,
491 3848 523 3911 in
554 3850 669 3935 quibus
698 3852 826 3933 plenum
856 3852 1055 3935 quiddamst
1081 3874 1199 3917 sonans
1221 3852 1322 3915 inesse
1346 3850 1502 3915 videatur.
1561 3850 1600 3912 ln
1621 3872 1686 3933 quo

367 3946 566 4007 consuetudo
597 3945 688 4008 etiam
721 3946 801 4009 bene
832 3945 982 4028 loquendi
1007 3945 1176 4027 plurimum
1208 3946 1307 4010 valet.
1365 3946 1402 4008 ln
1436 3942 1593 4006 translatis
1622 3943 1687 4005 late

367 4048 458 4119 patet
475 4049 624 4113 ornatus,
647 4060 738 4124 quent
765 4037 935 4101 necessitas
962 4038 1073 4123 genuit
1100 4038 1206 4121 inopia
1232 4049 1344 4101 coacta
1365 4050 1398 4101 et
1418 4034 1588 4121 angttstiis,
1613 4044 1689 4117 post

368 4140 473 4194 autent
496 4131 663 4197 delectatio
688 4133 927 4217 iucunditasque
949 4132 1136 4197 celebravit.
1195 4134 1276 4196 Nam
1304 4144 1340 4195 nt
1361 4132 1457 4194 vestis
1477 4128 1613 4213 frigoris
1636 4148 1688 4190 re·

368 4223 510 4307 pellendi
541 4246 634 4289 causa
663 4238 792 4309 reperta
826 4225 946 4307 primo,
982 4237 1057 4307 post
1091 4225 1236 4289 adbiberi
1267 4236 1380 4309 coepta
1410 4234 1459 4288 est
1481 4226 1521 4285 ad
1541 4232 1730 4290 ornatnmts

370 4318 464 4381 etiam
484 4320 632 4402 eorporis
659 4332 690 4385 et
709 4320 917 4405 dignitatem,
950 4318 997 4383 sic
1018 4318 1126 4383 verbis
1149 4319 1316 4383 translatio
1333 4317 1473 4381 instituta
1499 4328 1546 4381 est
1560 4314 1687 4397 inopiae

368 4434 486 4489 cansa,
511 4414 622 4479 deiude
643 4415 843 4500 frequentata
865 4412 1097 4477 delectationis.
1149 4414 1232 4477 Natu
1253 4432 1428 4494 gemmare
1453 4411 1560 4486 nites,
1582 4413 1689 4474 luxu·
1715 4471 1719 4488 ,

369 4506 464 4570 risere
484 4530 648 4585 messem,
672 4512 782 4573 laetos
803 4518 955 4591 segetes,
979 4505 1072 4571 etiam
1090 4506 1201 4571 rustici
1221 4505 1352 4569 dicunt:
1375 4507 1465 4590 qnod
1482 4504 1564 4569 enno
1583 4504 1689 4567 decla·

368 4600 434 4663 rari
455 4601 510 4665 six
526 4603 626 4667 verbo
645 4604 781 4686 proprio
800 4612 926 4685 potest,
948 4599 981 4664 id
1001 4601 1157 4665 translato
1171 4599 1358 4664 illustratur.
1402 4600 1452 4663 Ea
1466 4612 1568 4663 tamen
1585 4610 1689 4661 trans·

366 4695 447 4761 ferri
470 4706 614 4777 oportet,
635 4718 717 4782 qnae
736 4695 904 4762 clariorem
922 4694 1041 4759 iaciunt
1055 4716 1139 4769 rem3
1163 4705 1197 4758 ut
1215 4704 1276 4769 est,
1299 4693 1503 4759 inhorrescit
1523 4714 1631 4768 more,
1656 4702 1688 4755 et
1700 4708 1731 4756 to

357 4788 485 4882 feruet
505 4802 605 4855 aestu
621 4795 784 4876 pelagus.
838 4792 1073 4874 Nonnunquam
1099 4791 1193 4854 etiarn
1219 4790 1361 4853 brevitas
1382 4786 1588 4852 translatione
1610 4807 1690 4851 con·

442 4990 484 5038 li.
503 4998 527 5037 st
544 4989 630 5051 serm]
649 4992 710 5039 Cod.
730 4993 821 5039 ridetur
839 4990 929 5037 babere
947 4989 978 5037 de
996 5005 1040 5051 pro
1057 4996 1090 5039 st.
1128 4989 1170 5040 30.
1190 4991 1252 5039 Coi.
1268 4990 1390 5038 abolete.
1427 4988 1469 5038 il.
1488 4992 1550 5041 cod.
1563 4987 1689 5051 quiedam.

447 5134 492 5189 15.
514 5127 553 5185 dd
574 5130 674 5186 Heron.
694 5130 715 5183 l.
736 5136 762 5186 2.
782 5128 815 5186 tle
835 5131 942 5188 lntsnt.
963 5126 985 5185 i.
1007 5137 1033 5193 7.

449 5208 494 5265 16.
514 5206 634 5277 Quintil.
654 5206 732 5261 Vill-
753 5216 779 5266 l.
