4434 5959
958 564 1051 631 LIB.
1074 566 1103 629 l.
1632 568 1691 635 tut

372 718 482 771 notae.
525 706 590 771 Sed
618 703 769 790 quioniam
794 706 851 769 bas
876 705 1118 791 propositiones
1136 706 1245 788 plures
1268 725 1306 769 ac
1326 726 1427 789 paene
1449 706 1695 775 innumerabiles

374 820 445 865 esse
464 820 593 865 necesse
616 812 685 876 est,
722 811 821 863 restat
842 802 962 875 adbuc,
985 822 1050 885 quo
1073 800 1207 882 amplius
1229 800 1312 864 ratio
1333 801 1561 883 speculationis
1581 824 1693 867 aseen-

374 896 442 959 dat.
486 895 661 958 Possumus
684 892 764 957 enim
788 891 930 977 diligenti
953 904 1091 957 tractatu
1113 892 1374 958 considerationis
1396 894 1538 960 adhibito
1553 896 1694 960 omniunt

375 989 582 1053 maximarum
618 997 714 1070 atque
735 986 957 1051 universalium
979 985 1234 1069 propositionum
1256 984 1451 1051 differentias
1472 992 1691 1072 perpendere,

242 1116 244 1151 ;
374 1093 471 1166 etque
499 1079 755 1143 innumerabilem
793 1079 997 1143 maximarum
1029 1078 1286 1163 propositionum
1321 1101 1359 1143 ac
1389 1101 1450 1160 per
1481 1103 1516 1145 se
1538 1088 1720 1159 ‚notarums

242 1234 244 1245 ,
375 1172 607 1237 multitudinem
628 1172 660 1236 in
682 1194 799 1256 parrcas
820 1185 914 1259 atque
936 1172 1130 1238 universales
1150 1173 1306 1257 colligere
1320 1173 1535 1251 differentias,
1560 1186 1594 1238 ut
1613 1176 1691 1241 alias

242 1308 244 1341 s
372 1268 516 1331 dicamus
536 1267 568 1331 in
589 1266 770 1331 delinitione
792 1266 986 1344 consistere,
1010 1267 1086 1331 alias
1107 1267 1139 1331 in
1162 1288 1297 1351 genere,
1321 1280 1417 1350 atque
1439 1267 1514 1331 alias
1535 1268 1600 1333 alio
1623 1289 1694 1334 mo·

242 1402 246 1437 -,
376 1363 438 1437 do,
470 1362 559 1444 quod
589 1360 696 1442 paullo
725 1371 800 1442 post
825 1360 965 1441 apertius
987 1363 1227 1425 demonstrabo.
1278 1362 1398 1425 Omnes
1418 1361 1518 1446 igitur
1539 1360 1693 1425 maximae

242 1494 246 1527 ,
374 1452 645 1537 propositiones,
677 1474 882 1539 qrraecunque
912 1456 972 1518 sub
1006 1454 1219 1532 delinitionis,
1254 1454 1347 1518 verbi
1379 1453 1500 1539 gratia,
1526 1456 1692 1519 rationem

375 1548 511 1621 cadunt,
534 1566 599 1609 nno
621 1546 809 1611 delinitionis
832 1548 957 1613 nomine
990 1548 1250 1613 continebuntur.
1293 1549 1339 1611 Et
1358 1546 1440 1612 sicut
1460 1549 1531 1612 illae
1552 1548 1736 1632 reliqua-tt

242 1690 245 1719 ι
376 1662 447 1705 rurn
468 1638 726 1721 propositionum
755 1640 819 1705 loci
846 1662 915 1705 esse
942 1642 1147 1718 dicebantur,
1185 1644 1274 1727 quod
1302 1662 1354 1705 eas
1376 1641 1459 1705 intra
1480 1663 1571 1706 suum
1593 1641 1693 1705 ambi·

376 1746 444 1799 tum
469 1732 689 1799 continerent:
727 1733 771 1797 ita
792 1734 929 1817 ipsarum
951 1734 1271 1819 maximarumatque
1292 1733 1516 1799 universalium
1539 1734 1692 1818 proposi·

242 1882 247 1911 ,
375 1826 517 1903 tionum,
555 1847 633 1909 quas
665 1828 821 1892 minorum
851 1828 1106 1911 propositionum
1134 1827 1226 1892 locos
1255 1848 1326 1891 esse
1352 1828 1584 1910 praediximus,
1620 1827 1692 1891 illae

372 1920 588 1997 differentiae,
628 1922 687 1985 etsi
719 1943 782 1987 non
812 1943 907 1998 vere,
942 1934 1048 1987 tamen
1077 1924 1211 2006 quadam
1244 1922 1330 1985 velut
1350 1921 1507 2006 imagine,
1537 1920 1602 1984 loci
1621 1940 1693 1983 esse

373 2015 585 2088 videbuntur,
616 2013 648 2078 iu
677 2038 755 2099 qtras
787 2015 906 2080 fuerint
937 2014 1138 2079 convenienti
1165 2013 1289 2078 ratione
1318 2016 1481 2079 reductae.
1524 2015 1589 2078 Sed
1616 2014 1735 2077 istae¹⁵

371 2100 539 2182 locorum,
563 2106 685 2184 idest,
708 2109 968 2193 propositionum
992 2108 1216 2183 maximarum,
1249 2106 1464 2182 differentiae,
1500 2129 1578 2191 quas
1601 2108 1693 2171 etiarn
1756 2141 1760 2156 ι

371 2201 458 2285 ipsas
481 2202 572 2266 locos
595 2200 809 2279 nominamus,
844 2215 978 2285 possunt
1004 2200 1217 2265 subiectarum
1239 2200 1497 2282 propositionum
1519 2201 1613 2265 etiam
1636 2221 1693 2285 ge·

373 2316 452 2361 nera
474 2295 664 2377 nuncupari.
719 2298 799 2361 Nam
828 2296 1022 2362 differentiae
1044 2294 1240 2359 continentes
1263 2293 1355 2357 etiam
1378 2314 1496 2377 genera
1518 2292 1693 2358 communi·

375 2402 428 2455 ter
450 2400 585 2471 possunt
607 2387 731 2453 videri:
755 2403 789 2453 ut
810 2390 1006 2466 irrationale,
1030 2408 1160 2471 qrruma
1181 2386 1329 2451 rationali
1352 2391 1439 2451 velut
1459 2387 1609 2451 divisibili
1631 2388 1693 2451 dii·

242 2545 250 2559 ,
378 2478 701 2559 lorentia,dissideat,
735 2494 838 2547 tamen
861 2484 935 2568 equi
958 2484 1008 2549 vel
1030 2481 1114 2547 cauis
1138 2494 1170 2544 et
1191 2480 1369 2547 differentia
1388 2481 1536 2563 specilica
1557 2491 1627 2556 est,
1661 2488 1736 2561 etto

242 2632 247 2643 ,
377 2578 497 2657 adeor
526 2575 632 2639 locum
661 2576 786 2661 generis
812 2588 918 2653 tenet;
956 2596 1089 2660 natuque
1112 2574 1225 2639 animal
1246 2573 1461 2639 irrationabile
1496 2574 1571 2660 equi
1592 2595 1693 2657 genus

375 2680 440 2734 est.
497 2669 547 2732 lta
570 2668 662 2733 etiarn
683 2670 716 2732 io
739 2670 882 2735 maximis
904 2668 1193 2754 propositionibus.
1246 2670 1328 2731 Nam
1352 2671 1438 2752 quod
1460 2667 1538 2733 aliae
1559 2678 1631 2731 sunt
1652 2687 1693 2729 ex

375 2774 460 2835 toto,
485 2761 564 2825 aliae
587 2784 627 2826 ex
648 2762 809 2845 portibus,
835 2768 894 2827 bae
917 2765 999 2829 inter
1020 2785 1056 2827 se
1077 2774 1282 2846 comparatae
1303 2760 1499 2825 differentiae
1520 2759 1695 2824 divisibiles

242 2828 251 2931 ‚b
373 2867 470 2931 sunt,
506 2857 546 2919 ad
566 2854 652 2938 ipsas
675 2880 754 2923 vero
778 2860 927 2922 maximas
949 2857 1190 2941 propositiones
1212 2857 1459 2921 differentiarum
1482 2853 1693 2919 continentiae

242 2942 251 3037 'f
374 2950 463 3013 velut
492 2950 619 3033 generis
650 2951 725 3016 loco
757 2963 842 3015 sunt.
901 2954 980 3015 Nam
1002 2950 1236 3035 propositionis
1259 2973 1300 3014 ex
1320 2962 1392 3015 toto
1415 2948 1568 3013 venientis
1591 2954 1736 3031 genusii

243 3040 249 3117 J
374 3042 483 3107 estid
510 3042 631 3125 ipsum,
671 3046 757 3129 quod
786 3057 922 3109 vocatur
952 3066 993 3107 ex
1015 3056 1098 3108 toto.
1157 3044 1237 3107 ltcm
1259 3041 1489 3126 propositionis
1509 3066 1528 3107 a
1548 3042 1694 3124 partibus

243 3124 251 3226 ζ
373 3138 508 3211 ductae,
539 3136 682 3221 quamvis
704 3150 798 3202 notae
820 3150 916 3223 atque
938 3136 1139 3213 manifestae,
1170 3158 1270 3220 genus
1292 3148 1358 3209 est,
1382 3138 1509 3222 quoda
1530 3133 1692 3218 partibus,

375 3242 408 3293 et
430 3242 554 3293 ceterae
576 3230 769 3297 differentiae
791 3253 899 3295 aarum
919 3231 1196 3314 propositionum,
1221 3252 1303 3316 qnae
1326 3252 1420 3314 qutun
1442 3230 1505 3295 siut
1527 3228 1691 3305 maximae,

375 3333 482 3386 tamen
507 3324 621 3386 eisdem
643 3323 791 3387 ridentur
809 3324 943 3402 includi,
967 3325 1056 3389 velut
1077 3328 1230 3411 quaedam
1245 3346 1364 3409 genera
1378 3336 1464 3387 sunt.
1507 3324 1694 3402 Quaerero

244 3417 250 3497 j
376 3416 441 3480 sint
461 3416 520 3479 hae
542 3416 762 3493 differentiae,
796 3419 904 3499 paullo
933 3418 1093 3501 posterius
1123 3420 1288 3482 disseram.
1342 3418 1393 3482 lle
1425 3416 1463 3481 iis
1491 3418 1591 3502 igitur
1612 3423 1738 3479 nuncto

376 3508 457 3573 locis
480 3521 618 3575 tractare
641 3510 765 3575 'l'ullius
787 3510 939 3593 instituit,
967 3512 1022 3595 quii
1044 3512 1195 3576 maximas
1219 3510 1475 3595 propositiones,
1498 3530 1578 3594 quas
1598 3530 1694 3591 supe·

375 3602 443 3666 rius
466 3602 617 3678 diximus,
652 3603 771 3681 idest,
801 3626 915 3687 perse
938 3618 1029 3671 notas
1051 3619 1144 3692 atque
1166 3605 1381 3682 universales,
1413 3602 1579 3671 continent
1600 3613 1695 3687 atque

244 3700 251 3783 ¹.
375 3694 554 3761 includunt.
598 3694 670 3761 Hae
692 3716 770 3761 reru
791 3710 863 3761 stunt
886 3700 1089 3765 maximarum
1113 3699 1313 3765 differentiae
1334 3696 1606 3783 propositionum.
1644 3696 1694 3761 De

380 3788 605 3853 stniversalium
629 3789 728 3875 igitur
749 3792 998 3863 enuntiationum
1020 3814 1079 3876 pcr
1100 3816 1199 3880 seque
1220 3806 1367 3858 notarum
1389 3791 1574 3855 differentiis
1595 3790 1695 3855 disse·

375 3884 443 3947 rit:
477 3894 510 3945 ut
531 3883 572 3946 sit
594 3883 716 3969 integre
738 3885 828 3949 locrus
850 3888 1029 3971 argumenti
1050 3891 1155 3953 sedes.
1205 3889 1288 3951 Nam
1306 3887 1337 3950 si
1360 3898 1578 3970 argumentum
1601 3894 1737 3950 omoets

245 3960 252 3995 ³
375 3998 437 4062 por
459 3976 697 4060 propositiones
719 3980 759 4041 ad
780 3978 1015 4044 conclusionem
1037 4002 1137 4066 usqne
1159 3980 1363 4063 perducitur,
1387 4000 1496 4044 omues
1520 3999 1598 4043 vero
1619 3978 1695 4041 reli·

376 4092 459 4155 qrrae
481 4070 717 4153 propositiones
739 4072 769 4136 iu
791 4072 894 4155 prima
916 4072 1113 4158 maximaque
1128 4072 1352 4155 propositione
1366 4072 1585 4147 continentur,
1609 4071 1696 4153 ipsa·

245 4167 252 4187 '
376 4184 440 4249 que
462 4163 563 4245 prima
585 4184 623 4226 ac
645 4164 776 4228 maxima
799 4166 979 4248 propositio
1002 4179 1066 4230 tutu
1089 4188 1164 4249 pars
1186 4177 1234 4230 est
1255 4164 1557 4250 argumentationis,
1581 4165 1694 4241 idest,

246 4266 248 4277 ’
376 4256 570 4343 syllogismi,
595 4268 659 4321 trtm
682 4260 894 4343 extraposita
917 4258 1184 4345 argumentationi
1205 4258 1292 4323 sires
1312 4257 1478 4332 ministrat,
1502 4269 1537 4321 ut
1558 4270 1695 4343 utroque

246 4350 254 4369 '
376 4354 497 4428 modo,
532 4352 680 4436 quioniam
710 4352 836 4436 perlicit
868 4364 1104 4437 argumentum,
1138 4374 1213 4435 pars
1235 4350 1519 4437 argumentationis
1541 4355 1739 4436 quaedamto

376 4465 449 4511 esse
478 4444 646 4511 rideaturr
680 4466 744 4511 non
767 4459 814 4510 est
836 4446 987 4523 dubium,
1022 4446 1098 4531 quiin
1120 4448 1179 4511 hae
1202 4445 1415 4521 differentiae,
1445 4464 1526 4528 quae
1547 4446 1696 4527 proposi·

375 4538 481 4604 tiones
504 4539 653 4602 maximas
676 4540 856 4619 continent,
895 4543 1021 4605 eaedem
1044 4560 1154 4611 omues
1176 4540 1269 4604 etiam
1291 4539 1472 4605 contineant
1495 4552 1697 4626 argumenta·

247 4624 251 4657 ''
375 4632 498 4709 tiones,
529 4644 564 4697 ut
585 4632 787 4699 maximarum
810 4634 1065 4718 propositionum
1096 4634 1293 4699 differentiae
1313 4633 1384 4699 iure
1405 4634 1470 4699 loci
1491 4647 1697 4719 argumento-

450 4818 478 4873 6.
510 4810 572 4887 diff.
601 4823 632 4868 ut
661 4816 749 4888 aiios]
776 4814 822 4871 Sic
841 4822 950 4890 scripsi.
968 4848 1005 4861 -
1023 4810 1086 4889 diffi
1105 4828 1135 4871 et
1153 4826 1186 4871 at
1204 4818 1280 4871 olias
1297 4820 1374 4873 Eius.
1395 4820 1464 4873 lien.
1482 4848 1521 4863 -
1539 4813 1600 4889 disp
1619 4826 1649 4869 ut
1668 4826 1698 4870 et

247 4902 249 4923 ²
376 4891 452 4945 olias
471 4892 557 4945 Paris.
578 4890 654 4946 Basa.
704 4898 748 4949 17.
766 4895 855 4963 ipsas]
876 4893 953 4946 llius.
973 4896 1105 4965 -ipsos
1129 4890 1200 4947 Eut.
1252 4895 1296 4951 19.
1321 4893 1490 4946 irrationale
1521 4900 1584 4964 equi
1608 4910 1699 4961 gersus

247 4990 249 4999 s
375 4982 438 5019 oum
460 4966 594 5019 rationali
611 4968 690 5021 velut
708 4966 858 5019 dtorstttttr
876 4962 939 5038 diff.
964 4968 1040 5023 Elns.
1091 4974 1136 5026 20.
1165 4974 1245 5023 canis
1262 4968 1304 5024 aa
1331 4962 1508 5041 «inferentiae
1531 4986 1589 5039 par
1616 4968 1698 5036 tifiea

375 5050 418 5093 est
448 5038 515 5115 (sic)
546 5044 622 5099 Elns.
669 5050 718 5103 'tt-
745 5044 855 5101 emanat
883 5044 1050 5099 irrationale
1069 5062 1168 5117 graus.
1213 5043 1263 5101 tta
1285 5044 1364 5101 titus
1400 5047 1447 5105 29·
1464 5046 1545 5115 suat]
1564 5044 1641 5100 Eius.
1660 5070 1698 5093 ·-

248 5130 249 5139 ¹
375 5122 434 5173 stas
454 5116 525 5179 uod
