4434 5959
571 602 634 665 ets
1116 606 1352 672 BOETHIUS

569 753 730 807 astruamur
751 746 882 808 οιιιιιιιιι
904 746 1089 810 rotundum
1111 746 1178 823 sit,
1201 746 1269 810 sive
1286 744 1452 830 adiungat,
1474 765 1522 808 ora
1540 761 1608 808 non
1630 745 1695 824 sit,
1718 745 1790 809 sire
1811 744 1881 809 reti·

569 849 660 913 eeat,
684 838 750 919 ipsa
770 840 926 904 dubitatio
949 852 1070 922 partem
1099 861 1206 903 sertim
1223 840 1353 903 alteram
1376 837 1486 901 trahit.
1529 839 1564 901 Si
1584 837 1666 901 enim
1692 861 1788 903 unam
1812 860 1880 920 par·

569 942 633 995 tem
656 934 837 1015 propositio
856 946 997 1010 tueatur,
1021 933 1202 998 dubitabilis
1218 953 1281 997 non
1302 944 1369 1009 est,
1393 945 1487 1015 atque
1504 929 1623 999 idcirco
1644 956 1704 998 nec
1726 933 1879 1017 quaestio.

570 1024 676 1106 Quum
695 1026 795 1110 igitur
824 1028 924 1091 ornnis
948 1026 1093 1113 quaestio
1124 1029 1201 1089 diras
1225 1027 1343 1089 babeat
1372 1038 1498 1108 partes,
1532 1026 1747 1094 affirmationis
1776 1046 1879 1101 unam,

545 1114 698 1183 salinam
726 1120 923 1203 negationis,
959 1142 1087 1186 necesse
1107 1131 1174 1196 est,
1210 1132 1245 1183 ut
1266 1119 1308 1183 sit
1329 1139 1457 1201 semper
1479 1142 1520 1183 ex
1546 1122 1697 1186 alterutra
1717 1133 1814 1204 parte
1833 1121 1881 1180 ds-

568 1212 692 1289 lensio,
717 1224 851 1277 sutrinus
873 1214 997 1298 quidem
1020 1213 1236 1277 affirmationis
1254 1225 1398 1295 partem,
1422 1214 1600 1298 negationis
1621 1216 1701 1279 alter
1724 1215 1880 1285 defendat,

569 1316 601 1369 et
620 1306 671 1369 bic
689 1305 814 1390 quidem
840 1309 877 1371 ad
904 1312 1101 1373 astruendam
1125 1308 1388 1382 affirmationem,
1426 1308 1480 1389 ilie
1503 1328 1581 1370 vero
1603 1311 1644 1371 ad
1665 1309 1883 1372 destruendam

569 1420 651 1483 quae
676 1401 817 1482 potuerit
849 1414 1033 1487 argumenta
1057 1400 1231 1487 perquirat.
1286 1400 1375 1464 Nihil
1398 1422 1478 1465 vero
1501 1403 1650 1478 interest,
1688 1416 1797 1465 ιιιιιιιιι
1819 1397 1881 1483 quis

570 1493 805 1558 affirmationem
828 1509 927 1578 ponat
949 1517 986 1558 an
1016 1500 1158 1559 destruat
1182 1494 1404 1579 negationem,
1437 1507 1491 1558 aut
1512 1494 1717 1581 negationem
1742 1495 1883 1558 defendat

528 1602 608 1652 toan
635 1601 801 1672 oppugnet
823 1590 1073 1653 affirmationem.
1123 1590 1198 1673 Age
1223 1587 1326 1663 enim,
1357 1588 1397 1650 sit
1422 1590 1587 1671 quaestio:
1613 1592 1738 1654 Utrum
1756 1591 1882 1652 caeltsm

570 1682 757 1747 rotundum
782 1682 854 1746 sit?
885 1684 919 1747 Si
938 1682 1008 1765 quis
1030 1704 1096 1746 eam
1117 1681 1176 1745 sibi
1200 1680 1393 1765 quaestionis
1415 1694 1537 1762 partem
1564 1681 1791 1765 assumpserit,
1825 1698 1879 1764 qua

569 1794 642 1837 esse
663 1775 822 1852 defendit,
847 1780 886 1840 ad
911 1797 977 1841 eam
1005 1777 1255 1841 constituendam
1282 1787 1392 1838 cuncta
1415 1796 1544 1840 necesse
1567 1789 1615 1840 est
1635 1776 1695 1840 sibi
1720 1784 1881 1857 eosnparet

570 1881 775 1947 argumenta,
800 1882 894 1953 atque
913 1862 951 1933 in
967 1871 1028 1933 boe
1049 1869 1285 1933 affirmationem
1308 1868 1433 1949 quidem
1455 1867 1565 1950 ponit,
1595 1873 1651 1933 sed
1669 1867 1811 1933 destruit
1833 1885 1881 1927 ne·

571 1961 743 2042 gationem.
788 1962 822 2025 Si
843 1961 913 2045 quis
933 1983 1011 2025 vero
1035 1961 1067 2025 id
1085 1972 1183 2045 neget
1208 1982 1244 2023 ac
1267 1961 1367 2035 dieat,
1391 1981 1456 2025 non
1479 1983 1550 2025 esse
1564 1964 1683 2027 eaelum
1699 1963 1878 2035 rotundum,

527 2076 559 2129 ις
571 2056 701 2134 sumpsit
726 2052 786 2119 sibi
805 2068 928 2137 partem
959 2056 1087 2125 alteram
1108 2054 1321 2137 quaestionis,
1351 2074 1432 2137 quae
1458 2054 1564 2118 luerat
1588 2056 1735 2141 reliqua,
1760 2056 1797 2119 id
1821 2064 1878 2127 est,

570 2146 787 2229 negationem,
822 2148 853 2211 in
887 2168 987 2233 eaque
1015 2147 1177 2222 consistit,
1209 2150 1306 2211 etad
1336 2148 1419 2211 banc
1443 2152 1679 2230 approbandant
1701 2146 1881 2234 perquisitis

570 2238 671 2303 utitur
692 2241 904 2325 argumentis:
928 2244 1034 2327 itaque
1059 2242 1256 2325 negationem
1283 2240 1374 2322 ponit
1397 2254 1429 2304 et
1449 2241 1618 2305 labefactat
1637 2244 1882 2308 affirmationem.

570 2334 662 2416 Quae
679 2355 773 2418 quum
794 2334 837 2397 ita
864 2336 944 2414 aiut,
983 2340 1229 2399 demonstratum
1252 2334 1412 2410 arbitror,
1447 2356 1510 2400 non
1528 2348 1626 2400 totam
1649 2338 1879 2423 quaestionem,

569 2428 627 2490 aed
656 2428 721 2494 eius
744 2428 878 2512 aliquam
910 2442 1031 2513 partem
1058 2432 1096 2491 ad
1125 2428 1339 2492 defensionem
1363 2430 1485 2493 venire.
1543 2430 1608 2493 Sed
1634 2432 1721 2516 quod
1756 2429 1883 2513 quisque

527 2519 736 2595 endelendet,
761 2522 850 2584 adid
874 2544 1002 2607 quoque
1025 2533 1211 2605 argumenta
1232 2522 1405 2605 perquirit.
1448 2525 1502 2588 Ad
1524 2535 1645 2605 partem
1670 2524 1775 2608 igitur
1796 2543 1884 2608 quae·

570 2612 682 2677 ationis
710 2617 908 2678 astruendam
943 2618 1205 2679 destruendamve
1234 2628 1417 2698 argiuuenta
1450 2628 1627 2679 suumntur.
1681 2622 1796 2701 Atque
1817 2621 1884 2679 baec

571 2706 696 2789 quidem
714 2707 741 2771 si
760 2708 830 2791 quis
849 2710 949 2771 minus
973 2708 1140 2791 intelligit,
1164 2729 1202 2770 ne
1224 2708 1349 2772 anobis
1374 2712 1512 2773 obscure
1531 2712 1613 2773 dicta
1633 2732 1705 2775 esse
1726 2721 1882 2773 causetur.

572 2800 606 2865 Si
628 2800 722 2877 enim,
740 2822 821 2887 quae
841 2804 871 2866 in
887 2804 1046 2866 dialectica
1066 2803 1118 2865 vel
1137 2824 1153 2863 a
1169 2800 1261 2864 nobis
1276 2802 1358 2864 dicta
1378 2803 1490 2865 Latina
1510 2804 1656 2868 oratione
1677 2794 1727 2867 rel
1746 2826 1765 2866 a
1788 2806 1883 2866 Grae·

571 2893 617 2957 cis
638 2895 756 2976 scripta
773 2906 864 2971 siunt,
903 2895 1083 2982 ignorabit,
1123 2895 1234 2958 mireum
1252 2906 1318 2967 est,
1342 2894 1368 2957 si
1398 2917 1490 2979 quarn
1513 2908 1633 2977 partem
1653 2917 1787 2971 eorum,
1811 2914 1882 2980 quae

528 3000 560 3049 8⁵
572 2988 723 3065 dicimus,
758 2992 925 3054 advertere
948 2990 1073 3066 valeat,
1111 2992 1223 3052 nedum
1247 3000 1450 3070 stupeaums,
1488 2993 1656 3074 quodnou
1676 2992 1783 3055 omnia
1804 3010 1883 3052 eom·

571 3082 758 3164 prehendat.
801 3084 865 3147 Sed
892 3084 1040 3167 quoniam
1071 3082 1273 3144 dubitabilem
1302 3080 1554 3163 propositionem
1580 3086 1801 3165 quaestionem
1821 3102 1882 3146 esse

570 3175 804 3257 praediximus,
829 3178 954 3253 evenit,
978 3188 1030 3251 ιιι,
1062 3196 1141 3259 quas
1164 3187 1272 3255 partes
1291 3174 1403 3237 babeat
1426 3165 1625 3259 propositio,
1650 3183 1779 3241 easdem
1797 3178 1882 3241 etiam

571 3268 717 3351 quaestio
734 3270 872 3335 retinere
888 3271 1044 3333 videatur.
1089 3267 1202 3331 Omnis
1223 3278 1326 3329 autem
1342 3267 1475 3350 simplex
1497 3270 1677 3351 propositio
1699 3274 1780 3336 diras
1795 3271 1883 3333 babet

571 3374 677 3442 partes
696 3362 726 3425 in
742 3363 882 3427 terminis
899 3364 1100 3427 constitutas.
1145 3360 1286 3442 Simplex
1308 3382 1388 3425 rero
1410 3362 1592 3445 propositio
1614 3374 1663 3426 est
1687 3362 1880 3427 huiusmodi:

530 3454 693 3518 ttOmnis
717 3457 819 3519 homo
847 3458 977 3519 wisunt
1006 3468 1068 3520 est.
1128 3455 1296 3518 'l'errninos
1329 3476 1408 3520 vero
1439 3478 1525 3520 voco
1548 3457 1706 3539 simplices
1733 3452 1882 3521 orationis

571 3558 697 3629 partes,
721 3572 801 3632 quae
830 3551 992 3614 continent
1014 3549 1287 3633 propositionem,
1312 3561 1345 3610 ut
1365 3550 1496 3612 animal
1515 3561 1547 3613 et
1567 3552 1683 3615 bomo.
1739 3552 1787 3614 Hi
1813 3568 1883 3612 vero

573 3651 644 3704 ιιιιιι
668 3642 864 3724 praedicatus
879 3656 973 3728 atque
989 3645 1163 3707 subiectus.
1210 3642 1416 3705 Praedicatus
1432 3656 1480 3706 est
1500 3644 1532 3707 in
1551 3644 1779 3726 propositione
1792 3642 1883 3705 maior

572 3734 725 3799 terminus
753 3737 947 3809 collocatus,
985 3738 1145 3800 subiectus
1170 3756 1251 3800 vero
1275 3734 1390 3798 minor.
1441 3735 1551 3800 Maior
1569 3759 1647 3801 vero
1670 3736 1825 3799 terminus
1850 3736 1883 3795 de

573 3828 716 3892 subiecto
745 3830 880 3893 dicitur:
916 3829 1018 3893 minor
1042 3843 1144 3892 autem
1172 3832 1210 3892 de
1232 3830 1353 3893 maiore
1374 3828 1461 3893 nullo
1484 3833 1580 3893 modo
1603 3832 1825 3912 praedicatur,
1853 3838 1882 3888 ut

531 3930 563 3982 2⁵
573 3920 704 3999 animal,
743 3914 889 4009 quoniam
910 3924 1007 3987 maius
1028 3938 1074 3987 est
1093 3946 1185 4007 quam
1205 3926 1320 3999 Ιιοιιιο,
1356 3926 1394 3985 de
1417 3923 1546 3986 bomine
1566 3923 1791 4005 praedicatur:
1813 3919 1882 3985 diei·

572 4026 626 4079 tur
643 4016 744 4093 enim,
782 4017 903 4085 Omnia
926 4020 1027 4081 horno
1045 4018 1178 4080 nniinal
1200 4029 1269 4089 est:
1300 4018 1399 4081 bomo
1419 4038 1499 4080 vero
1518 4021 1556 4080 de
1577 4018 1701 4081 animali
1722 4039 1791 4081 non
1813 4011 1883 4077 dici·

572 4122 647 4177 tur:
672 4133 764 4178 sterno
787 4111 869 4175 enim
893 4133 968 4175 vere
987 4113 1081 4174 dicit:
1103 4115 1213 4178 Omne
1229 4111 1360 4174 animal
1380 4114 1481 4175 lromo
1504 4124 1569 4175 est.
1613 4113 1685 4175 Hac
1709 4109 1813 4194 igitur
1834 4128 1880 4169 ra·

572 4206 659 4271 tione
682 4204 900 4270 internoscere
920 4228 1113 4288 possumus,
1136 4204 1189 4286 qui
1209 4205 1366 4267 terminus
1385 4205 1416 4266 in
1438 4204 1660 4287 propositione
1681 4202 1805 4275 maior,
1834 4194 1881 4281 qui

574 4321 653 4363 vero
675 4300 717 4364 sit
738 4302 853 4365 minor.
899 4301 1010 4366 Otuuis
1034 4311 1135 4363 autem
1159 4298 1321 4383 quaestio,
1345 4310 1380 4361 ut
1395 4298 1510 4361 dictum
1532 4308 1599 4373 est,
1624 4295 1773 4381 quoniam
1797 4289 1881 4355 dubi·

530 4393 685 4459 ttttabiles
716 4406 825 4477 partes
846 4396 941 4459 habet
970 4408 1000 4457 et
1021 4396 1062 4457 ad
1079 4394 1203 4455 easdem
1221 4394 1480 4473 'eorrrprobaudas
1499 4402 1684 4475 argumenta
1702 4399 1880 4457 sumuntur,

574 4508 704 4551 neeesse
726 4500 790 4563 est,
814 4500 859 4562 ut,
882 4487 1033 4572 quidquid
1056 4486 1087 4549 in
1109 4485 1348 4568 quaestionibus
1366 4487 1612 4566 comprobetur,
1635 4484 1668 4548 id
1683 4491 1882 4568 argtrmento·

572 4602 643 4645 rum
668 4580 790 4645 ratione
816 4583 972 4645 llrmetnr.
1016 4582 1249 4663 Argumentum
1277 4599 1376 4653 vero,
1411 4578 1471 4640 uisi
1492 4578 1533 4641 sit
1557 4576 1703 4641 oratione
1730 4576 1880 4658 prolatum

572 4685 606 4738 et
631 4675 888 4756 propositionum
914 4676 1117 4739 contextione
1139 4673 1344 4755 dispositum,
1376 4672 1468 4734 iidem
1490 4672 1598 4735 lacere
1617 4669 1804 4734 dubitationi
1825 4685 1880 4765 nos

572 4768 706 4851 poterit.
761 4770 855 4853 Ergo
877 4768 928 4830 illa
951 4790 1008 4849 prr
1030 4768 1267 4850 propositiones
1288 4766 1428 4848 prolatio
1458 4786 1496 4827 ae
1518 4764 1686 4847 dispositio
1711 4768 1880 4847 arguments

531 4862 807 4949 tsargutueutatio
846 4874 1063 4945 tumcupntur,
1098 4883 1179 4946 quae
1205 4861 1319 4924 dicitur
1344 4862 1540 4940 enthymema
1577 4858 1627 4920 rel
1658 4853 1878 4941 syllogismus,

582 5018 624 5033 ἡ

571 5168 596 5239 s
625 5100 814 5229 ditl-Ept'titur
832 5094 908 5151 Eius.
928 5094 1006 5149 Rasa.
1026 5092 1098 5149 lbld.
1118 5100 1212 5164 itaque
1230 5099 1335 5147 astruit
1353 5096 1533 5163 negationem
1550 5100 1580 5145 et
1597 5090 1653 5147 tat.
1672 5091 1749 5146 Elas-
1774 5095 1819 5147 20·
1832 5084 1878 5137 lt·

590 5188 623 5223 ssa
655 5180 666 5225 t
722 5188 762 5225 ns.
