4434 5959
970 584 1063 650 LIB.
1085 585 1136 650 V.
1643 585 1705 652 359

244 755 255 794 ε
387 725 488 810 atqui
508 724 582 788 dies
602 735 676 788 esta
693 745 768 790 nox
781 725 893 808 igitur
911 746 983 795 non
1005 737 1076 799 sets
1110 727 1163 790 vel
1183 727 1211 790 si
1231 747 1392 793 connexae
1413 725 1645 809 propositionis
1664 748 1706 791 ex

388 819 598 886 affirmatione
631 830 663 883 et
693 820 863 904 negatione
891 819 1060 904 copulatae
1085 821 1261 902 posteriori
1291 821 1376 904 parti
1403 819 1534 906 negatio
1563 823 1706 886 dematur

388 927 525 999 totaque
545 913 675 997 insuper
696 917 872 997 denegetur
891 915 1062 999 positoque
1083 916 1192 998 priore
1217 915 1266 992 id,
1304 919 1393 1000 quod
1413 914 1582 1000 sequitur,
1596 913 1706 978 interi-

350 1067 354 1074 .
390 1020 515 1086 matur,
537 1010 601 1072 boc
621 1010 739 1072 modo:
761 1010 862 1084 Non,
884 1007 916 1072 si
936 1008 1076 1093 uigilet,
1097 1010 1212 1074 stertit
1219 1033 1232 1083 ,·
1252 1011 1349 1094 aequi
1372 1009 1514 1094 vigilat:
1535 1030 1603 1073 non
1617 1021 1705 1073 ster-

252 1137 258 1174 ;
388 1102 579 1187 sicigitur.
639 1103 748 1185 Atque
769 1101 850 1164 haec
871 1099 975 1165 omnia
995 1102 1029 1166 in
1054 1104 1148 1168 tertio
1171 1124 1240 1168 csse
1258 1103 1477 1187 intelliguntur
1497 1105 1593 1168 modo
1610 1115 1731 1190 atqucs

390 1219 434 1262 cx
457 1195 707 1280 repugnantibus
731 1194 812 1258 fiunt
831 1207 865 1258 et
884 1217 1010 1278 semper
1030 1195 1081 1272 id,
1112 1201 1199 1281 quod
1218 1197 1393 1272 antecedit,
1426 1197 1570 1280 ponitur,
1597 1207 1631 1259 ut
1652 1197 1703 1274 id,

391 1293 482 1376 quod
504 1287 667 1373 sequitur,
691 1289 865 1353 auferatur.
914 1291 998 1354 Nam
1019 1313 1084 1356 non
1101 1292 1184 1356 sieut
1197 1291 1228 1356 in
1243 1289 1464 1374 propositione
1479 1292 1705 1369 conditionali,

392 1407 475 1471 quae
493 1394 611 1467 negata
626 1383 837 1468 repugnantia
856 1384 990 1466 partium
1013 1405 1088 1448 vcra
1110 1386 1165 1462 iit,
1188 1384 1281 1468 prior
1301 1405 1377 1466 pars
1397 1386 1613 1468 proponitur,
1638 1386 1707 1448 sive

392 1477 597 1554 affirmative,
630 1477 698 1540 sive
721 1477 888 1561 negative,
920 1475 966 1540 ita
993 1498 1060 1540 eam
1087 1479 1190 1542 reddit
1218 1477 1403 1560 assumptio.
1463 1479 1526 1542 Sed
1548 1490 1583 1542 ut
1606 1479 1708 1562 prima

391 1593 470 1655 pars
490 1570 587 1637 luerit
608 1581 788 1654 assumpta,
811 1571 935 1656 reliqua
954 1571 1114 1636 contraria
1137 1569 1349 1635 enuntiatione
1379 1571 1590 1636 concluditur.
1626 1575 1707 1636 Nam
1719 1593 1749 1641 to

392 1665 420 1729 si
441 1663 616 1748 assumptio
638 1664 734 1727 luerit
760 1665 961 1741 affirmativa,
999 1665 1059 1728 erit
1085 1665 1236 1750 negativa
1263 1665 1446 1741 conclusi03
1481 1666 1508 1728 si
1535 1668 1708 1748 assumptio

393 1757 561 1842 negativa,
599 1757 661 1822 crit
685 1758 852 1824 conclusio
874 1757 1077 1822 affirmativa.
1135 1758 1276 1839 Quartus
1304 1761 1417 1822 modus
1448 1770 1515 1835 est,
1553 1781 1648 1844 quum
1677 1759 1709 1822 in

394 1851 582 1917 disiunctiva
605 1852 828 1934 propositione
855 1852 992 1935 primum
1013 1851 1163 1934 ponitur,
1195 1864 1230 1916 ut
1251 1853 1415 1917 auferatur
1435 1856 1622 1931 secundum,
1646 1855 1710 1918 hoc

392 1949 511 2012 modos
549 1947 622 2012 Aut
643 1947 716 2012 dies
737 1960 807 2023 est,
835 1959 898 2010 orat
918 1967 992 2010 nox
1013 1958 1083 2019 esta
1111 1947 1208 2032 atqui
1229 1947 1304 2011 dies
1327 1959 1397 2011 ests
1429 1969 1497 2011 uon
1524 1960 1576 2011 eat
1600 1947 1711 2032 igitur

392 2061 482 2106 nox.
540 2039 677 2121 Qrsiotus
697 2043 811 2104 modus
833 2051 900 2117 est,
931 2038 1077 2125 quotiens
1098 2039 1131 2102 in
1155 2040 1340 2104 disiunctiva
1360 2041 1581 2124 propositione
1603 2043 1755 2110 arder-1⁵

395 2147 466 2212 tur,
489 2136 575 2217 prod
595 2133 684 2216 prius
702 2145 768 2210 est,
791 2145 828 2198 ut
849 2146 990 2216 ponatur
1007 2135 1199 2210 secundum,
1225 2135 1288 2198 boc
1308 2135 1428 2199 modo:
1451 2137 1524 2200 Aue
1544 2134 1618 2202 dies
1639 2148 1710 2211 est,

394 2241 458 2292 out
479 2250 553 2294 noar
572 2241 642 2302 est,·
661 2249 731 2294 non
748 2241 800 2292 est
820 2241 937 2292 nauem
957 2223 1044 2294 dies:
1064 2247 1138 2290 noae
1158 2225 1268 2311 igitur
1282 2239 1347 2291 est.
1390 2228 1507 2296 Sextus
1525 2233 1635 2294 modus
1650 2241 1709 2305 est,

394 2343 493 2408 quum
508 2320 546 2385 iis
565 2323 682 2397 rebus,
707 2342 789 2406 quae
810 2320 843 2384 iu
864 2319 1105 2385 disiunctionem
1127 2319 1238 2384 venire
1259 2333 1411 2402 possunt,
1446 2321 1478 2385 id
1496 2333 1562 2399 est,
1577 2316 1714 2388 ¹contra·

395 2415 452 2480 riis
473 2415 527 2478 sel
546 2415 804 2498 repugnantibus
823 2414 991 2478 medietate
1012 2413 1211 2490 carentibus,
1234 2415 1362 2498 negatio
1378 2416 1588 2499 praeponitur
1607 2429 1640 2481 et
1657 2439 1714 2482 co·

394 2507 555 2593 pulstirae
577 2506 816 2572 coniunctiones
836 2506 1050 2590 adiunguntur
1071 2507 1283 2590 poniturque,
1307 2511 1395 2590 quod
1419 2509 1555 2590 primum
1578 2521 1645 2587 est,
1680 2521 1714 2574 ut
1724 2529 1756 2580 2⁰

394 2601 447 2680 id,
472 2602 561 2685 qood
578 2612 627 2664 est
647 2602 863 2684 subsequens,
886 2599 1066 2677 auderetur,
1088 2601 1152 2666 boc
1174 2603 1293 2664 modo:
1317 2602 1399 2668 Non
1420 2601 1644 2680 sedissent,
1681 2615 1715 2668 et

394 2715 472 2760 noar
489 2706 560 2768 este
581 2693 652 2758 dies
676 2705 794 2756 metens
817 2704 888 2756 ests
908 2713 983 2758 nox
1003 2694 1114 2778 igitur
1136 2715 1204 2759 non
1222 2705 1304 2756 eat.·
1329 2693 1488 2775 Septimus
1512 2698 1621 2782 modus
1648 2706 1712 2772 est,

396 2810 495 2871 quum
514 2787 547 2850 in
578 2790 686 2852 eadem
714 2786 936 2870 propositione
955 2787 1098 2852 anlertur
1116 2787 1172 2862 id,
1206 2789 1292 2870 quod
1314 2787 1494 2870 praecedit,
1523 2799 1558 2851 ut
1576 2800 1715 2870 ponatur

393 2883 450 2958 id,
474 2885 561 2965 quod
579 2876 807 2966 consequitur,
839 2882 903 2944 boc
925 2883 1045 2945 modo:
1075 2884 1160 2969 Non
1180 2892 1214 2945 et
1236 2881 1309 2944 dies
1331 2893 1401 2958 est,
1425 2891 1459 2945 et
1479 2901 1554 2944 nox
1567 2893 1639 2954 est,·
1661 2893 1715 2945 ot-

395 2975 458 3062 qua'
477 2975 551 3039 dies
569 2995 639 3039 non
662 2986 733 3039 eet:
763 2996 837 3038 noar
853 2973 965 3057 igitur
986 2986 1050 3039 est.
1093 2975 1155 3038 His
1180 2973 1279 3060 igitur
1299 2973 1343 3038 ita
1365 2973 1536 3057 praedictis
1557 2978 1599 3038 ad
1620 2974 1757 3046 Cice-25

402 3067 492 3134 ronis
516 3071 616 3132 verba
638 3067 822 3132 veniamuss

488 3161 586 3246 (Cap.
603 3163 656 3227 13.
669 3163 772 3244 §.53.)
783 3167 898 3247 Quum
908 3160 1081 3245 tripertito
1091 3162 1251 3246 igitur-
1260 3173 1490 3226 —nramerota
1497 3163 1714 3244 pecuniaest.

482 3257 566 3320 Eum
593 3257 721 3334 locum,
758 3257 813 3340 qui
845 3277 885 3320 ex
911 3251 1170 3320 antecedentibus
1198 3267 1230 3319 et
1258 3257 1522 3340 consequentibus
1555 3267 1586 3320 et
1618 3278 1715 3339 repu-

397 3349 568 3436 gnantibus
602 3362 702 3426 esset,
740 3371 836 3413 uuum
863 3361 950 3414 recte
983 3350 1085 3414 videri
1117 3371 1251 3433 eumque
1283 3349 1314 3412 in
1346 3351 1528 3416 conditione
1558 3371 1628 3416 esse
1653 3372 1716 3434 po·

395 3446 510 3522 situm,
544 3447 600 3508 sed
628 3443 711 3510 trina
746 3443 916 3529 partitione
945 3442 1112 3520 distribui,
1155 3443 1300 3526 superius
1329 3445 1519 3527 explicatum
1554 3458 1628 3510 esta
1669 3446 1757 3516 id·ao

398 3559 460 3624 que
494 3541 545 3602 M.
580 3538 705 3603 Trallius
742 3539 916 3605 evidentius
950 3548 1041 3603 notat
1076 3537 1211 3614 dicens,
1253 3537 1446 3602 intellectum
1483 3539 1609 3624 quidem
1649 3541 1716 3604 eius

397 3631 750 3717 considerationemque
781 3634 814 3697 in
841 3629 1023 3698 conditione
1049 3631 1186 3714 positam
1210 3653 1301 3696 unam
1325 3654 1417 3710 esse,
1457 3636 1513 3697 sed
1536 3655 1595 3717 per
1616 3655 1713 3719 argu·

397 3725 598 3790 mentationis
618 3729 840 3793 tractationem
864 3727 1027 3809 tripertito
1063 3726 1173 3790 dividi.
1233 3725 1332 3792 Cuius
1355 3728 1402 3792 rei
1428 3749 1487 3811 per
1513 3729 1649 3812 primum
1679 3751 1716 3792 ac

397 3823 567 3886 secundnm
580 3833 612 3883 et
625 3821 753 3886 tertium
770 3820 1053 3904 hypotheticorum
1067 3820 1326 3906 syllogismorum
1343 3825 1488 3898 modum,
1512 3821 1593 3886 sicut
1608 3823 1714 3904 paullo

398 3913 545 3996 superius
564 3913 718 3992 diximus,
742 3916 887 3999 exempla
908 3914 1054 3980 subiecit.
1098 3914 1189 3995 Quae
1212 3915 1359 4000 quoniam
1375 3914 1586 3997 implicatiora
1605 3915 1715 3979 viden·
1728 3935 1760 3986 35

396 4020 468 4083 tur,
493 4029 587 4090 quam
610 4019 646 4072 ut
668 4008 773 4091 primo
799 4009 903 4072 statim
925 4007 1033 4072 auditu
1061 4009 1385 4090 comprehendantur,
1421 4007 1522 4072 visum
1544 4010 1717 4092 paullisper

397 4111 446 4165 est
470 4099 686 4182 apertioribus
715 4101 869 4192 epcmplis
890 4100 1038 4166 animum.
1052 4102 1182 4166 lectoris
1204 4102 1363 4180 imbuere,
1401 4103 1489 4166 utin
1519 4105 1716 4172 facilioribus

396 4194 535 4278 primum
557 4195 731 4260 exercitata
754 4196 961 4281 intelligentia
986 4196 1053 4259 sine
1081 4217 1199 4281 magno
1221 4195 1376 4280 negotio,
1412 4211 1585 4281 quaesunt
1606 4201 1715 4264 diffici-

396 4287 501 4365 liora,
524 4293 713 4372 perpendat.
756 4293 810 4357 Ab
834 4291 1092 4354 antecedentibus
1110 4290 1209 4373 igitur
1227 4293 1459 4374 argumentatio
1478 4291 1534 4368 fit,
1569 4294 1716 4380 quotiens

397 4381 557 4448 enuntiata
585 4383 766 4449 conditione
788 4384 1018 4468 propositionis
1039 4383 1172 4447 sumitur
1193 4383 1242 4458 id,
1278 4385 1365 4468 qnod
1387 4385 1572 4464 antecessit,
1604 4399 1638 4450 nt
1664 4389 1713 4466 id,
1727 4407 1759 4458 au

397 4480 486 4564 quod
513 4478 674 4563 sequitur,
708 4479 882 4554 inseratur,
919 4480 983 4544 boc
1009 4480 1128 4542 modos
1172 4477 1222 4540 Sit
1242 4477 1325 4542 enim
1348 4478 1496 4554 dubium,
1529 4501 1568 4544 an
1590 4481 1715 4546 Tullius

397 4569 511 4635 animal
537 4571 597 4646 sit,
636 4575 892 4658 concedaturque
925 4574 1058 4636 essndem
1090 4569 1281 4638 Ciceronem
1306 4593 1375 4636 esse
1406 4573 1582 4652 bominem,
1621 4587 1653 4639 et
1675 4577 1716 4642 sit

395 4676 464 4729 rata
487 4663 670 4748 propositio
691 4666 790 4730 baec:
825 4666 963 4732 Tullius
983 4665 1015 4730 si
1036 4667 1139 4730 homo
1169 4678 1237 4743 est,
1267 4665 1398 4730 animal
1418 4679 1480 4734 est.
1524 4669 1634 4734 Homo
1661 4693 1717 4734 an·

397 4757 534 4834 tecedit,
571 4759 685 4822 animal
713 4759 869 4846 sequitur.
924 4759 959 4824 si
981 4758 1079 4844 igitur
1098 4781 1140 4824 ex
1161 4761 1358 4826 antecedenti
1377 4761 1470 4826 velim
1494 4763 1599 4828 lacere
1621 4785 1718 4848 argu-

397 4852 642 4930 mentationem,
667 4875 823 4918 assumam
844 4853 895 4929 id,
919 4856 1007 4939 quod
1025 4855 1204 4936 praecedit,
1228 4857 1291 4919 boc
1313 4857 1428 4920 modo:
1452 4856 1520 4922 Sed
1540 4858 1643 4922 homo
1665 4869 1760 4920 estss

397 4946 530 5012 Cicero.
575 4945 793 5034 Consequitur
811 4947 926 5014 animal
947 4969 1017 5012 esse
1033 4946 1244 5014 Ciceronem:
1268 4959 1300 5013 et
1322 4961 1369 5014 est
1391 4949 1441 5014 hic
1459 4949 1599 5030 primus,
1623 4971 1716 5034 quem

397 5038 670 5122 supradiximus,
704 5044 830 5107 modus.
874 5042 1000 5106 Rursus
1022 5063 1039 5104 a
1061 5043 1267 5127 consequenti
1289 5041 1521 5128 argumentatio
1543 5041 1598 5119 lit,
1633 5063 1716 5126 quo·

473 5157 502 5212 5,
518 5150 596 5204 Noas
613 5167 671 5204 non
689 5154 773 5222 stent]
793 5152 871 5208 Bene.
891 5175 926 5198 -
945 5150 1023 5210 Nam
1041 5156 1115 5206 sieut
1134 5159 1204 5222 tom.
1223 5149 1293 5228 non)
1312 5156 1407 5208 essert.
