4434 5959
929 619 1021 684 LlB.
1044 619 1074 684 Ι.
1614 622 1654 684 67

341 759 451 825 venit-r
474 759 551 824 licet
580 758 661 825 enim
689 759 737 835 id,
760 762 847 844 quod
869 757 1014 822 accidens
1035 771 1110 834 cst,
1132 761 1208 842 puni
1233 759 1265 824 in
1290 763 1493 826 substantiam
1520 784 1588 826 cum
1614 781 1653 826 eu

340 855 414 936 ipso
431 853 496 917 sibi
513 855 676 935 copulato,
700 853 750 917 cui
771 853 979 936 supponitur3
1002 864 1144 935 utputa,
1167 857 1269 919 homo
1290 859 1337 936 (ut
1352 855 1499 934 diximus)
1515 857 1653 920 animalis

340 949 468 1030 species
489 959 557 1011 esta
595 948 727 1010 hominis
750 968 827 1010 veru
849 946 972 1028 species
1002 958 1049 1008 est
1079 946 1276 1023 Thebanus,
1306 953 1392 1031 quod
1417 961 1464 1011 est
1486 951 1653 1027 accidens3

340 1044 393 1103 hie
414 1063 481 1104 non
511 1042 698 1104 Thebanum
720 1041 822 1104 sulum
844 1039 952 1102 audire
974 1039 1094 1114 debeo,
1131 1042 1186 1102 sed
1213 1041 1369 1106 hominem
1392 1044 1596 1120 Thebanum,
1621 1055 1656 1107 ut

341 1135 437 1198 simul
458 1155 532 1196 cum
556 1135 711 1197 Thebano
734 1145 767 1196 et
786 1131 944 1196 hominem
966 1131 1143 1207 audiendo,
1180 1132 1292 1197 faciam
1314 1135 1364 1210 id,
1395 1140 1481 1221 quod
1502 1150 1551 1202 est
1573 1137 1679 1202 acci-⁵

263 1226 264 1239 ¹
340 1229 443 1303 dens,
481 1226 697 1290 substantiale.
755 1227 862 1308 Quare
896 1226 1013 1291 Cicero
1041 1238 1130 1289 recte
1162 1227 1320 1292 huminem
1349 1231 1488 1294 animalis
1520 1233 1654 1313 speciem

341 1323 472 1402 posuit:
512 1332 545 1383 et
574 1341 673 1405 genus
703 1321 847 1384 Thebani
879 1333 931 1382 aut
966 1318 1116 1396 Troiani,
1153 1320 1309 1385 homiuem
1342 1323 1472 1388 scilicet.
1527 1325 1652 1408 ltaque,
1741 1351 1744 1358 ·

341 1414 471 1496 inquit,
508 1413 582 1478 ideo
609 1415 789 1498 diligentius
812 1433 929 1499 genera
957 1423 989 1476 et
1009 1413 1133 1493 species
1155 1434 1307 1496 generum
1330 1416 1460 1478 definire
1485 1417 1653 1494 volumus,

263 1546 264 1571 r
343 1521 376 1568 ut
398 1506 565 1569 intellectis
588 1517 696 1588 aperte
718 1507 907 1591 generibus,
942 1526 1006 1588 quo
1028 1505 1158 1570 breuior
1180 1504 1220 1569 sit
1242 1507 1392 1588 partitio,
1426 1508 1516 1572 etiarn
1539 1531 1654 1594 genera

342 1620 444 1682 panca
465 1598 499 1660 in
521 1598 692 1680 partitione
714 1603 821 1663 eadem
843 1599 1049 1663 collocemus.
1667 1607 1698 1656 to

425 1694 524 1757 Nam
543 1692 669 1776 quiite
685 1695 861 1776 partitum,-
885 1693 1053 1758 Ostendam
1076 1703 1212 1774 propter
1229 1691 1428 1790 cupifflem
1445 1706 1476 1758 et
1498 1696 1655 1760 audaciam

343 1795 374 1846 et
397 1783 564 1846 avaritiam
587 1786 842 1850 adversariorum
865 1785 969 1848 omnia
991 1785 1189 1850 incommoda
1212 1789 1253 1848 ad
1273 1771 1519 1872 roffiublicam
1540 1811 1656 1872 perve-

347 1876 433 1940 nisse
452 1876 532 1958 cet.]
583 1878 620 1942 In
640 1879 831 1959 partitione,
868 1899 948 1961 quae
970 1878 1084 1941 dicitur
1112 1878 1308 1956 distributio,
1346 1880 1406 1944 tria
1435 1881 1509 1945 dicit
1531 1904 1656 1966 semper

347 1990 416 2032 esse
444 1972 625 2034 servanda:
660 1972 864 2048 brevitatem,
900 1971 1145 2048 absolutionem,
1183 1973 1384 2054 paucitatem.
1442 1970 1588 2038 Brevitas
1623 1977 1654 2038 in
1747 2053 1749 2060 y

348 2061 455 2126 verbis
477 2075 539 2126 est.
581 2065 773 2140 Absolutio‚
796 2077 832 2128 ut
853 2065 956 2127 omnia
980 2085 1114 2148 genera,
1137 2065 1250 2149 quasi
1293 2087 1416 2130 causam
1439 2065 1599 2144 incidunt,
1621 2069 1652 2132 in
1665 2075 1698 2128 tt

346 2154 520 2238 partitione
541 2177 707 2238 ponamus.
764 2157 932 2233 Paucitas,
967 2169 1000 2220 ut
1021 2157 1089 2220 sola
1111 2179 1215 2221 rerum
1236 2083 1376 2248 gnere,
1411 2182 1490 2245 quac
1520 2164 1655 2244 partium

347 2261 438 2325 sunt,
462 2253 584 2336 absque
605 2254 747 2333 partibus
769 2252 833 2316 auis
854 2253 884 2314 in
908 2250 1078 2333 partitione
1100 2249 1274 2331 punamuit,
1300 2264 1331 2314 et
1353 2275 1431 2337 quac
1447 2277 1562 2339 genera
1581 2277 1657 2339 par·

348 2354 395 2404 tes
423 2343 560 2406 aliorum
592 2367 742 2429 generum
771 2368 843 2410 esse
871 2365 934 2407 non
962 2355 1108 2426 possunt.
1166 2345 1259 2406 Nunc
1286 2345 1392 2431 itaque
1429 2349 1466 2409 de
1498 2351 1655 2429 paucitate

347 2447 499 2498 tractatus
521 2449 588 2512 est;
621 2451 653 2501 et
673 2443 727 2502 dat
749 2440 924 2521 exemplum
957 2436 1091 2501 vitiosae
1113 2437 1361 2514 distributionis,
1392 2440 1509 2516 idest,
1541 2443 1655 2528 inqua

347 2549 449 2613 gentes
470 2540 504 2590 et
522 2551 598 2614 pars
619 2531 685 2595 eius
706 2532 796 2595 simul
811 2530 915 2614 posita
936 2542 1021 2592 sum.
1064 2533 1159 2596 Num
1180 2531 1239 2616 qui
1252 2533 1319 2608 ita,
1343 2531 1462 2615 iuquit,
1484 2535 1697 2616 partituratt

346 2623 544 2695 ‚Ostendam
576 2636 712 2706 propter
738 2624 937 2706 cupiditatem
965 2635 996 2686 et
1024 2623 1183 2686 audaciam
1213 2636 1244 2688 et
1271 2625 1432 2696 auaritiam
1454 2628 1655 2692 adversario·
1760 2705 1764 2714 .

347 2713 467 2787 rum'';
489 2715 535 2790 is,
560 2717 677 2801 inquit,
700 2717 838 2792 errarit3
867 2717 979 2779 etenim
1001 2717 1187 2797 paucitatem
1210 2737 1341 2781 servare
1362 2719 1512 2784 nescirit:
1536 2721 1562 2784 si
1585 2723 1655 2805 qui-

347 2808 418 2870 dem
440 2829 505 2870 non
534 2810 602 2874 sola
630 2830 737 2872 rerum
766 2830 881 2895 genera
900 2807 1028 2892 'possum
1061 2813 1119 2872 sed
1141 2823 1172 2872 ct
1194 2831 1292 2894 genus
1314 2823 1346 2874 et
1366 2823 1489 2894 partem
1513 2815 1653 2896 generis.

346 2901 516 2982 Cupiditas
537 2903 635 2980 enim,
659 2925 758 2988 genus
779 2917 843 2968 est:
881 2925 954 2985 pars
976 2901 1172 2984 cupiditatis,
1207 2903 1350 2968 avaritia.
1394 2907 1486 2990 Ergo
1508 2906 1539 2969 in
1560 2929 1654 2988 supe-

346 2994 507 3070 rioribus,
537 2995 613 3079 quid
631 2995 809 3060 iaciendum
832 3009 934 3072 esset,
967 2994 1124 3059 ustenditt
1153 3016 1254 3071 nttnc,
1285 2997 1361 3079 quid
1381 3019 1444 3061 non
1465 2997 1696 3068 faciendumne

349 3089 394 3152 Et
416 3088 496 3150 laaec
515 3086 585 3152 fere
606 3089 755 3172 bipertita
776 3100 1018 3171 praeceptorum
1042 3086 1187 3150 omnium.
1200 3087 1364 3170 disciplina
1386 3099 1447 3152 est.

430 3183 507 3246 Hoc
529 3179 640 3264 igitur
660 3183 836 3246 uitandum
855 3193 921 3258 est,
950 3203 991 3243 ne
1012 3181 1111 3242 cuius
1131 3200 1240 3262 genus
1265 3181 1424 3262 posueris
1446 3183 1524 3263 cet.]
1580 3186 1655 3250 Hoc

348 3275 451 3360 igitur
472 3274 631 3338 vitandum
658 3288 725 3353 est,
757 3288 792 3339 ut
820 3275 952 3340 sciamus
973 3293 1057 3336 nunc
1076 3273 1154 3337 illud
1174 3272 1333 3357 praecipi,
1371 3279 1458 3361 quod
1477 3277 1654 3344 laciendum

347 3367 487 3432 nonsit.
695 3377 702 3390 ‘

430 3463 584 3544 Quodsi
603 3463 696 3548 quod
715 3464 751 3527 in
783 3483 891 3549 genus
919 3464 1037 3544 plures
1065 3458 1214 3524 incident
1240 3472 1378 3544 portes,
1416 3463 1454 3526 id
1480 3487 1586 3550 qrutm
1618 3468 1653 3532 in
1666 3483 1698 3534 tt

344 3555 471 3640 prima.
486 3557 673 3638 partitione
701 3579 826 3622 causae
846 3557 913 3620 erit
938 3552 1139 3635 simpliciter
1165 3555 1360 3637 expositum
1386 3559 1464 3638 cet.]
1507 3561 1653 3639 Genera,

346 3648 465 3734 inquit,
488 3648 558 3730 ipsa
580 3671 685 3712 rerum
708 3651 739 3713 in
762 3650 929 3732 partitione
942 3649 1087 3729 ponenda
1101 3658 1190 3722 sum3
1213 3649 1286 3724 sed,
1310 3650 1337 3710 si
1351 3649 1401 3712 cui
1424 3654 1533 3734 generi
1548 3665 1655 3734 partes

346 3762 420 3805 atras
440 3741 537 3804 luerit
557 3762 686 3806 necesse
706 3744 857 3824 supponi.
901 3743 1093 3822 Postquam,
1130 3738 1250 3823 inqiut,
1288 3743 1488 3822 partitionem
1510 3747 1655 3828 coeperi-

347 3858 416 3900 mus
437 3835 570 3922 exsequi
590 3847 622 3898 et
643 3836 736 3900 adid
758 3859 858 3922 genus
881 3832 1076 3908 venerimus,
1106 3844 1181 3896 tuuc
1202 3852 1261 3898 nus
1282 3848 1388 3916 partes
1417 3837 1483 3900 eius
1505 3840 1656 3902 convenit

346 3929 520 4014 explicare.
569 3929 608 3993 ln
635 3929 808 4012 partitione
834 3941 937 3992 tamen
965 3938 1071 4007 partes
1103 3925 1213 4010 generi
1242 3927 1373 4008 iungere
1401 3949 1464 3991 non
1493 3932 1697 3997 debemusne

348 4023 386 4088 In
405 4021 591 4087 tractatibus
612 4023 830 4104 quaestionum
853 4025 1002 4084 debemus
1024 4021 1062 4082 de
1083 4018 1211 4102 generis
1232 4023 1376 4101 partibus
1398 4023 1569 4104 disputare.

428 4121 541 4200 Atque
564 4117 649 4179 illud
671 4138 804 4201 quoque
826 4115 973 4198 pertinet
994 4113 1041 4175 ad
1056 4114 1282 4194 partcitutern]
1340 4115 1496 4196 Quoniam
1519 4119 1556 4179 de
1578 4135 1656 4198 pau·

348 4209 439 4273 ritate
453 4219 606 4272 tractatus
620 4220 685 4272 est:
709 4213 820 4293 Atque
836 4207 922 4270 illud
934 4227 1062 4292 quoqne
1075 4207 1225 4289 pertinet
1238 4208 1284 4269 ad
1295 4209 1516 4292 parvitatem,
1540 4209 1653 4292 iuquit,

346 4325 388 4366 ne
407 4305 512 4386 plura
532 4323 637 4386 quum
664 4301 750 4366 sctis
775 4313 845 4376 est,
884 4321 947 4364 nus
966 4301 1262 4364 demonstraturos
1284 4322 1357 4365 esse
1379 4301 1555 4376 dicamus,
1592 4305 1656 4367 boc

350 4397 469 4460 modo:
491 4397 679 4469 „Ostendam
701 4393 920 4469 adversarios,
944 4396 1029 4476 quod
1051 4392 1229 4476 arguimus,
1255 4405 1285 4455 ct
1308 4395 1444 4458 voluisse
1466 4406 1497 4460 et
1513 4395 1700 4478 potuissett

350 4503 380 4553 et
399 4476 559 4566 ieciaie”;
581 4511 676 4574 quum
698 4489 728 4550 in
751 4488 849 4551 tertio
865 4497 975 4549 cuncta
996 4486 1074 4548 sint:
1103 4486 1235 4562 deiude,
1261 4486 1380 4570 inquit,
1404 4510 1499 4572 quum
1521 4489 1656 4574 simplex

350 4584 494 4669 quiddam
516 4584 546 4646 in
567 4582 792 4647 controversia
818 4581 875 4656 sit,
910 4601 968 4644 nos
988 4590 1092 4642 tamen
1115 4577 1337 4644 distributione
1359 4591 1495 4646 utamur.

429 4679 483 4742 Ac
496 4689 574 4740 arant
589 4675 662 4739 clia
674 4697 806 4760 quoque
821 4685 1006 4757 praecepta
1021 4673 1269 4756 partitionum,
1294 4695 1380 4757 qum
1397 4675 1444 4738 ad
1458 4677 1546 4740 laune
1557 4699 1658 4742 nsum

350 4770 541 4834 oratorium
570 4790 639 4856 non
669 4781 768 4832 tanto
798 4789 901 4850 opere
924 4767 1113 4850 pertinent]
1158 4767 1305 4832 Ostendit
1330 4769 1533 4850 partitionum
1563 4775 1657 4838 multa

421 4941 468 4995 12.
485 4940 640 4988 armatam
664 4935 908 5007 aduersariorum]
927 4951 965 4988 =
983 4934 1213 4988 adversaturum
1240 4942 1396 4989 avaritiam
1414 4937 1464 4992 Cd.
1484 4939 1547 4994 Bas.
1567 4945 1658 5014 primo

352 5009 541 5144 1⁰⁰0·ng
558 5083 652 5154 modo]
672 5083 790 5138 verbnm
808 5089 912 5156 inquit,
940 5082 1013 5156 quod
1038 5084 1093 5137 hue
1112 5101 1127 5136 e
1145 5089 1280 5158 superiori
1307 5086 1381 5140 llnsa
1404 5105 1543 5160 perperam
1565 5094 1659 5144 loten.

354 5177 409 5215 ιω
426 5177 508 5233 erat,
525 5159 728 5216 detrudendum
746 5164 910 5214 censimus.
929 5159 1014 5214 carr.
1053 5155 1115 5233 (cd.
1134 5159 1198 5214 Bas.
1216 5175 1247 5216 nt
1265 5159 1335 5217 Edd.
1355 5177 1419 5216 anu
1438 5169 1521 5238 capp.
1541 5163 1607 5240 Oa.)
