4434 5959
568 572 631 636 ott
1097 571 1333 640 BOETHIUS

569 714 713 794 exempla
734 712 937 796 disponeret,
973 714 1038 780 loci
1060 714 1168 790 buius,
1200 713 1256 798 qui
1276 735 1294 778 a
1316 712 1585 798 consequentibus
1607 715 1749 796 ducitur,
1773 719 1881 784 incon-

569 808 698 872 veniens
718 810 858 872 secumdo
881 807 1140 872 conditionalium
1156 807 1416 896 syllogismorum
1430 812 1526 874 modo
1542 810 1675 874 subiecit
1690 833 1750 874 exe
1806 814 1880 888 lttm,

568 903 739 987 potiusque
760 900 866 982 primo
888 901 1037 966 convenit
1059 903 1174 976 modo,
1209 901 1349 986 quinon
1372 922 1390 964 a
1413 904 1678 986 consequentibus
1702 835 1883 970 oolrclusin

569 1019 658 1069 nem,
682 996 739 1057 sed
760 996 800 1056 ab
814 995 1070 1058 antecedentibus
1088 993 1177 1058 lacit.
1221 996 1270 1058 Ita
1293 993 1412 1077 qnippe
1432 996 1541 1077 posuit
1559 1017 1578 1059 a
1597 999 1882 1083 consequentibus:

543 1090 608 1158 sSi
629 1089 771 1163 tundier,
794 1110 900 1173 quum
910 1085 1051 1179 fuisset
1071 1099 1180 1172 nupta
1201 1108 1278 1150 eum
1299 1107 1358 1162 eo,
1391 1106 1470 1150 eum
1490 1110 1558 1176 quo
1579 1090 1787 1156 connubium
1807 1113 1885 1156 eon-

567 1204 700 1248 cessum
719 1203 789 1245 non
810 1194 922 1257 esset,
945 1181 1104 1246 nuntium
1126 1180 1276 1244 remisit:
1297 1181 1479 1265 quoniam,
1514 1183 1574 1266 qui
1594 1182 1668 1246 noti
1688 1196 1789 1259 sunt,
1821 1206 1884 1268 pc-

567 1289 656 1340 trem
676 1297 745 1340 non
773 1287 981 1360 sequuntur,
1016 1298 1084 1358 pro
1104 1275 1220 1338 liberis
1242 1295 1380 1338 manere
1399 1275 1487 1338 nihil
1507 1287 1656 1360 oportet.
1700 1277 1767 1340 Hic
1787 1277 1884 1362 igitur

568 1393 662 1454 quum
691 1381 884 1452 quaeratur,
922 1391 962 1432 an
992 1371 1076 1434 dotis
1105 1391 1179 1451 pars
1210 1370 1293 1450 apud
1322 1368 1426 1434 virum
1459 1371 1571 1434 debeat
1590 1391 1798 1454 permanere,
1834 1372 1882 1445 id,

568 1466 655 1548 quod
686 1463 868 1545 praecedit,
906 1463 1095 1540 assumitur,
1134 1473 1169 1524 ut
1198 1461 1254 1524 liat
1280 1471 1348 1523 rata
1380 1462 1545 1526 conclusio
1576 1463 1639 1527 hoc
1663 1466 1781 1527 modo:
1820 1467 1885 1528 Sed

479 1639 482 1648 Ι
526 1557 692 1623 tomulier
712 1578 791 1620 cum
810 1578 852 1620 eo
872 1569 983 1640 nupta
1001 1568 1072 1632 est,
1102 1555 1240 1641 quicum
1260 1556 1466 1620 connubium
1487 1555 1664 1647 nonfuit.
1711 1555 1884 1622 Concludi-

568 1665 638 1714 tur:
660 1650 834 1734 Quoniam
857 1649 986 1734 igitur,
1024 1649 1083 1734 qui
1103 1649 1177 1712 nati
1197 1660 1297 1723 sunt,
1329 1660 1466 1732 patrem
1486 1671 1556 1715 non
1577 1663 1788 1736 sequuntur,
1820 1673 1884 1734 pro

484 1772 488 1780 ·
567 1744 683 1808 liberis
705 1765 842 1808 monere
863 1745 951 1807 nihil
970 1755 1117 1827 oportet.
1161 1743 1205 1806 Et
1225 1741 1270 1804 ita
1296 1762 1361 1807 non
1386 1755 1437 1806 est
1458 1765 1476 1806 a
1494 1744 1762 1828 consequentibns
1790 1765 1885 1829 argu·

567 1850 724 1914 mentum,
761 1837 836 1921 quia
858 1857 921 1902 non
940 1836 991 1915 id,
1026 1838 1116 1921 quod
1137 1838 1412 1921 consequebatur,
1442 1850 1635 1921 assumptum
1655 1849 1724 1912 est,
1749 1839 1807 1900 sed
1832 1838 1882 1914 id,

568 1934 655 2015 quod
671 1932 896 2014 praecedebat.
940 1932 1021 1994 Erat
1039 1930 1158 2015 quippe
1181 1933 1384 2008 antecedens,
1408 1943 1505 2015 nupta
1530 1931 1641 1996 mulier
1663 1943 1795 2014 praeter
1811 1953 1886 1996 con·

525 2025 655 2090 ttnubii
682 2025 749 2098 ius;
786 2025 997 2108 sequebatur,
1034 2045 1130 2107 quum
1152 2023 1209 2094 lilii
1232 2034 1356 2104 patrem
1382 2044 1445 2088 nou
1478 2026 1714 2110 sequebantur,
1750 2047 1816 2108 pro
1843 2026 1884 2090 cis

545 2118 645 2182 'nihil
666 2139 708 2181 ex
729 2119 805 2180 dote
826 2115 970 2180 retineri.
1025 2115 1080 2180 Sic
1100 2115 1202 2200 igitur
1221 2115 1346 2179 Tullius
1367 2137 1429 2198 pro
1452 2137 1511 2193 eo,
1550 2120 1639 2204 quod
1659 2129 1709 2182 est
1733 2138 1753 2179 a
1773 2139 1886 2183 conse·

567 2212 736 2294 quentibus
766 2220 1007 2292 argumentum,
1047 2211 1086 2273 ab
1120 2210 1377 2273 antecedentibus
1418 2211 1526 2292 potius
1564 2213 1650 2275 dedit
1691 2211 1883 2294 exemplum.

567 2307 681 2370 Potest
702 2324 783 2368 vero
797 2303 867 2366 lieri
888 2324 905 2366 a
924 2301 1190 2390 consequentibus
1205 2315 1424 2388 argumentum
1440 2304 1502 2381 ita,
1526 2305 1553 2369 si
1574 2306 1624 2384 id,
1648 2307 1687 2368 de
1703 2326 1769 2388 qno
1789 2327 1886 2390 quae·

565 2396 666 2472 ritur,
704 2395 792 2478 prins
819 2407 972 2477 ponatur,
1008 2409 1040 2460 et
1068 2395 1118 2473 id,
1137 2398 1238 2479 'quod
1264 2401 1481 2466 assumendum
1502 2411 1568 2475 est,
1603 2399 1786 2482 posterius,
1827 2401 1887 2464 hoc

524 2492 685 2566 pomodoa
714 2490 754 2556 Si
772 2490 856 2575 quid
883 2511 930 2554 eae
951 2491 1031 2555 dote
1049 2512 1118 2574 pro
1139 2489 1255 2554 liberis
1278 2512 1416 2555 manere
1438 2493 1625 2576 oportebit,
1649 2491 1732 2577 quia
1747 2503 1887 2574 patrem

566 2583 667 2648 liberi
692 2594 900 2668 repetuntur:
934 2605 1014 2648 eum
1039 2605 1082 2647 eo
1107 2594 1217 2666 nupta
1236 2595 1288 2646 est
1308 2584 1453 2662 mulier,
1492 2586 1629 2672 quicum
1652 2585 1818 2650 connubii
1836 2586 1887 2649 ius

566 2689 656 2742 erat.
700 2678 797 2743 Sumo
824 2676 923 2761 igitur
953 2676 1006 2753 id,
1045 2679 1134 2761 quod
1156 2677 1378 2760 consequitur,
1413 2700 1472 2761 per
1494 2679 1695 2764 negationem
1716 2679 1783 2744 ita:
1824 2681 1888 2746 Sed

566 2791 637 2834 non
664 2781 717 2833 est
749 2783 858 2853 nupta
885 2771 1009 2834 mulier
1037 2792 1116 2834 eum
1140 2791 1199 2845 eo,
1237 2769 1375 2855 quicum
1395 2767 1554 2836 connubii
1578 2775 1633 2838 ius
1654 2785 1750 2846 erote
1786 2788 1887 2861 atquc

566 2865 662 2940 ideo,
685 2865 747 2949 qui
766 2865 955 2945 antissent,
976 2877 1115 2949 patrem
1135 2882 1205 2926 non
1220 2875 1422 2946 sequuntur.
1466 2865 1641 2940 Perimitur
1659 2887 1741 2950 crgo
1761 2865 1795 2931 in
1812 2891 1887 2934 con·

522 2973 557 3024 as
567 2959 708 3025 elusione
726 2959 776 3037 id,
801 2963 889 3045 quod
900 2961 940 3049 iu
956 2958 1183 3044 propositione
1203 2969 1442 3040 praecesserat,
1465 2958 1531 3024 itas
1555 2963 1624 3026 Pro
1644 2961 1763 3026 liberis
1777 2963 1888 3047 igitur

566 3074 706 3118 monere
726 3054 815 3118 nittt
841 3066 989 3138 oportet.
1045 3054 1108 3117 Sed
1141 3055 1179 3115 de
1212 3054 1352 3116 secundo
1380 3054 1478 3116 modo
1509 3051 1570 3116 ista
1598 3053 1781 3135 sufficiant,
1811 3056 1887 3120 nihil

567 3168 719 3235 namque,
743 3161 779 3212 ut
796 3149 957 3226 arbitror,
987 3146 1242 3231 praetermissum
1266 3156 1327 3209 est.
1372 3145 1503 3210 Tertius
1525 3149 1636 3211 modias
1662 3169 1680 3211 a
1702 3169 1886 3236 repugnan-

566 3241 650 3305 tibus
675 3242 773 3326 longe
798 3243 987 3325 perspicuus
1010 3244 1072 3305 boc
1093 3241 1212 3304 modo:
1242 3240 1337 3313 Non,
1361 3238 1563 3322 allegatum
1580 3262 1680 3305 omne
1701 3257 1887 3328 argentum

566 3348 636 3410 est,
669 3354 737 3398 non
758 3346 808 3398 est
828 3337 945 3419 legato
964 3335 1101 3398 mulieri
1117 3331 1265 3416 pecunia
1283 3344 1480 3396 numerata.
1526 3336 1590 3398 Hic
1616 3355 1753 3420 namque
1775 3359 1887 3402 conse·

523 3438 667 3513 sequens
689 3439 775 3502 erat,
798 3428 825 3491 si
847 3439 1014 3512 argentum
1033 3440 1117 3492 esset
1139 3447 1232 3490 osone
1258 3426 1420 3509 legatum,
1444 3427 1609 3509 pecuniam
1630 3449 1761 3514 quoque
1778 3453 1887 3494 nume·

565 3533 666 3585 ratam
686 3520 784 3584 inisse
807 3519 957 3603 legatam.
1000 3523 1046 3586 Ut
1066 3521 1164 3607 igitur
1191 3519 1284 3584 fieret
1307 3540 1509 3606 repugnans,
1545 3522 1619 3586 huic
1641 3524 1887 3608 consequentiae

565 3612 754 3694 interposita
775 3613 903 3697 negatio
931 3626 980 3677 est
1009 3614 1208 3698 dictumque,
1245 3610 1272 3675 si
1294 3625 1459 3698 argentum
1490 3636 1582 3680 omne
1612 3616 1753 3701 legatum
1783 3629 1885 3695 esset,

565 3718 760 3772 numeratam
782 3707 945 3787 pecuniam
963 3729 1027 3772 non
1049 3729 1118 3772 esse
1141 3707 1290 3790 legatam.
1350 3707 1450 3787 Qstod
1471 3708 1552 3791 quia.
1565 3721 1689 3794 pugnat
1717 3721 1750 3774 ct
1772 3711 1887 3777 falsum

566 3813 633 3878 est,
657 3802 698 3863 ad
718 3799 881 3864 veritatem
901 3799 961 3864 alia
985 3801 1156 3887 negatione
1177 3796 1338 3862 reducititr
1359 3801 1430 3864 sic:
1464 3805 1566 3878 Non,
1600 3803 1631 3868 si
1656 3807 1815 3888 legatum
1831 3829 1887 3869 nr·

523 3907 556 3958 ³⁵
566 3907 708 3980 gentum
725 3905 793 3969 est,
817 3913 886 3958 non
904 3906 956 3958 est
974 3897 1090 3978 legato
1109 3904 1291 3957 nrnmerata
1308 3895 1476 3976 pecuniae
1497 3908 1531 3959 ut
1552 3896 1670 3960 seilicet
1693 3898 1723 3962 ei
1745 3899 1886 3964 affirma·

563 3989 645 4054 tioni
667 3986 853 4064 conveniat,
885 4008 967 4071 quae
990 3988 1085 4064 dicit,
1120 3987 1149 4050 si
1176 3987 1315 4069 legatum
1347 4000 1514 4072 argentum
1544 4003 1611 4067 est,
1645 3991 1786 4075 legatam
1818 4015 1885 4058 esse

564 4081 730 4167 pecuniam
752 4092 958 4145 numeratam.
1011 4081 1210 4146 Assnnimus
1232 4080 1333 4166 igitur
1354 4083 1428 4146 huic
1446 4084 1683 4166 propositioni,
1716 4101 1883 4174 argentum

565 4199 657 4242 omne
679 4197 748 4240 csse
772 4177 928 4260 legatum,
963 4187 996 4240 et
1017 4175 1242 4260 consequitur,
1267 4195 1391 4240 omnem
1411 4192 1605 4242 numeratam
1626 4181 1790 4262 pecuniam
1815 4205 1881 4246 mu·

564 4271 637 4348 lieri
658 4291 727 4334 esse
749 4270 903 4354 legatam,
928 4283 963 4332 nt
984 4269 1025 4333 sit
1045 4270 1148 4335 locuta
1171 4269 1452 4352 argumentationis
1475 4273 1675 4338 huiusmodi:
1714 4277 1819 4352 Non,
1853 4276 1883 4340 si

522 4383 555 4434 to
564 4371 716 4450 legatum
737 4376 919 4449 argentum
948 4376 1019 4438 est,
1056 4383 1125 4428 non
1156 4374 1207 4426 est
1232 4366 1350 4446 legata
1378 4378 1560 4430 numerata
1587 4368 1754 4451 pecunio,·
1786 4369 1884 4456 atqui

564 4463 716 4543 legatum
741 4469 926 4540 argentum
949 4469 1021 4520 est:
1047 4459 1165 4542 legata
1185 4468 1236 4520 est
1263 4457 1373 4541 igitur
1400 4472 1583 4524 numerato
1607 4463 1770 4545 pecunia.
1829 4465 1880 4528 M.

564 4575 644 4618 vero
667 4551 794 4619 Tullius
816 4551 1067 4634 propositionem
1090 4553 1133 4615 ita
1155 4552 1327 4618 formavit:
1366 4558 1450 4621 Non
1472 4567 1505 4620 et
1522 4559 1675 4640 legatum
1695 4569 1881 4640 argentum

564 4658 638 4720 est,
661 4656 695 4708 et
715 4665 785 4708 non
805 4658 855 4709 est
875 4647 991 4730 legata
1007 4658 1190 4710 numerato
1209 4647 1370 4728 pecunia.
1415 4650 1480 4714 Sed
1500 4671 1560 4712 nos
1583 4649 1703 4714 idcireo
1722 4651 1879 4717 causalem

565 4737 817 4804 coniunctionem
838 4738 1041 4822 apposuimus
1061 4760 1146 4816 eam,
1180 4751 1325 4823 quaeest
1346 4741 1396 4819 si,
1425 4753 1477 4816 ut,
1512 4763 1554 4805 cx
1574 4764 1638 4828 quo
1660 4755 1744 4806 esset
1763 4766 1880 4829 genem

523 4842 555 4892 tt
566 4833 637 4896 talis
656 4831 859 4914 propositio,
884 4845 1142 4897 monstraremus.
1187 4837 1332 4918 Namque
1353 4857 1395 4898 ex
1416 4856 1562 4900 connexo
1590 4837 1760 4921 negatione
1776 4841 1880 4904 addita

564 4927 601 4990 lit
628 4945 823 5010 repugnans.
885 4925 1072 4991 Connexum
1098 4947 1180 4992 vero
1211 4928 1297 4992 nulla
1325 4949 1424 5013 aeque
1456 4941 1491 4992 ut
1512 4931 1544 4994 si
1566 4931 1749 4997 coniunctio
1772 4944 1879 5016 posset

639 5139 685 5192 22.
705 5139 779 5206 erat]
801 5137 886 5192 Parta.
905 5163 943 5182 -
960 5144 1034 5190 esset
1051 5141 1146 5193 cetsrt.
