4434 5959
950 625 1042 692 Ltss.
1063 624 1106 688 1..
1618 624 1680 692 289

363 764 508 843 dicabat,
540 764 648 831 dicens
669 769 821 851 quaedam
840 769 939 831 verba
962 763 1146 839 sollemnia,
1170 774 1265 849 atqcue
1287 763 1359 829 ideo
1387 764 1441 829 iiia
1463 762 1587 849 rirguia
1610 762 1681 827 rin-

360 863 445 927 dicta
474 863 662 926 vocabatur.
717 861 777 924 Ilia
803 859 895 924 etiam
921 880 996 943 pars
1019 858 1156 921 faciendi
1182 856 1275 921 liberi
1301 870 1366 935 est,
1390 860 1417 922 si
1442 860 1514 943 quis
1534 878 1682 941 suprema

361 954 528 1018 voluntate
559 954 591 1018 iu
623 954 801 1017 testamenti
827 954 909 1018 serie
940 974 1066 1017 servum
1094 974 1183 1015 suum
1211 952 1344 1017 liberum
1368 953 1544 1036 scripserit.
1590 954 1681 1032 Quae

361 1049 512 1133 quioniam
543 1058 650 1129 partes
677 1060 748 1111 strat
772 1048 864 1111 liberi
896 1047 1052 1121 faciendi,
1086 1046 1113 1110 si
1143 1047 1213 1130 qiris
1246 1047 1401 1131 aliquem,
1440 1068 1532 1133 qucm
1552 1066 1681 1109 servum

315 1172 329 1179 ·
360 1144 460 1207 {trisse
486 1142 684 1219 constiterit,
721 1154 898 1206 monstrare
927 1140 1004 1207 velit
1042 1162 1105 1204 nou
1134 1162 1203 1203 csse
1235 1141 1367 1204 liberum
1395 1142 1533 1215 factum,
1571 1142 1706 1204 diceta³

362 1238 403 1304 Si
433 1258 540 1320 neque
570 1256 675 1299 censu
707 1257 813 1320 aeque
840 1235 990 1299 uindicta
1009 1256 1117 1319 neque
1137 1247 1342 1299 testamento
1362 1235 1446 1299 liber
1455 1232 1588 1325 sactus
1608 1246 1679 1308 est,

361 1352 431 1393 uon
453 1342 504 1393 est
526 1329 625 1393 iiber.
647 1334 715 1394 *Aa
743 1333 839 1393 naalia
861 1350 983 1393 eorum
1007 1340 1110 1411 parte
1134 1329 1222 1391 liber
1235 1327 1367 1419 factus
1398 1340 1461 1395 est.
1517 1332 1600 1393 Non
1630 1338 1683 1392 eat
1737 1337 1739 1346 '

361 1426 475 1511 igitur
496 1425 593 1487 liber.
639 1424 673 1487 Si
699 1424 778 1487 enim
805 1446 912 1489 omnes
932 1434 1040 1505 partes
1065 1444 1081 1485 a
1105 1424 1245 1507 qualibet
1265 1423 1319 1486 ilia
1340 1435 1381 1486 r'e
1405 1422 1606 1498 abiunxeris,
1630 1432 1684 1485 toa

360 1530 428 1581 tum
455 1516 635 1582 necessario
665 1518 834 1601 separasti.
889 1519 970 1580 Nam
995 1539 1089 1601 quum
1113 1527 1214 1580 totum
1237 1516 1271 1581 in
1293 1517 1356 1579 suis
1373 1516 1519 1599 partibus
1538 1524 1680 1591 constet,

361 1612 391 1675 si
414 1611 491 1695 maid
522 1611 605 1674 utilia
637 1611 805 1675 cuiuslibet
833 1623 923 1692 parte
951 1610 1176 1694 coniungitur,
1210 1632 1228 1674 a
1261 1622 1332 1675 toto
1356 1612 1447 1674 etiam
1478 1620 1726 1696 segregatumtt

362 1706 480 1769 Partes
503 1716 605 1768 autem
628 1707 751 1769 duobus
771 1705 901 1767 dicimus
930 1703 1049 1777 ruodis,
1074 1703 1126 1767 vei
1147 1704 1286 1785 species,
1312 1706 1363 1768 vel
1391 1706 1545 1767 membra.
1601 1706 1685 1786 Spe·

363 1798 428 1861 cies
450 1807 519 1873 est,
557 1818 637 1882 quiae
660 1820 775 1861 nomeu
798 1786 1075 1881 totius'iutegrum
1103 1799 1206 1879 capit,
1237 1799 1326 1862 velint
1345 1801 1444 1863 homo
1467 1809 1562 1881 atque
1583 1816 1684 1881 equus

364 1891 540 1964 animabar
558 1902 691 1974 utraque
720 1894 801 1955 enim
829 1913 887 1974 per
914 1912 948 1954 se
977 1892 1104 1975 integro
1127 1892 1253 1956 nomine
1278 1892 1418 1957 animalia
1448 1902 1684 1972 nuncupantur.

364 1986 425 2048 Est
448 1985 530 2047 euim
562 1986 658 2049 bomo
682 1986 795 2049 animal
830 1996 861 2049 et
886 2005 997 2047 rursus
1022 2006 1123 2068 aquius
1145 1986 1274 2051 animai.
1325 1989 1404 2051 Item
1430 1987 1570 2047 membra
1596 1993 1682 2059 scrut,

364 2099 462 2165 quae,
498 2100 594 2162 quum
612 2090 715 2143 totum
734 2079 890 2155 efficiant,
928 2079 1096 2141 coniuncta
1117 2080 1215 2142 totius
1240 2083 1368 2163 capiunt
1387 2099 1520 2152 nornen,
1558 2076 1727 2160 siuguia¹⁵

365 2192 447 2236 vero
481 2173 570 2235 uuilo
604 2176 714 2236 modu:
756 2182 813 2248 ut,
841 2193 938 2255 quum
965 2173 1219 2247 iarudaarcnturn,
1244 2176 1380 2254 parietes
1410 2183 1443 2235 et
1467 2181 1550 2235 tecta
1573 2171 1686 2233 doinus

363 2266 507 2327 membra
528 2264 608 2341 siut,
633 2265 724 2328 siruul
746 2264 851 2329 omnia
873 2268 984 2328 domus
1007 2262 1170 2339 dicuntur,
1197 2265 1398 2331 fundamenta
1421 2286 1501 2328 vero
1528 2264 1596 2328 sola
1626 2264 1686 2327 do·

362 2376 433 2419 mus
457 2354 616 2423 vocabulo
645 2356 768 2421 minime
789 2370 1009 2441 nuncupantur
1027 2378 1130 2440 nequae
1152 2359 1290 2438 parietes
1316 2378 1418 2445 ucqrre
1440 2368 1538 2421 tecta.
1582 2357 1619 2420 lu
1648 2356 1686 2420 iis

364 2448 483 2533 igitur,
522 2470 604 2530 qrrae
629 2451 753 2533 species
776 2462 869 2525 siunt,
908 2450 1054 2535 quioniam
1082 2472 1196 2515 nomen
1219 2454 1318 2516 totius
1346 2454 1505 2537 integrum
1533 2450 1684 2533 capiunt,

364 2540 426 2604 nisi
455 2542 635 2625 siugulatim
659 2565 768 2607 omnes
795 2556 901 2626 partes
935 2546 974 2607 ab
1007 2564 1070 2619 eo,
1105 2548 1145 2607 de
1173 2566 1238 2629 quo
1265 2546 1447 2621 dubitatur,
1482 2543 1729 2620 abiunxcris,²⁰

364 2656 429 2699 uon
455 2634 558 2717 possis
580 2647 681 2700 totum
708 2640 818 2701 abesse
843 2652 1033 2701 monstrare.
1075 2637 1205 2702 Dictum
1227 2653 1274 2703 est
1306 2640 1388 2704 euim
1416 2660 1506 2701 arnam
1529 2658 1687 2721 qrramquc

364 2740 488 2809 partem
505 2728 602 2791 totius
626 2732 815 2794 vocabulum
831 2731 990 2815 integrum
1015 2752 1151 2812 capere;
1196 2745 1249 2808 ut,
1273 2734 1422 2818 quioniam
1439 2732 1577 2794 faciendi
1593 2729 1688 2793 liberi

363 2834 431 2884 tres
454 2833 526 2884 scrut
543 2822 694 2904 species,
711 2845 819 2900 censu,
846 2825 999 2899 vindicta,
1025 2836 1231 2901 testamento,
1255 2827 1282 2889 si
1301 2827 1459 2912 quaslibet
1479 2828 1556 2887 duas
1580 2845 1687 2887 resno·
1720 2830 1728 2851 ‘

364 2915 472 2991 reris,
508 2936 567 2978 ιιιιι
593 2927 698 2979 tamen
730 2919 959 3001 permanserit,
994 2917 1127 2980 liberum
1154 2922 1333 2984 necessario
1357 2920 1565 2984 confitebere.
1598 2918 1686 3004 ¹Sive

362 3008 446 3071 euim
479 3030 574 3072 censu
604 3022 741 3087 tantum,
775 3012 842 3075 sire
872 3012 1027 3086 vindicta,
1063 3010 1133 3074 sive
1161 3023 1349 3079 testamento
1381 3014 1421 3077 sit
1452 3007 1740 3084 liber.sactus,²⁵'

362 3102 500 3164 liberum
522 3122 592 3164 esse
615 3115 752 3165 constat.
803 3105 896 3187 Ergo
919 3104 949 3166 in
969 3102 1017 3165 bis
1037 3102 1095 3165 uisi
1117 3125 1226 3167 omues
1252 3107 1375 3187 species
1397 3104 1597 3176 remoreris,
1621 3125 1686 3168 uon

363 3208 459 3278 potes
480 3198 661 3272 destrucre,
693 3200 781 3281 qrrod
802 3198 835 3261 iu
862 3195 1047 3280 quaestione
1069 3196 1272 3277 propositum
1299 3211 1359 3261 est.
1402 3201 1450 3262 At
1475 3198 1502 3261 si
1528 3198 1688 3261 affirmare

365 3287 445 3350 reiis
468 3300 561 3372 atque
583 3302 745 3366 astruere,
775 3292 894 3355 sufficit
921 3302 1041 3353 tantum
1075 3311 1165 3353 tinam
1196 3294 1369 3376 quiamIibet
1397 3290 1535 3375 speeiem
1556 3293 1688 3353 demon·

363 3392 491 3444 strare:
516 3394 571 3457 ut,
595 3384 622 3447 si
648 3383 724 3446 veiis
746 3388 914 3447 ostendere
936 3385 1089 3458 liberum,
1120 3396 1169 3445 sat
1192 3398 1259 3461 est,
1299 3398 1334 3448 ut
1353 3398 1509 3451 monstres
1539 3396 1593 3447 aut
1614 3384 1686 3444 vin·

365 3472 450 3537 dicta
477 3486 530 3537 aut
547 3496 643 3539 censu
666 3487 896 3541 testamentove
918 3477 1051 3540 liberum
1071 3476 1204 3541 factuam.
1248 3478 1392 3558 Quodsi
1416 3481 1579 3542 destruere
1592 3476 1740 3549 redimat·

365 3586 430 3629 nou
456 3566 575 3630 srdiicit
609 3573 776 3633 ostendere
810 3583 864 3634 aaut
890 3594 987 3635 censu
1017 3582 1071 3633 aut
1098 3570 1234 3634 vindicta
1265 3585 1318 3636 aut
1344 3584 1531 3635 testamento
1552 3572 1688 3633 liberum

364 3680 430 3723 nou
450 3680 518 3723 esse
544 3662 681 3739 iactum,
719 3666 773 3726 sed
799 3666 886 3729 nulio
911 3668 1007 3730 modo
1029 3686 1141 3729 corruo
1170 3668 1336 3729 modorum
1364 3668 1403 3728 ad
1432 3665 1609 3728 libertatem
1632 3683 1688 3725 ve·

363 3753 463 3816 uisse.
521 3754 633 3840 ltaque
656 3757 685 3819 in
708 3757 745 3820 iis
777 3759 942 3839 partibus,
978 3780 1059 3841 qtrae
1080 3760 1203 3840 species
1224 3772 1314 3837 saint,
1353 3760 1379 3823 si
1399 3762 1563 3823 destruere
1583 3756 1699 3831 velis,

363 3846 487 3909 crunctis
509 3851 658 3939 utendum
682 3862 747 3924 cst,
785 3850 812 3912 si
834 3864 995 3928 astruere,
1034 3873 1095 3915 rana
1118 3853 1267 3917 sufficiet.
1311 3856 1357 3918 At
1381 3874 1459 3916 vero
1482 3871 1537 3915 eae
1560 3860 1686 3932 partes,

362 3960 445 4025 quae
468 3953 541 4003 sicut
562 3945 721 4017 membra,
753 3946 919 4008 contrario
944 3948 1038 4009 modo
1058 3957 1155 4009 sunt:
1187 3946 1214 4009 si
1240 3949 1411 4010 destruere
1436 3946 1533 4021 veiis,
1558 3953 1608 4005 sat
1626 3941 1732 4005 eritas

363 4052 457 4093 ranam
486 4032 652 4118 seiungas,
688 4036 713 4097 si
744 4048 909 4113 astruere,
944 4050 1056 4101 crincta
1086 4041 1196 4102 adesse
1226 4038 1409 4102 necessario
1447 4034 1687 4119 comprobabis.

363 4126 447 4187 Nam
470 4125 495 4187 si
523 4127 602 4189 veiis
624 4132 791 4192 ostendere
819 4152 882 4195 non
909 4153 979 4194 esse
1007 4134 1152 4208 domum,
1187 4132 1330 4206 sufficit,
1352 4144 1386 4194 ut
1407 4141 1462 4193 aut
1488 4130 1689 4193 itrndamenta

365 4238 435 4281 uon
462 4238 531 4281 esse
555 4221 640 4283 dicas
663 4232 718 4283 aut
742 4225 878 4304 parietes
901 4236 953 4288 aut
975 4236 1081 4288 tecta:
1121 4246 1191 4288 nam
1215 4225 1368 4309 qrridquid
1389 4226 1505 4287 bortum
1531 4218 1688 4295 desuerit,

365 4312 479 4375 domins
502 4332 567 4377 uon
589 4325 696 4395 potest
722 4316 888 4397 appellari.
930 4322 975 4383 Ar
996 4320 1023 4381 si
1047 4320 1126 4381 velis
1152 4321 1322 4383 ostendere
1347 4321 1474 4382 domum
1503 4336 1593 4390 ease,
1631 4311 1691 4375 uisi

366 4418 480 4469 maneta
498 4406 530 4469 in
555 4429 649 4471 unum
670 4412 897 4487 coniunxeris,
922 4411 970 4487 id,
996 4416 1084 4495 quod
1103 4410 1284 4493 proponis,
1308 4432 1371 4475 non
1394 4406 1516 4472 valebis
1532 4420 1689 4470 astruere.
1701 4410 1733 4463 ⁴⁰

366 4500 489 4565 Omnes
512 4518 590 4565 vero
612 4503 644 4564 bi
667 4502 768 4567 lucia
796 4506 933 4585 partium
956 4506 1192 4569 corraseratioue
1214 4508 1391 4577 ducuntur,
1416 4502 1487 4586 quia
1510 4500 1541 4563 in
1563 4500 1601 4564 iis
1616 4522 1692 4582 par·

365 4592 472 4667 tibus,
511 4614 592 4676 qrrae
620 4596 742 4675 specics
772 4610 867 4674 sunt,
904 4610 1036 4661 cunctae
1063 4610 1170 4679 partes
1194 4607 1443 4671 cotimerantur,
1468 4608 1503 4659 ut
1528 4598 1689 4669 destruas3

363 4684 397 4746 in
413 4684 453 4747 iis
467 4706 566 4763 vero,
591 4710 673 4773 qrrae
693 4694 831 4754 arrembra
848 4704 939 4765 saint,
965 4696 1094 4755 crrnctae
1114 4705 1221 4775 partes
1240 4702 1485 4764 eurimerautur,
1508 4701 1544 4752 ut
1557 4700 1692 4751 astruas.

367 4776 522 4858 Quaestio
554 4792 600 4844 est
626 4781 728 4867 igitur
746 4785 776 4847 in
806 4785 979 4867 proposito
1004 4786 1172 4851 Ciceronis
1194 4785 1342 4868 exemplo
1367 4782 1545 4868 argumenti
1573 4802 1591 4845 a
1618 4792 1693 4863 par·

446 5016 470 5065 1.
489 5026 603 5061 servum
629 5010 759 5063 libertati
782 5013 860 5067 vind.
890 5014 966 5067 Eius.
996 5029 1010 5063 a
1041 5030 1096 5067 tce.
1123 5031 1161 5067 ru.
1206 5021 1251 5074 23.
1272 5032 1373 5080 censis,
1391 5012 1491 5077 vind,
1511 5010 1694 5077 testamento]

369 5082 449 5139 Eius.
471 5109 504 5125 -
522 5101 624 5151 semar,
646 5086 743 5149 vind,
763 5096 970 5141 testamentove
993 5090 1078 5143 Paris.
1098 5118 1135 5131 -
1154 5108 1271 5158 cerastes,
1292 5090 1386 5159 vind„
1405 5095 1608 5142 testamentum
1628 5089 1694 5138 Veu.

369 5158 450 5213 Basa.
492 5165 535 5217 26.
557 5165 723 5229 reseraveris]
745 5162 822 5217 Eius.
841 5192 879 5207 ·-
899 5170 1050 5218 semoveris
1070 5164 1139 5219 eud.

455 5276 583 5323 teratino·
598 5284 620 5323 in
635 5280 679 5324 Cis.
702 5281 748 5325 vu.
765 5282 790 5323 V.
805 5286 826 5325 i.
1365 5256 1403 5319 19
