4434 5959
943 639 1036 703 LlB.
1059 640 1089 703 l.
1643 643 1660 702 'i

354 800 420 842 ιιιιιι
442 777 595 842 audiemis
616 778 767 842 offendat.
810 778 923 863 itaque
943 781 1023 842 haec
1036 778 1176 845 delinitio
1192 790 1239 844 est
1252 767 1469 866 eloquentiae,
1491 781 1661 864 Eloquen-

353 874 402 934 tia
421 885 473 936 est
494 871 700 934 exercitatio
721 872 866 936 dicendi.

433 970 471 1032 la
497 965 630 1028 inretilie
651 963 735 1040 sibi,
754 966 970 1048 perniciosam
986 967 1126 1050 patriae
1146 963 1228 1030 ciuis
1254 967 1372 1047 alitur]
1430 965 1539 1031 Omnis
1563 966 1660 1030 homo

352 1069 405 1120 aut
425 1059 485 1121 sibi
514 1069 569 1120 aut
597 1056 718 1138 patriae
740 1060 875 1122 consulit
902 1071 955 1123 aut
975 1061 1045 1143 plns
1067 1059 1127 1123 sibi
1152 1081 1242 1144 quam
1265 1059 1401 1143 patriae.
1457 1059 1558 1122 Recte
1579 1081 1661 1144 ergo

350 1151 493 1214 homines
516 1153 556 1211 ad
580 1152 660 1213 haec
680 1151 744 1214 ιιιιο
766 1151 937 1228 miscenda,
975 1153 1157 1235 sapientiam
1186 1165 1217 1216 et
1238 1152 1462 1234 eloquentiam,
1492 1151 1596 1234 primo
1620 1154 1685 1214 abs

350 1245 537 1306 utilitatibus
555 1244 634 1320 suis,
659 1245 768 1308 deinde
790 1245 882 1308 etiam
905 1247 1039 1327 publicis
1061 1247 1247 1310 invitantur.
1291 1245 1381 1329 Qui,
1405 1241 1523 1326 inquit,
1536 1243 1661 1335 suerit

349 1338 385 1401 in
405 1341 482 1402 sola
508 1338 643 1401 dicendi
667 1339 912 1402 exercitatione
940 1351 1113 1416 increatus,
1146 1339 1282 1404 undenis
1304 1339 1429 1403 studiis
1456 1336 1601 1401 rationis
1626 1349 1659 1400 et

351 1432 480 1520 officii,
504 1443 539 1494 et
563 1431 628 1495 eibi
644 1431 776 1496 inutilia
798 1444 833 1496 et
852 1431 1068 1515 perniciosus
1089 1431 1225 1514 patriae
1246 1431 1329 1494 cinis
1351 1431 1469 1495 alitur.

430 1525 503 1609 Qui
521 1547 602 1588 nero
622 1524 673 1588 ita
693 1547 766 1588 aeae
787 1537 900 1587 armat
921 1523 1129 1609 eloquentia]
1152 1525 1256 1595 Bene.
1279 1535 1411 1587 armat:
1432 1523 1522 1608 quasi
1536 1521 1660 1604 sapien-

348 1618 389 1680 tia
405 1639 468 1701 pro
482 1619 605 1681 robore
622 1617 679 1691 sit,
702 1639 764 1700 pro
779 1618 873 1683 armis
886 1618 1079 1702 eloquentia.
1122 1619 1332 1684 Attendamus
1352 1629 1466 1691 tamen,
1487 1628 1539 1692 ut,
1564 1638 1658 1700 annn
1673 1635 1702 1684 to

348 1732 442 1793 snpra
463 1731 526 1794 pro
547 1711 725 1794 eloquentia
748 1724 800 1774 aut
820 1712 945 1792 copiam
967 1709 1091 1774 dicendi
1113 1723 1166 1774 aut
1183 1710 1440 1775 exercitationem
1463 1721 1518 1778 aut
1536 1707 1661 1773 diserti·

347 1804 485 1868 tudinem
507 1803 738 1867 nominaverit:
760 1805 917 1870 nuncubi
938 1815 970 1867 et
984 1807 1022 1868 de
1044 1803 1195 1887 sapientia
1212 1805 1370 1890 loquitur,
1394 1815 1428 1866 ut
1447 1823 1577 1868 securus
1592 1803 1660 1866 elo·

348 1898 507 1982 quendam
528 1896 684 1962 nominet.
727 1897 791 1960 Hic
812 1917 941 1980 quoqne
969 1899 1033 1963 cliro
1051 1899 1102 1962 illa
1125 1910 1249 1977 servat,
1284 1919 1364 1982 quae
1386 1917 1481 1980 supra
1504 1894 1657 1970 diximru,

346 1991 421 2074 qui,
445 1989 565 2074 inquit,
588 1989 776 2074 sapientiae
797 1990 972 2054 mieewt't
991 1991 1241 2075 eloquentiam,
1634 2017 1658 2048 ·,

427 2084 461 2148 ia
489 2095 524 2147 et
547 2083 621 2146 ιιιὶι
640 2095 676 2147 et
699 2083 846 2167 prrblicia
865 2083 1057 2149 rationibua
1079 2083 1282 2148 utilissimus
1306 2095 1407 2170 αιιμιι
1430 2082 1659 2148 amicissimus
1672 2105 1701 2153 rs

347 2176 428 2240 eicie
443 2175 543 2268 sore
571 2177 718 2258 uidetur]
761 2177 877 2244 Utilem
898 2177 982 2242 circe
1006 2178 1151 2261 privata,
1187 2178 1319 2244 nmmum
1345 2177 1429 2242 circa
1457 2175 1584 2260 publice
1606 2195 1659 2239 ao·

347 2290 513 2352 rapiamus.
583 2309 587 2314 ·
1469 2333 1471 2340 r

429 2367 482 2427 Ac
510 2364 545 2428 ei
572 2366 729 2429 colurnus
758 2367 838 2448 cet]
880 2365 992 2430 Primo
1015 2387 1083 2429 rem
1107 2367 1262 2450 quandam
1290 2362 1473 2440 constituit,
1513 2361 1566 2428 cui
1590 2363 1661 2428 elo·-

346 2458 491 2543 quentiae
512 2478 627 2522 nomeu
648 2457 813 2541 imposuit,
837 2471 869 2524 et
891 2456 1047 2534 ostendit,
1071 2461 1153 2522 unde
1173 2468 1319 2523 nascatur
1340 2457 1532 2541 eloquentia.
1587 2511 1592 2520 .

428 2550 508 2615 Sine
529 2573 578 2612 ex
598 2563 691 2629 arte,
713 2551 838 2635 inquit,
861 2552 931 2616 aive
946 2575 993 2616 eac
1009 2552 1148 2628 studio,
1170 2551 1240 2616 siue
1262 2549 1520 2627 caercitatione,
1545 2550 1615 2613 siue
1636 2566 1701 2616 att

345 2645 487 2722 nmura]
532 2643 652 2719 liuius,
675 2644 793 2728 inquit,
817 2645 1033 2728 eloquentiae,
1057 2644 1147 2709 ouius
1166 2646 1284 2709 incerta
1305 2655 1353 2708 est
1379 2645 1492 2728 origo,
1515 2645 1547 2708 ai
1565 2645 1658 2706 uolu-
1697 2697 1701 2702 .

345 2757 421 2798 mres
443 2734 664 2799 considerare
681 2737 908 2821 principium,
941 2738 1166 2815 inveniemus,
1189 2738 1308 2822 inquit,
1330 2737 1368 2800 id
1392 2761 1439 2802 ear
1461 2733 1658 2800 honestissi-

345 2831 411 2891 rnir
430 2828 548 2890 causis
569 2841 688 2892 natum
712 2842 814 2914 atque
838 2831 975 2915 optimis
1004 2831 1194 2897 rationibus
1213 2828 1427 2920 profectum.
1478 2829 1584 2896 Causa
1610 2839 1658 2890 est

253 2916 254 2923 '
345 2921 438 2982 animi
470 2921 624 3001 impulsus
651 2925 691 2988 ad
721 2923 839 3006 aliquid
866 2926 1032 3008 agendum.
1083 2925 1180 2989 Ratio
1209 2935 1256 2988 est
1277 2927 1490 3006 gerendorum
1512 2924 1593 2985 ordo
1616 2941 1656 2982 ex

345 3037 437 3077 causa
459 3012 673 3079 venientium:
708 3029 744 3079 ιιι
766 3017 841 3101 quiri
863 3039 927 3100 quo
949 3017 1022 3083 loco
1043 3017 1143 3080 facias
1165 3039 1203 3079 ac
1225 3015 1309 3079 dieas
1330 3016 1502 3098 intelligas.
1546 3016 1698 3094 Ergo‚25

345 3108 464 3190 inquit,
499 3109 527 3170 si
556 3107 753 3194 eloquentiae
776 3109 961 3192 principium
983 3110 1185 3173 considerare
1208 3109 1369 3183 volumus,
1406 3108 1541 3188 primum
1564 3125 1656 3168 cansa

345 3203 530 3264 attendenda
561 3213 621 3264 est.
665 3203 756 3264 Haec
777 3223 869 3266 carrea
900 3205 1031 3266 honesta
1053 3213 1113 3268 est.
1149 3201 1273 3266 Deinde
1294 3200 1451 3274 rationes,
1477 3211 1509 3263 et
1532 3201 1654 3262 easdem

345 3294 479 3375 optimas
502 3293 706 3357 inveniemus.
748 3295 840 3359 inter
859 3297 993 3358 studium
1015 3307 1119 3358 autem
1142 3306 1173 3358 et
1195 3290 1454 3358 exercitationem
1474 3295 1537 3356 hoc
1558 3292 1656 3354 inter-

344 3399 412 3449 est:
435 3387 582 3450 Strrdium
604 3399 653 3450 cst
672 3388 764 3450 animi
785 3391 826 3450 ad
847 3389 966 3472 aliquid
986 3392 1141 3472 agendum
1162 3388 1348 3470 pertinacia.
1394 3386 1592 3450 Exercitatio
1608 3397 1655 3448 cst

342 3479 483 3561 srrsccpti
503 3493 591 3543 actus
613 3478 819 3547 continuatio.
842 3485 895 3548 Ex
916 3481 963 3545 his
985 3504 1114 3569 quoque
1136 3503 1231 3566 supra
1254 3481 1387 3545 diximus
1403 3479 1487 3544 nasci
1502 3477 1709 3565 eloquent-to·

344 3573 418 3634 tiam
440 3593 550 3653 posse.

426 3669 522 3730 Nam
530 3663 616 3754 fuit
637 3667 808 3751 quoddam
830 3670 976 3754 temprra]
1008 3669 1124 3753 incipit
1146 3689 1396 3734 commemorare
1424 3689 1534 3732 causas
1556 3667 1655 3732 iniisse

343 3761 508 3834 honestas,
533 3759 647 3843 quibus
669 3761 849 3844 eloquentia
871 3784 934 3827 non
957 3765 995 3824 nd
1016 3763 1047 3825 it
1068 3765 1188 3844 ipsum,
1222 3763 1307 3846 quud
1330 3772 1493 3836 est,.natn
1517 3760 1576 3836 ait,
1601 3763 1656 3822 scd

342 3853 426 3914 circa
448 3856 605 3938 agendum
632 3853 822 3935 principium
845 3856 1025 3937 strmpserit.
1053 3887 1059 3894 ·
1079 3859 1125 3921 Ut
1146 3876 1242 3938 supra
1264 3855 1418 3929 diximus,
1443 3854 1529 3918 aiunt
1550 3853 1655 3937 philo-

341 3946 476 4028 sophie
498 3947 622 4010 drrobus
653 3948 812 4011 bominem
835 3962 998 4022 constare,
1021 3949 1121 4012 anima
1144 3961 1175 4012 et
1196 3970 1348 4031 corpore.
1406 3948 1551 4011 Animam
1578 3965 1697 4012 vernas

341 4061 410 4100 esse
430 4040 624 4120 perlectam,
648 4043 704 4102 sed
724 4041 866 4122 impediri
888 4041 1093 4105 crassitudine
1115 4042 1282 4124 corporis,
1308 4062 1372 4124 quo
1395 4041 1494 4104 minus
1513 4061 1547 4102 se
1561 4040 1654 4101 talem

343 4143 489 4208 exserat,
513 4131 616 4215 qualis
637 4145 684 4195 est
705 4155 763 4215 per
783 4148 936 4198 saturam.
967 4137 1059 4219 Ergo
1081 4138 1197 4198 munio
1212 4136 1386 4197 constituto
1408 4145 1497 4196 erant
1512 4134 1654 4196 homines

342 4225 433 4288 nimis
454 4225 596 4307 impediti
616 4248 775 4309 corpore,
799 4241 832 4321 ct
852 4222 1021 4314 in'quibus
1043 4229 1090 4291 vis
1114 4229 1235 4291 animae
1250 4230 1364 4294 obruta
1384 4237 1479 4310 atque
1500 4244 1655 4306 oppressa

343 4331 439 4382 meet.
495 4323 589 4384 Ttnnc
612 4323 789 4385 neucesarie
816 4333 912 4404 rapto
942 4323 1088 4385 vivobant
1119 4334 1152 4384 et
1184 4322 1271 4384 malis
1303 4319 1462 4394 moribus,
1498 4338 1654 4398 oppresso

342 4411 465 4474 animae
485 4414 592 4489 bono,
615 4414 698 4478 circa
720 4436 772 4478 res
796 4435 905 4478 omnen
924 4416 1043 4480 viribus
1064 4415 1211 4496 eorporis
1231 4417 1454 4479 abutebantur.
1500 4414 1561 4474 Sed
1582 4411 1654 4494 quia
1667 4425 1697 4474 to

343 4515 457 4568 natura
479 4525 544 4568 non
568 4508 740 4590 aequaliter
765 4530 891 4590 semper
916 4528 1024 4572 omncs
1056 4509 1176 4580 lundit,
1213 4508 1380 4590 aliqnando
1413 4529 1492 4572 unus
1514 4505 1653 4578 exstitit,

343 4598 400 4680 qui
418 4619 454 4661 se
482 4601 564 4664 bene
591 4600 783 4685 intelligeret
805 4613 836 4665 et
857 4602 912 4686 qui
933 4601 1054 4665 videret
1074 4624 1145 4665 esse
1167 4601 1198 4664 in
1221 4600 1398 4664 bominibus
1419 4601 1549 4662 animam
1573 4598 1654 4660 illam

343 4690 502 4768 divinam,
540 4715 621 4777 quae
644 4696 776 4758 haberet
795 4695 826 4758 in
846 4717 881 4758 se
906 4695 1018 4759 mrrltas
1036 4694 1203 4769 utilitates,
1226 4692 1253 4757 si
1278 4707 1378 4756 tanuen
1405 4705 1513 4773 posset
1535 4693 1574 4756 ab
1600 4691 1655 4750 ali-

1524 4789 1652 4803 ffl

419 4833 466 4882 12.
486 4836 538 4878 aar
566 4826 786 4880 disertitudinem
811 4833 1011 4897 nominaverit]
1038 4844 1135 4882 notatu
1158 4827 1272 4896 dignum
1294 4825 1400 4880 viderur
1419 4825 1472 4880 hoc
1493 4824 1656 4876 uocabulum

343 4899 531 4963 lirertitndo,
551 4903 624 4973 qnod
643 4909 673 4956 tn
688 4903 765 4956 nullo
780 4903 836 4956 alio
850 4909 984 4975 scriptore
1002 4903 1092 4976 legere
1112 4922 1153 4954 mc
1172 4905 1294 4957 memini.
1314 4905 1394 4954 Cirr.
1415 4901 1546 4954 Occurrit
1560 4897 1655 4950 eadem

344 4995 398 5030 roa
410 4976 481 5048 apud
496 4979 657 5050 Hieronym.
679 4977 731 5048 Ep.
743 4979 784 5030 ai
795 4980 947 5032 Domnion.
960 4979 993 5032 T.
1008 4981 1046 5034 ll.
1059 4979 1132 5050 opp.
1151 4997 1177 5050 p.
1200 4983 1263 5034 tlt.
1284 4975 1331 5030 Ed.
1347 4978 1431 5030 Paris.
1448 4973 1544 5028 Nivcll.
1566 4977 1654 5026 llario.

421 5057 466 5112 15.
485 5056 619 5121 nominet]
640 5051 743 5106 editum
760 5069 839 5106 antea
858 5052 944 5106 iuerat
959 5060 1103 5114 nominata
1124 5051 1168 5106 sel
1189 5049 1333 5122 legendum
1354 5067 1412 5107 etse
1429 5055 1567 5108 rtonriurt,
1588 5063 1657 5119 pro-

344 5125 429 5179 batur
446 5146 479 5180 es
501 5131 590 5199 primo
609 5127 658 5182 illo
677 5127 784 5202 periodi
803 5129 943 5184 membro:
963 5129 1152 5183 Atterrdarnua
1169 5135 1273 5197 tamen,
1286 5135 1317 5178 ut
1330 5143 1382 5180 cte.
1402 5125 1485 5180 Canu.
1524 5123 1657 5174 il'vrrrinet

346 5201 428 5256 taber
447 5201 500 5258 Cd.
522 5203 585 5256 flat.
606 5201 659 5258 Os.
