4434 5959
569 597 611 674 tt
762 602 768 693 g
1078 604 1365 671 vmnomuns

651 740 753 825 Quod
773 741 868 819 eius,
899 754 938 806 ut
958 763 1022 806 nos
1038 757 1223 828 putamus,
1252 764 1321 808 non
1345 743 1514 808 mediocre
1541 753 1720 826 peecatum
1753 763 1872 824 repre·

558 833 781 902 'hendendum
797 834 943 908 videtur]
983 836 1040 900 Ait
1061 858 1161 922 grave
1183 839 1402 924 Hermagorae
1426 847 1586 918 peccatum
1617 857 1651 898 se
1673 837 1788 898 debere
1817 857 1872 900 re·

568 927 782 1006 prehendere,
819 939 851 990 et
872 926 903 989 id
920 927 1083 1003 breviter,
1128 950 1167 992 ne
1189 929 1234 1006 si,
1270 928 1389 1012 inqiut,
1413 939 1592 1001 taceamus,
1623 930 1711 1012 qstod
1735 925 1873 1009 primum

569 1031 635 1094 est,
668 1020 887 1103 Hermagorae
913 1031 995 1084 artes
1027 1025 1206 1104 approbare
1236 1021 1414 1098 videamur,
1452 1033 1482 1085 et
1507 1042 1605 1106 quare
1630 1020 1766 1084 eiusdem
1786 1033 1874 1083 artes

544 1133 633 1184 saon
652 1111 745 1174 simus
771 1111 890 1189 senui,
927 1135 1036 1180 causas
1057 1118 1134 1178 dare
1153 1134 1366 1199 nequeamus:
1410 1113 1676 1197 deinde,.inquit,
1709 1134 1747 1175 ne
1771 1113 1799 1176 si
1823 1114 1899 1176 la-·

569 1205 685 1269 tissime
714 1203 932 1291 Hermagorae
957 1219 1121 1289 peecatum
1143 1205 1290 1290 persequi
1315 1205 1523 1282 uoluerimus,
1557 1209 1643 1288 qimd
1675 1206 1797 1289 attidem
1822 1216 1874 1270 est

568 1297 714 1372 tertium,
738 1298 879 1376 nostris,
907 1293 1025 1385 inquit,
1059 1298 1235 1383 praeceptis
1258 1317 1376 1361 moram
1405 1296 1565 1361 videamur
1597 1299 1724 1362 afferre.
1781 1299 1870 1374 Sed,

540 1446 544 1455 ,
568 1394 656 1474 quod
678 1390 812 1454 medium
830 1404 894 1465 est,
917 1395 956 1456 de
976 1405 1108 1476 peceato
1131 1393 1349 1476 Hermagorae
1371 1391 1510 1453 breviter
1530 1389 1765 1472 disputabimus.

652 1482 691 1548 Si
717 1483 914 1548 deliberatio
938 1496 972 1548 et
999 1475 1258 1564 demonstratio]
1303 1483 1453 1562 Quaestio
1484 1485 1559 1544 baec
1588 1494 1652 1556 est,
1689 1485 1776 1564 quod
1807 1503 1872 1548 nou

526 1587 655 1642 torecte
676 1578 893 1658 Hermagoras
919 1578 1194 1641 deliberationem
1224 1589 1255 1638 et
1274 1575 1597 1639 demonstrationem
1624 1579 1683 1638 sub
1708 1575 1873 1660 prmlitate

569 1668 725 1750 posuerit.
749 1665 866 1732 Cicero
882 1689 963 1752 ergo
978 1671 1019 1733 ait
1031 1691 1095 1734 non
1112 1683 1198 1734 recte
1214 1669 1488 1732 deliberationem
1505 1680 1536 1730 et
1549 1669 1874 1732 demonstrationem

566 1763 626 1826 snb
637 1761 800 1843 qualitate
808 1759 939 1841 positas,
956 1762 1028 1846 quia
1040 1785 1158 1846 genera
1169 1774 1418 1827 caussarumsunt.
1443 1761 1572 1842 Quodsi
1584 1782 1699 1846 genera
1708 1781 1874 1824 carnarum

567 1875 637 1920 esse
649 1857 865 1938 Hermagoras
876 1853 973 1918 luerit
983 1858 1164 1931 consessus,
1187 1857 1253 1918 sine
1265 1854 1361 1918 dubio
1376 1876 1438 1918 non
1451 1857 1529 1918 liaec
1541 1855 1645 1917 debuit
1653 1857 1713 1917 sub
1721 1853 1875 1938 qusalitate

568 1969 707 2031 ponere3
740 1945 788 2009 sin
813 1947 992 2030 negaverit,
1029 1949 1155 2013 docebit
1184 1947 1301 2013 Cicero
1325 1969 1440 2032 genera
1459 1969 1527 2011 esse
1549 1967 1723 2010 causarum.
1767 1946 1875 2029 Igitur

526 2043 650 2108 ramale
672 2041 890 2124 Hermagoras
916 2042 1237 2107 demonstrationem
1265 2051 1297 2104 et
1324 2040 1596 2104 deliberationem
1621 2042 1680 2102 sub
1708 2040 1874 2124 meditate

569 2131 752 2216 roboravit.
793 2135 845 2198 Ac
868 2133 973 2217 primo
993 2157 1051 2219 per
1075 2134 1313 2201 conditionalem
1339 2133 1573 2218 quaestionem,
1609 2130 1730 2210 idest,
1761 2135 1875 2219 luypo·

565 2225 729 2290 theticam
748 2224 924 2310 ingreditur
945 2228 1210 2311 propositionem.
1252 2227 1440 2311 Ubicunque
1462 2227 1542 2290 enim
1565 2224 1596 2290 si
1616 2235 1683 2299 est,
1707 2227 1766 2288 sub
1792 2246 1875 2308 qna·

569 2321 638 2382 dam
660 2318 842 2383 conditione
857 2321 1038 2402 propositio
1056 2333 1116 2386 est.
1160 2321 1213 2396 Si,
1236 2319 1351 2404 inquit,
1375 2321 1438 2385 boe
1459 2330 1524 2382 est:
1546 2319 1624 2383 illud
1639 2337 1702 2380 non
1718 2327 1785 2392 est;
1808 2319 1874 2382 hoe

570 2423 672 2475 autem
695 2424 761 2476 esta
783 2413 879 2497 igitur
900 2414 976 2476 illud
995 2434 1059 2478 uon
1080 2426 1140 2479 est.
1183 2414 1233 2478 lta
1255 2425 1286 2476 et
1306 2414 1375 2478 hice
1397 2413 1436 2479 Si
1452 2410 1672 2485 deliberatio,
1695 2409 1815 2493 inquit,
1839 2419 1874 2472 et

526 2518 560 2568 et
569 2504 815 2569 demonstratio
832 2526 961 2589 genera
979 2519 1061 2571 sunt
1079 2528 1281 2584 amararum,
1305 2527 1372 2571 non
1390 2517 1535 2589 possunt
1556 2517 1645 2569 recte
1662 2513 1781 2586 partes
1806 2500 1874 2563 ali·

568 2597 667 2660 emtas
689 2597 826 2679 generis
849 2619 971 2662 nataae
987 2599 1119 2680 putari.
1162 2602 1297 2664 Genera
1321 2609 1435 2662 autem
1459 2619 1642 2660 causarum
1665 2606 1756 2659 emet.
1800 2592 1873 2678 lgi-

568 2700 623 2752 tur
644 2687 769 2773 generis
791 2710 904 2753 causae
920 2702 1027 2773 partes
1045 2711 1115 2754 esse
1134 2712 1196 2756 non
1218 2702 1363 2774 possunt.
1406 2694 1449 2756 Et
1470 2694 1563 2755 docet
1577 2709 1692 2774 genera
1714 2706 1781 2750 esse
1794 2705 1873 2748 cau-

568 2803 686 2846 sarum.
729 2781 870 2847 Primum
896 2784 992 2867 igitur
1011 2805 1165 2866 ponamus
1187 2805 1286 2868 genus
1307 2805 1434 2858 aarum
1458 2785 1626 2846 secundum
1643 2793 1750 2862 partes
1772 2799 1873 2864 gene·

568 2875 612 2941 ris
631 2897 761 2951 caussae,
797 2876 828 2940 id
850 2888 914 2951 est,
937 2876 1189 2952 coniecturam,
1204 2877 1337 2955 senem,
1359 2875 1574 2960 qualitatem,
1598 2872 1871 2936 translationem.

525 2979 558 3028 tt
570 2969 713 3033 Tertium
735 2969 775 3033 sit
795 2968 871 3032 illud
892 2969 1041 3056 quidquid
1069 2969 1229 3054 qualitati
1253 2969 1436 3044 subiicitur,
1471 2968 1525 3032 ubi
1546 2969 1762 3051 Hermagoras
1786 2965 1872 3028 deli-

567 3063 775 3128 berationem
789 3073 821 3126 et
837 3062 1160 3126 demonstrationem
1180 3061 1354 3127 constituit.
1397 3063 1488 3146 Ergo
1506 3057 1776 3140 Cicero‘primum
1796 3055 1874 3118 dicit

567 3154 844 3220 deliberationem
868 3166 901 3218 et
923 3154 1264 3230 demonstrationem,
1301 3155 1372 3238 quia
1396 3147 1495 3237 prima
1516 3167 1606 3228 sunt,
1642 3152 1777 3216 secunda
1800 3168 1872 3212 essa

567 3269 632 3312 non
652 3269 767 3331 posse3
799 3251 886 3330 quod
907 3249 934 3311 si
954 3252 1088 3312 secunda
1106 3270 1169 3314 non
1188 3260 1277 3324 sunt,
1310 3249 1408 3312 multo
1430 3247 1529 3311 minus
1551 3245 1641 3310 tertia
1660 3264 1728 3306 esse
1752 3261 1871 3324 posse;

569 3343 655 3423 qiiod
681 3342 899 3423 Hermagoras
923 3341 1122 3406 constituisse
1146 3341 1351 3424 conspicitur.
1395 3340 1506 3424 Itaque
1526 3337 1700 3403 meminisse
1721 3337 1872 3397 &bemus

435 3429 442 3443 ’
526 3451 559 3502 so
569 3432 757 3497 Ciceronem
780 3435 818 3494 de
839 3436 961 3496 duobus
984 3445 1141 3512 tractare,
1175 3433 1207 3496 id
1228 3445 1295 3510 est,
1327 3432 1489 3515 deprimo
1512 3443 1544 3495 et
1568 3433 1729 3504 secundo,
1751 3425 1874 3490 scilicet

568 3527 607 3587 de
634 3545 747 3609 genere
773 3545 885 3587 causae
908 3536 939 3588 et
959 3524 1101 3607 partibus
1123 3527 1262 3612 generis.
1304 3527 1359 3602 Si,
1390 3525 1512 3610 inquit,
1535 3523 1735 3590 deliberatio
1754 3531 1787 3584 et
1811 3520 1873 3583 de·

568 3618 774 3683 monstratio
794 3629 923 3700 genera
943 3630 1024 3681 sunt
1046 3641 1248 3698 carnarum,
1272 3640 1338 3684 non
1354 3630 1442 3681 recte
1459 3629 1579 3700 partes
1595 3616 1731 3700 generis
1746 3635 1874 3677 ammae

564 3724 712 3798 poeswrt
726 3711 863 3794 putari,
887 3709 918 3774 id
933 3722 979 3774 est
990 3755 1000 3786 ,
1013 3711 1200 3776 constitutio
1220 3733 1266 3776 es.
1310 3713 1405 3792 Quod
1416 3733 1510 3794 quiam
1525 3713 1616 3774 doact
1633 3707 1875 3772 constitutiones
1895 3743 1898 3748 ·

569 3825 718 3883 essenon
734 3825 841 3887 posse,
855 3804 955 3867 marito
968 3803 1068 3890 magis
1083 3734 1229 3870 videatdr
1243 3818 1349 3888 partes
1364 3804 1595 3868 constitutionis
1610 3824 1677 3868 esse
1690 3822 1752 3866 noa
1764 3820 1875 3883 passe.

527 3931 559 3981 tt
651 3898 782 3964 Eadem
804 3897 894 3961 enim
915 3918 971 3961 res
986 3897 1047 3960 alii
1064 3919 1174 3982 genus
1188 3920 1282 3974 esse,
1303 3899 1364 3962 alii
1383 3919 1466 3982 pare
1483 3909 1613 3980 potest:
1634 3897 1741 3961 eidem
1762 3916 1875 3978 genus

569 4013 642 4057 esse
663 4003 697 4056 et
708 4012 795 4074 pars
816 4011 884 4054 non
901 3989 1027 4073 potest]
1069 3990 1260 4056 Aristotcles
1282 3991 1343 4066 ait,
1366 4012 1418 4054 res
1442 4012 1561 4067 omnes,
1579 4011 1659 4074 quae
1678 3988 1710 4052 in
1732 3987 1822 4051 dictis
1841 3998 1876 4050 et

568 4085 660 4152 iactis
683 4096 715 4148 et
733 4084 763 4147 in
787 4083 872 4147 omni
895 4085 1009 4147 maudo
1035 4096 1189 4166 agimtur,
1218 4089 1325 4148 decem
1348 4105 1433 4158 esse3
1463 4105 1593 4167 quarsua
1614 4103 1720 4145 rerum
1744 4080 1875 4146 nomina

568 4201 735 4261 ponemus.
780 4178 888 4241 Prima
905 4177 1098 4240 substantia
1118 4189 1186 4242 est:
1210 4179 1319 4241 deinde
1340 4177 1530 4261 quantitas,
1553 4177 1719 4261 qualitas,
1741 4173 1788 4236 ad
1808 4174 1875 4236 ali-

568 4273 668 4358 quid,
702 4272 777 4348 ubi,
810 4272 967 4356 quando,
1000 4271 1106 4347 situs,
1139 4271 1279 4348 babere,
1301 4269 1450 4362 facere,
1480 4269 1574 4352 pati.
1614 4269 1745 4332 Graecis
1768 4279 1875 4332 autem

526 4365 733 4442 epvocabulis
761 4364 806 4428 sic
838 4375 1015 4441 vocantur,
1050 4360 1162 4444 orinia,
1190 4359 1309 4444 adeor,
1338 4358 1449 4444 ποιόν,
1476 4357 1557 4451 πρός
1581 4385 1631 4440 τι,
1662 4363 1743 4438 noui,
1777 4355 1876 4440 πότε,

569 4462 723 4536 κεῖσθαι,
744 4458 844 4544 ἔχειν,
868 4463 987 4536 ποιεῖν,
1008 4451 1151 4544 πάσχειν.
1193 4459 1316 4520 Harum
1337 4455 1453 4538 prima,
1478 4466 1511 4517 nt
1533 4452 1677 4529 diximus,
1699 4451 1876 4516 substantia

569 4564 715 4614 vocatur.
766 4551 920 4635 Reliquae
941 4572 1056 4614 novem
1081 4551 1111 4613 in
1132 4548 1305 4612 substantia
1331 4561 1422 4622 sunt,
1454 4569 1533 4630 quae
1555 4548 1729 4611 accidentes
1754 4567 1875 4610 vocan-

641 4751 668 4808 lt.
689 4751 823 4824 eiusdem]
844 4781 881 4795 ·-
899 4751 1008 4803 easdem
1028 4750 1077 4805 ed.
1097 4752 1161 4804 Bas.
1180 4748 1233 4804 Os.

643 4834 689 4891 57.
708 4827 798 4879 decem
816 4829 885 4894 etse]
907 4827 982 4896 Quae
1003 4827 1097 4899 Logiei
1117 4831 1280 4892 categorias
1299 4823 1445 4900 appellant.
1468 4823 1549 4879 Cure.

644 4907 690 4964 w.
708 4902 749 4954 ud
765 4901 880 4974 aliquid]
900 4899 936 4957 τὸ
955 4903 1028 4972 πρός
1045 4921 1091 4966 re,
1111 4899 1190 4974 vulgo
1210 4902 1321 4954 relatio.
1341 4904 1423 4954 Care.

644 4975 715 5033 lbid.
734 4976 848 5048 babere]
869 4977 901 5028 ln
921 4974 1022 5029 scholis
1041 4975 1143 5029 dicitur
1162 4974 1280 5030 habitere.
1301 4975 1383 5028 cess.
1618 5025 1620 5035 ,

644 5050 715 5106 lbtd.
733 5049 847 5120 faeere,
863 5051 938 5124 pati]
960 5051 1044 5101 Actio
1063 5055 1203 5122 espessia
1221 5049 1351 5104 diruatur
1370 5045 1441 5124 apud
1454 5045 1651 5107 scholasticae.
1670 5049 1753 5106 cers.

544 5149 549 5156 ’
643 5130 690 5187 bt).
708 5131 823 5198 adcor,
841 5123 940 5194 ποιόν]
960 5121 1101 5198 unumne,
1113 5122 1244 5198 nardina
1268 5127 1309 5184 St.
1330 5121 1391 5180 ΑΜ.
