4434 5959
561 619 600 683 12
1064 614 1352 682 vlcuottlnus

560 760 605 823 Et
632 778 817 842 quamquam
838 755 911 820 binc
927 755 1072 830 'homines
1101 777 1142 821 ex
1166 755 1348 820 immanibus
1369 755 1473 839 primo
1496 757 1642 841 aequales
1662 757 1753 834 facti,
1788 769 1862 840 post

561 851 653 916 etiam
676 850 810 935 obsequi
830 851 915 916 ultro
937 850 1116 932 coeperint:
1149 870 1243 931 supra
1272 849 1387 912 dictum
1415 860 1519 914 tamen
1542 851 1682 915 ordinem
1704 863 1860 915 servatum

560 965 727 1028 possumus
746 943 901 1008 invenire.
945 944 1055 1008 Primo
1075 943 1183 1027 itaque
1204 942 1364 1006 beneficiis
1385 944 1582 1029 eloquentiae
1604 943 1746 1008 civitates
1760 942 1863 1008 factae

561 1052 650 1117 suunt,
675 1051 709 1102 ιιι
730 1037 773 1101 ait
794 1059 907 1120 supra,
930 1040 1055 1102 multas
1075 1040 1176 1102 urbes
1196 1038 1410 1102 constitutas.
1456 1037 1575 1102 Civitas
1597 1049 1697 1100 autem
1720 1037 1790 1099 beri
1816 1037 1864 1100 di·

537 1132 661 1207 ecitur,
685 1152 778 1215 quum
799 1131 941 1196 homines
962 1151 1054 1193 unnim
1076 1130 1107 1195 ln
1129 1132 1233 1196 locum
1255 1142 1490 1216 congregantur
1511 1134 1550 1194 ad
1571 1130 1640 1194 iure
1663 1129 1841 1192 vivendum.

645 1228 690 1289 Ut
702 1225 818 1302 fidem
838 1225 961 1306 colere]
993 1225 1057 1287 Hic
1084 1224 1166 1286 bella
1197 1223 1446 1309 restinguuntur.
1491 1225 1524 1287 Si
1545 1224 1626 1288 'enim
1650 1223 1802 1306 cupiditas
1824 1225 1864 1285 ad

559 1339 596 1383 sc
617 1319 801 1401 explendam
831 1317 950 1381 viribus
972 1317 1118 1399 corporis
1147 1319 1351 1394 abutebatur,
1385 1317 1472 1401 quasi
1494 1320 1643 1404 quaedam
1666 1317 1745 1392 bella
1770 1336 1861 1397 gere·

560 1415 688 1476 bantur.
731 1412 836 1493 Quum
856 1431 936 1496 ergo
957 1411 1033 1474 fides
1055 1408 1183 1487 colitur,
1207 1422 1259 1474 aut
1280 1412 1312 1475 id
1333 1413 1452 1494 agitur,
1476 1432 1515 1474 ne
1536 1409 1599 1474 sint
1617 1411 1713 1489 bella,
1737 1421 1790 1474 aut
1811 1432 1864 1473 re.-

562 1505 764 1590 stinguuntnr
784 1505 854 1581 illa,
878 1525 959 1588 qnae
978 1503 1119 1567 leserunt.

519 1610 552 1658 ιιι
645 1601 692 1664 Et
712 1599 879 1664 itcstitiam
899 1597 1046 1662 retinere
1068 1597 1247 1678 discerent]
1275 1595 1394 1662 lustitia
1416 1596 1516 1662 omnis
1537 1618 1554 1658 a
1576 1594 1666 1660 nobis
1684 1594 1768 1658 circa
1784 1597 1865 1662 alios

561 1704 625 1770 est,
650 1704 685 1755 ut
704 1691 870 1775 unicuique
891 1691 1032 1753 meritum
1046 1689 1211 1772 proprium
1233 1687 1417 1753 tribuamus.
1445 1691 1557 1756 Potest
1579 1700 1680 1753 tamen
1702 1691 1752 1754 bic
1774 1691 1865 1774 qua'si

560 1785 696 1852 societas
718 1784 883 1851 custodiri.
926 1783 1022 1848 Iustis
1044 1783 1124 1846 enim
1147 1781 1378 1848 conditionibus
1400 1783 1534 1848 societas
1554 1783 1697 1847 facienda
1711 1785 1764 1848 rel
1785 1807 1865 1853 con-

560 1882 712 1945 servanda
734 1889 794 1943 est.

643 1977 690 2038 Et
709 1971 787 2035 aliis
810 1991 936 2054 parere
964 1991 1030 2034 sua
1059 1973 1230 2038 voluntate
1257 1970 1524 2051 consuescerent]
1565 1969 1686 2035 Iustitia
1716 1973 1864 2055 aequales

446 2100 479 2129 ι,
519 2066 703 2131 asbomines
725 2086 793 2128 esse
821 2063 918 2128 facita
953 2065 1004 2127 bic
1031 2064 1092 2126 ianr
1122 2075 1153 2127 et
1179 2064 1406 2134 minores.esse
1428 2065 1588 2149 patiuntur·
1610 2085 1664 2126 sua
1688 2066 1781 2127 etiam
1807 2088 1865 2130 vo-

561 2161 691 2224 luntate.
735 2159 874 2222 Possunt
895 2169 995 2220 tamen
1017 2159 1069 2220 hic
1090 2155 1241 2222 amicitiae
1260 2158 1415 2240 copulari.
1458 2160 1576 2222 Nostra
1599 2157 1679 2219 enim
1701 2158 1865 2222 voluntate
1931 2235 1933 2238 Ι

561 2251 637 2314 nnlli
659 2250 881 2330 obsequimur,
904 2250 962 2313 nisi
984 2247 1076 2312 amici
1095 2248 1259 2314 fuerimus.
1304 2254 1406 2316 Antea
1430 2262 1531 2315 autem
1553 2250 1578 2312 si
1601 2248 1722 2313 viribus
1744 2273 1866 2333 corpo·

560 2344 605 2406 ris
628 2355 739 2406 cuncta
767 2345 958 2429 agebantur,
994 2363 1057 2406 non
1085 2363 1141 2405 sua
1164 2343 1325 2410 voluntate
1347 2344 1509 2429 quisquam
1532 2341 1621 2406 alteri
1642 2342 1766 2424 paruit,
1804 2365 1866 2408 nec

561 2438 666 2519 potnit
687 2437 802 2500 amicus
823 2457 909 2510 csse,
934 2436 989 2521 qui
1010 2437 1198 2520 cogebatur.

518 2544 551 2592 ιιι
644 2533 695 2594 Ae
726 2551 795 2593 non
827 2531 928 2594 modo
949 2529 1082 2592 labores
1110 2531 1327 2614 excipiendae
1347 2531 1535 2594 eommunis
1556 2527 1723 2594 commodi
1742 2529 1866 2610 causa]

561 2623 743 2687 Perfectum
773 2635 839 2699 cst,
874 2621 992 2706 inquit,
1030 2623 1226 2706 eloquentia,
1261 2633 1295 2685 ut
1327 2623 1461 2686 libenter
1490 2643 1598 2687 omnes
1627 2623 1767 2685 laborem
1801 2644 1866 2703 pro

560 2718 685 2801 publica
706 2718 806 2780 salute
827 2717 1022 2799 susciperent
1044 2738 1080 2779 ac
1101 2737 1165 2780 non
1184 2719 1277 2780 modo
1298 2717 1438 2780 laborem
1461 2715 1671 2798 srrsciperent,
1694 2721 1748 2781 sed
1770 2718 1867 2781 etiarn

561 2813 657 2874 vitam
679 2809 868 2875 amitterent.
918 2809 1055 2872 Multum
1078 2829 1157 2893 ergo
1191 2809 1257 2892 egit
1278 2808 1473 2893 eloquentia,
1513 2821 1545 2872 ut
1574 2809 1618 2872 illi
1642 2811 1734 2874 vitam
1758 2811 1868 2892 parvi·

560 2905 751 2986 penderent,
774 2901 828 2986 qui
848 2903 1046 2991 iamdudum
1069 2900 1129 2964 sibi
1152 2902 1237 2966 victu
1257 2901 1330 2966 fero
1354 2901 1446 2965 vitam
1468 2907 1702 2986 propagabant.

517 3005 550 3054 2⁵
643 2995 714 3080 Qut
732 2996 867 3060 tandem
880 2993 970 3074 fleri
985 2995 1143 3078 potuitf]
1166 2995 1354 3077 Quaeritur,
1387 3008 1489 3058 utrum
1512 2997 1651 3078 homines
1673 3001 1711 3060 ad
1731 2991 1787 3060 ha's
1813 3019 1868 3060 ra·

561 3090 665 3154 tiones
698 3089 824 3153 visendi
853 3111 912 3172 per
938 3101 1078 3152 naturam
1102 3089 1227 3152 deducti
1247 3088 1328 3165 sint,
1364 3109 1403 3151 an
1425 3090 1600 3171 praeceptis
1620 3090 1788 3153 videantur
1809 3093 1870 3152 ad-

560 3183 665 3246 ducti.
708 3183 790 3247 Erat
810 3184 932 3268 quidem
954 3183 986 3245 in
1009 3183 1186 3248 horninibus
1207 3194 1317 3247 natura
1338 3182 1470 3256 melior,
1494 3185 1548 3246 sed
1571 3203 1721 3265 oppressa
1747 3205 1869 3264 corpo·

561 3275 605 3338 ris
627 3274 706 3340 vitio
726 3279 767 3338 ad
789 3277 899 3339 malum
922 3276 1146 3340 declinaverat.
1203 3277 1326 3340 Verum
1348 3275 1419 3360 quia
1440 3275 1517 3337 nibil
1539 3275 1737 3339 uniformiter
1758 3275 1869 3339 fundi-

561 3379 612 3432 tus
633 3368 771 3446 exsistit,
804 3370 879 3454 quin
901 3391 1025 3451 semper
1052 3369 1170 3453 aliquid
1198 3368 1255 3444 sit,
1287 3390 1351 3453 quo
1373 3367 1580 3452 intelligamus
1603 3369 1675 3452 quid
1697 3368 1728 3431 in
1751 3369 1870 3435 ceteris

518 3461 661 3524 tldcsit:
691 3462 751 3524 iste
784 3462 908 3547 quidam
929 3484 1060 3547 magnus
1088 3464 1137 3526 vir
1165 3484 1201 3526 ac
1221 3462 1344 3544 sapiens
1367 3461 1523 3546 cognovit
1543 3465 1657 3526 bonam
1679 3462 1709 3525 in
1731 3459 1872 3524 homini·

561 3555 620 3617 bus
648 3565 791 3617 naturam
823 3555 1015 3640 multumque
1042 3576 1111 3618 esse
1143 3556 1358 3638 profuturam,
1397 3555 1423 3618 si
1452 3555 1629 3638 praeceptis
1653 3555 1762 3618 melior
1782 3565 1873 3617 esset

563 3647 686 3710 effecta.
729 3647 823 3732 Ergo
855 3670 947 3714 omne
980 3650 1066 3733 quod
1092 3649 1266 3730 perfectum
1296 3660 1360 3725 est,
1391 3660 1500 3710 natura
1522 3659 1554 3711 et
1575 3648 1736 3732 disciplina
1759 3643 1872 3728 perfe-

563 3752 647 3804 ctum
674 3752 735 3804 est.
780 3745 843 3805 Sed
873 3743 946 3826 qnia
968 3743 1026 3805 iste
1054 3741 1175 3824 primus
1204 3741 1253 3806 vir
1276 3741 1465 3824 disciplinam
1490 3741 1632 3823 accipere
1655 3762 1716 3802 non
1738 3742 1869 3820 potnit,

563 3833 721 3917 perfectus
748 3835 808 3898 fuit
840 3847 951 3898 natura
973 3846 1004 3898 et
1025 3856 1096 3898 usu.
1158 3834 1321 3919 Cognovit
1353 3833 1433 3897 enirn
1464 3835 1600 3896 habitum
1622 3857 1727 3908 s1111m3
1761 3844 1791 3896 et
1816 3833 1872 3896 din

518 3941 551 3998 35'
564 3948 668 3990 secum
690 3932 932 4008 pertractando,
956 3928 1111 4011 cognorit
1133 3947 1201 3992 esse
1222 3930 1253 3990 in
1275 3927 1451 3991 hominihus
1467 3929 1581 4012 bonam
1604 3940 1762 4000 naturam,
1787 3949 1873 4011 quae

564 4031 598 4084 ut
620 4021 758 4103 perfecta
780 4043 849 4086 esse
871 4033 996 4104 posset,
1030 4033 1276 4104 praeceptorum
1299 4019 1438 4084 adhibuit
1460 4020 1662 4102 disciplinam.
1722 4022 1814 4106 Ergo
1838 4022 1873 4083 in

562 4114 741 4178 bominibus
762 4114 822 4178 fuit
844 4115 1006 4192 materies,
1027 4115 1060 4176 id
1080 4126 1146 4191 est,
1170 4115 1311 4198 perfecta
1330 4126 1456 4189 natura,
1480 4135 1571 4197 quam
1587 4113 1758 4195 perfectam
1774 4135 1874 4195 prae-

564 4219 654 4290 cepta
674 4206 819 4271 fecerunt
839 4207 965 4272 inventa
986 4229 1045 4290 per
1065 4207 1265 4290 sapientiam,
1290 4207 1440 4273 insinuata
1463 4228 1521 4287 per
1542 4206 1764 4289 eloquentiam.

646 4299 812 4388 Profecto
842 4322 940 4364 nemo
968 4300 1036 4364 nisi
1065 4301 1168 4385 graui
1195 4323 1235 4364 ac
1265 4301 1378 4377 suavi,
1417 4302 1495 4380 eet.]
1541 4301 1734 4383 Quamquam
1758 4309 1873 4362 natura

520 4392 661 4464 tofaterit
681 4404 753 4475 apta
781 4397 819 4456 ad
847 4393 1019 4476 perfectam
1049 4394 1166 4470 vitam,
1205 4406 1308 4458 tamen
1335 4395 1433 4478 ipsam
1464 4405 1604 4456 naturam
1626 4391 1804 4476 praeceptis
1827 4391 1877 4454 ait

566 4489 606 4549 ad
626 4489 681 4548 bas
703 4487 828 4550 vivendi
850 4487 987 4550 rationes
1008 4507 1078 4551 esse
1099 4489 1295 4569 perductam.

647 4580 772 4657 Gravi,
794 4579 912 4664 inquit,
935 4601 976 4642 ac
996 4581 1094 4643 suani
1114 4593 1302 4646 commotus
1331 4581 1499 4662 oratione]
1542 4579 1736 4642 Gravitatem
1759 4581 1797 4640 ad
1819 4601 1877 4641 sa-

566 4672 732 4753 pientiam,
770 4674 954 4736 suaritatem
976 4675 1015 4734 ad
1036 4673 1247 4756 eloquentiam
1269 4675 1455 4738 referamus.
1499 4675 1599 4738 Immo
1623 4673 1809 4759 gravitatem
1833 4677 1879 4736 ad

565 4766 752 4843 sententias,
776 4768 958 4830 seueritatem
980 4770 1021 4830 ad
1041 4771 1213 4841 verborum
1235 4780 1417 4831 ornamenta
1438 4767 1625 4831 referanmss.

638 5015 668 5071 6.
687 5012 741 5064 Hic
753 5013 837 5082 bella]
852 5011 899 5066 Sic
912 5011 962 5066 Ctl.
976 5014 1054 5070 Bet..
1067 5029 1097 5066 ut
1111 5031 1175 5065 mox
1189 5029 1239 5066 ter.
1248 5041 1285 5056 -
1294 5011 1356 5066 binc
1368 5015 1394 5068 b.
1406 5013 1476 5068 Edd.
1489 5011 1532 5065 lofe
1545 5015 1639 5068 malim
1652 5020 1736 5068 ctiam
1750 5015 1769 5069 l.
1784 5021 1810 5074 1.
1820 5017 1881 5075 Oa.

639 5093 685 5145 21.
705 5085 865 5158 Perfectum
883 5090 941 5161 est]
961 5091 1009 5144 Sic
1027 5087 1078 5142 Cd.
1098 5089 1162 5142 Bao.
1182 5117 1219 5134 ι-
1233 5087 1365 5158 perfecta
1382 5095 1455 5141 iaceat
1474 5087 1544 5142 Edd.
1564 5092 1617 5146 On.

640 5168 688 5224 30.
706 5168 760 5217 istc
779 5163 900 5236 qnidam]
921 5164 968 5220 sie
987 5161 1037 5219 Cd.
1056 5164 1120 5218 Bao.
1139 5191 1174 5208 -·
1195 5169 1249 5217 iate
1268 5163 1374 5235 quidem
1394 5162 1462 5220 Edd.
1482 5165 1535 5220 Οιι.
