4434 5959
966 645 1059 710 ers.
1082 602 1121 710 r(
1572 622 1579 639 ’
1630 646 1690 712 us

382 793 545 857 teneatur,
580 782 639 845 alie
658 781 786 845 omniuo
803 804 855 846 res
875 782 907 848 in
937 785 1142 847 conclusione
1167 793 1324 867 pouanrrr
1362 794 1397 848 nt
1417 794 1492 868 puta
1518 784 1545 849 si
1568 784 1690 869 agitur:

383 882 436 942 An
454 876 570 939 neseio
595 874 655 963 qui
685 876 733 937 od
758 877 950 939 exercitum
970 877 1017 938 sit
1038 874 1236 967 profectus,
1266 888 1298 939 et
1323 889 1432 941 contra
1461 898 1530 941 eum
1556 879 1626 961 qrris
1648 878 1693 940 sic

383 968 459 1031 velit
477 965 718 1048 argumentari:
743 969 781 1029 Si
799 969 945 1055 venisses
968 970 1017 1032 od
1036 968 1245 1043 exercitum,
1274 990 1297 1031 o
1319 969 1466 1033 tribunis
1487 972 1693 1033 militaribus

382 1062 471 1125 nisus
491 1081 604 1123 esses:
625 1080 693 1122 non
714 1082 751 1122 es
772 1072 888 1123 aretem
907 1064 951 1125 ab
971 1063 1016 1124 iis
1035 1062 1147 1132 eisrsss
1169 1082 1237 1124 uon
1262 1084 1299 1125 es
1320 1062 1430 1146 igitur
1443 1064 1489 1127 ad
1503 1064 1693 1128 exercitum

380 1152 576 1245 profectam.
620 1153 684 1214 Hie
715 1153 824 1234 ntique
851 1166 992 1235 apertum
1020 1154 1128 1219 vitisrru
1159 1167 1219 1217 est.
1262 1156 1343 1217 Nam
1377 1156 1559 1237 propositio
1588 1166 1718 1221 tenetes

384 1249 420 1312 Si
438 1248 586 1310 venisses
606 1246 654 1309 od
673 1247 882 1318 exercitum
920 1247 1103 1311 conclusio:
1133 1250 1216 1312 Non
1240 1269 1276 1310 es
1297 1248 1407 1331 igitur
1431 1250 1478 1311 od
1502 1250 1695 1312 exereitum

377 1340 585 1433 profeetsssr
605 1362 700 1423 qrsrrnr
722 1340 809 1401 iuxta
831 1339 1085 1423 propositionem
1110 1342 1262 1403 debuerat
1284 1341 1450 1405 concludi:
1482 1344 1563 1406 Non
1585 1341 1695 1424 igitur

382 1436 427 1497 od
443 1433 637 1496 exercitum
654 1431 788 1495 venisti.
832 1433 908 1493 Hoc
929 1430 1032 1515 itaque
1047 1443 1189 1513 apertum
1208 1432 1329 1497 vitiatur.
1375 1436 1410 1496 lu
1437 1436 1576 1498 olsscuro
1592 1444 1693 1496 aretem

382 1531 444 1595 duo
467 1528 561 1589 nobis
584 1528 770 1590 attendenda
795 1534 888 1589 ssrntt
925 1543 964 1586 no
983 1536 1036 1586 arat
1055 1523 1261 1606 ambiguitate
1283 1526 1514 1607 propositionis
1539 1538 1590 1590 aut
1614 1528 1695 1589 obli·

383 1621 477 1684 rione
504 1620 665 1681 fallamur.
717 1618 919 1699 Ambiguites
947 1615 978 1677 iu
1014 1616 1234 1697 propositione
1267 1617 1336 1680 talis
1365 1630 1432 1683 est:
1470 1620 1508 1683 Si
1534 1620 1736 1703 indigeriem

379 1713 564 1798 perseniae,
596 1710 779 1793 pecuniam
813 1730 883 1773 non
908 1708 1051 1771 habetis.
1107 1710 1186 1771 Nam
1221 1708 1349 1774 omuino
1370 1711 1422 1791 qui
1441 1713 1605 1792 portiniana
1630 1733 1693 1777 nou

383 1808 497 1879 habet,
521 1804 640 1887 indiget
664 1802 835 1883 pecuniane
871 1812 903 1863 et
923 1801 993 1873 ille,
1018 1800 1070 1880 qui
1092 1802 1204 1877 habet,
1234 1804 1290 1864 sed
1311 1804 1426 1866 habene
1447 1806 1594 1870 maiorem
1613 1804 1695 1866 desi·

385 1901 491 1973 derat,
515 1897 634 1979 indiget
648 1896 816 1977 pecuniaes
841 1895 982 1972 indigere
1001 1892 1082 1957 enirn
1097 1893 1267 1957 voluntatis
1283 1908 1342 1961 est.
1387 1897 1475 1959 Haec
1491 1898 1594 1981 itaque
1618 1918 1696 1978 pro-

384 1991 502 2073 positio
526 1990 670 2073 ambigua
693 2003 760 2053 est:
795 1989 833 2052 Se·
857 1987 1018 2069 indigetis
1044 1987 1233 2067 procurrisse,
1264 1990 1445 2071 pecuniam
1464 2010 1531 2056 uon
1553 1989 1694 2053 habetis.

386 2084 489 2147 Enim
523 2081 751 2163 propositionis
779 2100 997 2164 quamcunque
1031 2081 1072 2140 ab
1094 2080 1277 2144 adversario
1300 2083 1493 2163 propositam
1517 2082 1738 2155 conclusio-15

386 2196 454 2238 nens
477 2173 608 2240 alterins
628 2172 676 2237 rei
697 2172 965 2260 ¹interpretatione
991 2172 1110 2253 poteris
1136 2175 1388 2253 reprehendere:
1416 2186 1450 2239 ut
1467 2174 1493 2237 si
1515 2175 1547 2241 itt
1565 2173 1696 2238 conclu·

387 2270 475 2333 sione
497 2267 659 2332 mendicos
681 2266 843 2348 posuerit,
867 2277 901 2329 tu
920 2266 1004 2330 dicas
1030 2285 1104 2338 eos,
1129 2265 1183 2348 qui
1208 2268 1359 2347 pecuniae
1380 2266 1555 2351 indigeant,
1580 2286 1643 2329 nou
1666 2278 1696 2327 te

388 2362 549 2427 mendieos
574 2360 784 2423 intellexisses
816 2363 872 2422 sed
903 2378 977 2432 eos,
1016 2358 1068 2439 qui
1090 2378 1184 2441 quurn
1209 2361 1377 2436 baberent,
1418 2359 1566 2438 maiorem
1592 2369 1697 2423 tannen

385 2456 547 2538 pecuniane
575 2454 704 2516 vellent.
762 2452 885 2515 Deinde
916 2450 942 2513 si
970 2450 1024 2515 ille
1056 2450 1234 2513 huiusmodi
1264 2452 1407 2515 homines
1433 2454 1462 2515 iu
1494 2452 1697 2515 conclusione

386 2546 549 2630 posuerit,
572 2556 608 2608 tu
630 2556 740 2607 eontra
763 2542 794 2606 in
817 2544 1039 2625 propositione
1059 2544 1143 2605 dieas
1164 2556 1193 2606 te
1218 2544 1408 2607 intellexisse
1431 2546 1603 2613 mendicos.
1647 2547 1740 2615 Itane

387 2638 561 2704 adversarii
593 2635 847 2708 conclusionem,
887 2635 1120 2717 propositionis
1151 2637 1217 2698 risa
1249 2636 1475 2719 ambiguitate,
1518 2644 1696 2703 subvertes.

387 2734 510 2798 Deinde
526 2731 608 2793 aliud
627 2732 797 2793 obscurum
821 2728 929 2792 ritirsro
946 2740 1013 2803 est,
1037 2750 1131 2813 qrrrrrn
1148 2729 1382 2808 obliviscimur,
1407 2733 1482 2815 quid
1500 2732 1529 2799 in
1546 2732 1698 2814 proposi-

388 2827 473 2889 tione
494 2824 536 2887 sit
558 2824 717 2904 posituro,
746 2834 779 2883 et
804 2821 887 2884 aliud
911 2820 942 2883 in
970 2822 1175 2886 conclusione
1196 2824 1385 2899 coniicitur;
1409 2836 1443 2889 ut
1463 2837 1555 2905 purte:
1586 2825 1624 2889 Si
1651 2824 1699 2891 ati

387 2918 485 2982 illum
504 2915 678 2981 hereditas
702 2913 874 2988 ueniebat,
899 2914 971 2979 ueri
991 2915 1101 2977 simite
1124 2928 1176 2978 est
1197 2916 1240 2980 ab
1262 2916 1320 2981 illo
1339 2929 1507 2981 neronem.
1551 2918 1614 2983 Hie
1629 2914 1697 2978 reri

387 3009 561 3074 similitudo
593 3008 697 3089 posita
729 3020 790 3071 est.
853 3006 977 3072 Deinde
1012 3010 1092 3071 hane
1126 3009 1379 3089 propositionem
1412 3010 1555 3091 pluribus
1594 3010 1740 3077 rerbiras

388 3106 587 3185 approbant:
609 3098 731 3163 scilicet
748 3111 783 3161 ut
804 3100 954 3163 memoria
974 3099 1206 3181 propositionis
1229 3101 1395 3164 exanimis
1418 3101 1592 3165 aurieratur.
1619 3102 1699 3164 Post

387 3207 566 3259 assumunt:
596 3193 653 3258 Ad
677 3192 773 3257 illum
804 3203 920 3255 autern
949 3194 1121 3256 hereditas
1149 3193 1312 3259 veniebat.
1368 3196 1538 3259 Postremo
1561 3192 1699 3257 inierunt
1807 3234 1811 3241 .

386 3287 643 3353 conclusionem:
679 3287 740 3351 rue
761 3284 873 3367 igitur
898 3284 1033 3351 oceidit.
1075 3284 1193 3370 Utique
1218 3286 1249 3351 in
1274 3287 1333 3349 bae
1352 3286 1554 3351 conclusione
1578 3288 1699 3351 oblivio

385 3392 496 3448 nostra
522 3390 673 3443 tentatur.
724 3378 826 3459 Supra
852 3376 932 3439 enirn
964 3376 1101 3459 positum
1123 3390 1193 3441 esta
1233 3380 1450 3446 Verisimile
1483 3391 1534 3443 est
1561 3382 1605 3446 ob
1640 3380 1700 3445 illo

385 3486 563 3544 necatum
594 3472 646 3533 bic
666 3481 741 3552 post
762 3469 1026 3552 approbationem
1043 3470 1256 3555 longissimam
1283 3472 1514 3557 propositionis
1537 3494 1599 3537 non
1621 3488 1742 3543 oou-ttt

386 3567 508 3630 eludits
541 3562 756 3631 Verisimile
782 3574 831 3624 est
852 3560 963 3644 igitur
982 3563 1026 3627 ob
1046 3561 1107 3627 illo
1128 3576 1306 3641 ueratrum,
1331 3568 1417 3649 quod
1435 3566 1606 3647 probabile
1629 3578 1698 3639 esta

385 3662 461 3725 seda
498 3660 562 3725 Illa
588 3656 699 3740 igiter
723 3655 865 3726 oeeirlitr
895 3656 982 3738 quod
1011 3657 1217 3722 necessarium
1244 3669 1292 3722 est
1317 3661 1467 3742 qsrodque
1498 3679 1515 3722 a
1541 3656 1701 3739 probabili

384 3750 609 3837 propositione
630 3748 786 3814 dissentit.
829 3749 943 3832 Itaque
957 3747 1125 3831 diligenter
1140 3751 1289 3814 debemus
1312 3755 1490 3827 attendere,
1515 3762 1549 3817 ut
1571 3751 1700 3814 ronclu·

384 3845 507 3909 sionem
530 3839 707 3905 adversarii
727 3850 782 3905 sut
809 3840 1011 3924 ambiguitate
1035 3841 1267 3922 propositionis
1287 3855 1527 3907 convertamus:
1552 3854 1605 3905 aut
1627 3842 1700 3926 quia

385 3934 600 4011 meminimus,
637 3934 715 4018 quid
741 3932 772 3997 in
800 3931 1022 4017 propositione
1036 3932 1093 4009 ‚sit
1120 3934 1276 4017 posituro,
1314 3939 1441 4000 eandem
1465 3934 1699 4003 conclusionem
1710 3950 1742 4004 tt

384 4030 498 4095 falsane
521 4047 591 4091 esse
612 4028 793 4091 decessoris.

470 4124 591 4205 Ipsum
619 4131 736 4184 omem
769 4139 880 4203 genus
908 4118 1222 4202 orgrementate'onis
1250 4120 1410 4187 uitiosum
1436 4121 1490 4185 lu's
1515 4122 1557 4183 de
1585 4120 1700 4187 causis

385 4215 605 4289 ostendetur,
638 4212 671 4275 si
700 4224 762 4276 out
791 4212 869 4295 cet.]
912 4213 1042 4275 'l'ertius
1077 4212 1335 4294 reprehensionis
1367 4216 1477 4278 modus
1500 4224 1564 4288 est,
1603 4233 1699 4299 quruu

386 4307 491 4391 ipsum
523 4324 624 4388 gensis
652 4302 932 4390 argumentationis
960 4304 1106 4369 vitiosum
1134 4326 1203 4369 esse
1232 4317 1438 4373 monstratur.
1487 4308 1609 4371 Verum
1638 4308 1700 4371 hor

385 4412 495 4463 tenen
517 4399 684 4473 debemus,
723 4399 810 4482 quod
830 4409 969 4479 sumpto
989 4398 1056 4462 sola
1079 4400 1160 4461 ouda
1179 4408 1210 4461 et
1232 4399 1423 4483 generaliter
1440 4400 1576 4480 patentis
1599 4398 1699 4463 modis
1711 4405 1742 4459 to

385 4494 451 4558 suis
479 4492 765 4573 reprehenduntur.
824 4492 934 4557 Gentes
969 4501 1072 4557 eruent
1110 4491 1392 4575 argrrmentatiouis
1425 4492 1456 4555 iu
1489 4513 1582 4555 carna
1611 4503 1642 4555 et
1667 4492 1699 4557 io

385 4583 493 4667 specie
523 4584 661 4666 positum
687 4584 889 4647 considerare
920 4584 1092 4649 debemus:
1131 4588 1227 4667 quod·
1244 4584 1368 4669 quidem
1399 4586 1545 4674 sumptis
1572 4584 1638 4651 suis
1667 4596 1699 4647 et

383 4680 491 4744 forma
511 4678 674 4756 dictionis,
707 4690 856 4763 quantum
879 4676 910 4741 iu
932 4698 966 4740 se
988 4688 1056 4753 est,
1089 4678 1246 4763 integrum
1268 4690 1333 4742 est:
1356 4682 1411 4743 sed
1437 4702 1531 4764 quum
1554 4678 1584 4743 in
1606 4698 1700 4743 causa

385 4772 544 4855 positum,
568 4770 644 4857 quid
661 4776 817 4852 ‘operetur
838 4771 1042 4846 attendimus,
1066 4782 1142 4835 tuno
1161 4771 1193 4838 in
1214 4792 1252 4837 eo
1269 4772 1342 4837 vitia
1357 4793 1525 4857 possurnus
1544 4772 1699 4838 invenire·

459 5014 488 5065 2.
509 5010 569 5078 qus]
588 5002 640 5062 ed.
659 5006 723 5062 Bas.
743 5034 779 5049 -
797 5009 859 5074 quir
876 5002 944 5062 ndo.
965 5006 1018 5060 Os.

458 5087 487 5142 o.
509 5081 547 5133 ab
566 5086 603 5131 tls
620 5084 708 5147 esses]
730 5079 798 5132 eod.
818 5082 879 5133 nse.
899 5108 936 5122 -
952 5086 1032 5132 visits
1050 5079 1086 5131 ab
1104 5080 1149 5135 ists
1169 5078 1238 5134 Edd.
1259 5080 1311 5136 Oa.

459 5165 509 5221 tt.
525 5154 662 5227 indiserte
676 5157 820 5229 peremne]
842 5151 908 5213 coo.
929 5160 992 5215 das.
1014 5158 1077 5215 sse.
1096 5178 1133 5213 .-.
1149 5174 1208 5233 pse.
1228 5156 1286 5217 ted.
1306 5157 1378 5217 Ceti.
1397 5156 1449 5217 Os.
