4434 5959
529 582 592 647 ⁹84
1068 580 1304 655 uouemus

529 718 591 785 lam
610 720 641 786 iu
662 718 846 805 quaestione
866 719 1046 807 linquerent
1071 719 1315 788 dubitationem.
1373 720 1438 785 Sed
1458 720 1607 805 quoniam
1628 724 1667 787 de
1689 720 1770 806 ipsis
1793 724 1853 786 ad·

527 816 593 885 hnc
620 814 651 879 in
680 814 865 899 quaestione
894 816 1073 892 dubitatur,
1112 838 1152 879 an
1180 836 1292 880 eorum
1320 814 1423 897 possit
1450 836 1519 879 csse
1547 828 1615 879 rata
1638 816 1849 879 coniunctior

528 908 591 991 ipsi
621 908 746 993 quidem
769 928 871 993 neque
892 930 951 991 per
973 930 1008 973 se
1030 920 1216 994 argssmenta
1238 929 1307 974 esse
1328 928 1388 972 nee
1408 929 1468 991 ρει·
1490 929 1524 972 se
1546 919 1731 994 argumenta
1751 930 1851 989 prae·

529 1012 615 1066 stare
636 1012 805 1083 poterunta
842 1022 878 1065 ea
901 1021 999 1079 vero,
1033 1024 1116 1087 quae
1145 1002 1177 1064 in
1206 1000 1283 1083 ipsis
1313 1001 1418 1065 insunt
1439 1002 1492 1065 vel
1519 1000 1718 1067 extrinsecus
1743 1002 1870 1083 posita‘

505 1105 621 1169 esunt,
658 1105 917 1179 argumentorum
955 1095 1080 1177 copiam
1110 1095 1362 1161 subministrant.
1419 1097 1501 1159 Nam
1535 1099 1624 1180 quod
1658 1095 1855 1163 Victorinus

531 1187 656 1273 quaerit
684 1199 716 1251 et
747 1188 839 1252 latius
869 1187 1027 1270 explieat,
1065 1210 1105 1253 ne
1130 1185 1437 1253 ¹commemoratione
1466 1186 1591 1272 quidem
1620 1187 1695 1251 mihi
1716 1189 1852 1275 dignum

531 1281 670 1345 videtur.
714 1280 848 1362 Quaerit
864 1280 966 1357 enim,
990 1281 1135 1364 quaestio
1149 1280 1236 1363 ipsa,
1260 1284 1299 1344 de
1314 1303 1379 1364 qno
1394 1280 1520 1365 agitur,
1545 1303 1583 1344 an
1599 1283 1713 1346 habeat
1727 1283 1850 1357 locum,

530 1378 618 1460 qnod
640 1374 765 1439 minime
787 1375 944 1457 oportuit.
988 1376 1135 1441 etenim
1158 1374 1275 1438 dictum
1297 1386 1360 1450 est,
1392 1375 1501 1451 locus,
1525 1376 1651 1457 dequo
1673 1398 1758 1439 nunc
1778 1376 1853 1459 agi·

446 1478 478 1509 ‘'
530 1492 617 1545 mus,
648 1490 712 1532 non
742 1468 908 1533 cuiuslibet
936 1469 984 1533 rei
1005 1470 1096 1533 loeus
1118 1479 1184 1545 est,
1218 1471 1276 1531 sed
1296 1468 1493 1550 argumenti,
1525 1480 1744 1552 argumentum
1769 1489 1851 1531 vcro

489 1568 615 1627 tutatio
635 1562 686 1626 rei
706 1562 820 1627 desdiae
841 1563 960 1626 iaciens
982 1565 1093 1638 fldem3
1116 1583 1168 1625 res
1190 1583 1269 1626 uero
1292 1560 1386 1625 dubia
1407 1583 1482 1643 pars
1498 1561 1706 1647 quaestionis.
1751 1563 1853 1641 Quod

529 1655 558 1719 si
579 1668 798 1741 argumentum
831 1654 975 1739 quaestio
1004 1656 1055 1719 vel
1083 1676 1158 1736 pars
1187 1655 1381 1739 quaestionis
1411 1677 1481 1719 esse
1509 1677 1572 1721 uon
1601 1665 1726 1737 potest;
1756 1654 1851 1719 locus

529 1769 627 1822 vero,
651 1751 690 1812 de
713 1770 777 1832 quo
796 1750 940 1833 agimus,
965 1748 1143 1833 argumenti
1157 1759 1207 1813 est
1221 1751 1330 1812 locus:
1353 1770 1416 1814 non
1432 1760 1481 1813 est
1492 1748 1639 1821 dubium,
1662 1747 1739 1832 quin
1754 1748 1848 1811 loeus

532 1840 726 1925 quaestionis
749 1862 817 1905 esse
846 1862 911 1905 nou
933 1842 1047 1923 possit.
1099 1842 1248 1923 Amplius
1270 1842 1372 1906 omnis
1394 1842 1537 1928 quaestio
1567 1842 1747 1905 dubitabilis
1780 1854 1851 1917 est,

532 1946 754 2020 argumentum
778 1955 856 1998 vero
879 1934 1187 2021 umneqmestionis
1208 1946 1325 2017 purgat
1346 1936 1539 2021 ambignum.
1583 1937 1659 1999 Non
1684 1947 1733 1997 est
1750 1934 1850 2019 igitur

490 2027 613 2094 ttidem
647 2039 867 2110 argumentum
898 2032 985 2112 quod
1012 2030 1180 2112 quaestio,
1217 2033 1272 2093 sed
1302 2030 1364 2093 loci
1385 2039 1645 2115 argumentorum
1665 2040 1740 2091 sunt
1761 2027 1852 2101 locis

532 2142 597 2186 non
620 2131 693 2185 sunt
714 2121 812 2205 igitur
834 2122 1036 2206 quaestionis.
1081 2125 1158 2188 Hoc
1179 2123 1278 2207 igitur
1299 2124 1474 2206 praemisso
1496 2122 1710 2207 intelligamus
1731 2122 1850 2203 ipsum,

530 2217 658 2297 dequo
687 2215 812 2298 agitur,
851 2216 1022 2299 quemlibet
1051 2217 1216 2280 terminum
1246 2215 1278 2279 in
1307 2216 1492 2301 quaestione
1518 2216 1741 2299 propositum,
1778 2215 1850 2279 siae

532 2308 766 2391 praedicatum,
790 2308 858 2373 sive
880 2308 1074 2373 stubiectum:
1104 2309 1185 2394 qui,
1209 2332 1305 2393 quum
1327 2330 1386 2391 per
1407 2330 1442 2373 se
1464 2330 1515 2373 res
1536 2311 1616 2385 sint,
1639 2308 1700 2390 ipsi
1722 2308 1853 2392 qnldem

533 2413 752 2485 argumentum
774 2422 926 2465 essenon
951 2415 1103 2485 possunt,
1128 2405 1245 2466 habere
1266 2414 1370 2467 euntem
1400 2401 1432 2465 in
1463 2423 1497 2467 se
1524 2408 1676 2488 quaedam
1699 2413 1849 2483 possunt,

489 2494 562 2557 eoin
586 2494 700 2575 quibus
722 2506 905 2580 argttmenta
928 2495 989 2558 siut
1010 2496 1185 2571 collocata,
1216 2509 1248 2561 et
1269 2517 1351 2579 quae
1371 2498 1466 2560 sedes
1492 2501 1755 2581 argumentorum
1777 2517 1849 2559 csse

531 2588 758 2671 intelligantur.
817 2587 907 2668 Quae
929 2589 1052 2671 quidem
1076 2611 1172 2671 quum
1194 2590 1336 2654 terminis
1356 2592 1416 2665 iis,
1447 2594 1485 2655 de
1507 2592 1622 2675 quibus
1644 2590 1770 2671 agitur,
1802 2589 1850 2652 in-

530 2681 664 2745 haerere
690 2680 874 2757 videantur,
895 2684 1033 2747 nondum
1048 2693 1150 2744 tamen
1166 2695 1237 2746 stant
1252 2696 1457 2767 argumenta,
1479 2687 1536 2747 sed
1558 2684 1646 2768 quasi
1667 2684 1728 2747 iam
1750 2705 1850 2767 argn-

532 2786 636 2839 menta
667 2775 913 2856 complectentes
945 2774 1010 2839 loci
1040 2786 1071 2837 et
1101 2777 1189 2838 velut
1216 2778 1349 2839 naturali
1377 2780 1452 2842 sede
1474 2780 1655 2843 condentes.
1697 2777 1788 2841 ldem
1809 2777 1849 2839 de

530 2866 569 2930 iis
590 2867 689 2944 locis,
713 2868 767 2952 qui
789 2868 986 2931 extrinsecus
1008 2882 1226 2945 assumuntur,
1251 2871 1415 2934 dicendum
1437 2884 1504 2945 est;
1527 2872 1586 2955 ipsi
1601 2891 1735 2952 namque
1750 2866 1850 2950 positi

487 2970 603 3025 assunt
624 2961 763 3025 exterius
791 2974 823 3025 et
851 2965 1084 3047 quodammodo
1116 2984 1133 3025 a
1169 2963 1423 3044 propositionum
1453 2963 1595 3028 terminis
1623 2962 1783 3046 ablegati,
1818 2972 1851 3023 et

528 3073 582 3117 res
604 3056 755 3139 quaedam
778 3067 867 3132 sunt,
891 3057 947 3119 sed
968 3056 1051 3118 intra
1073 3076 1107 3119 se
1123 3067 1382 3139 argumentorum
1399 3057 1522 3139 copiam
1545 3058 1715 3119 claudunt:
1740 3067 1847 3137 atque,

529 3157 565 3210 ut
586 3148 680 3211 brevi
701 3150 853 3213 sententia
875 3150 1041 3235 colligam,
1066 3150 1191 3230 ipsum,
1216 3150 1254 3211 de
1277 3172 1342 3234 quo
1366 3150 1488 3235 agitur,
1513 3150 1590 3213 nihil
1610 3162 1658 3213 est
1680 3148 1768 3213 aliud
1790 3146 1849 3210 nisi

530 3239 664 3324 quilibet
692 3241 722 3305 in
753 3242 936 3327 quaestione
966 3242 1118 3306 terminus
1151 3244 1337 3307 collocatus.
1391 3244 1436 3308 Hi
1464 3256 1650 3328 argumenta
1679 3263 1751 3307 esse
1784 3262 1849 3305 non

529 3347 685 3414 possunt,
710 3356 812 3419 neque
834 3338 873 3399 ab
897 3336 944 3399 bis
966 3337 1048 3400 trahi
1070 3337 1199 3419 aliquod
1220 3350 1452 3420 argumentum.
1498 3340 1571 3418 Quo
1586 3339 1640 3414 iit,
1665 3348 1700 3401 ut
1720 3334 1850 3399 termini

487 3424 698 3519 stipem-qui
720 3428 751 3491 in
773 3430 958 3513 quaestione
980 3443 1052 3495 stunt
1074 3431 1190 3513 positi,
1228 3453 1288 3495 nee
1309 3444 1496 3515 argumenta
1517 3454 1576 3495 nec
1597 3433 1661 3495 loci
1682 3429 1767 3506 sint,
1792 3431 1848 3491 sed

530 3528 650 3582 tantum
673 3542 738 3586 res.
789 3525 911 3587 llursus
935 3544 995 3598 ea,
1031 3545 1112 3609 quae
1134 3524 1165 3587 in
1187 3525 1225 3588 iis
1247 3528 1395 3600 haerent,
1431 3529 1469 3588 de
1492 3526 1607 3611 quibus
1629 3524 1756 3607 agitur,
1780 3522 1847 3603 ipsa

530 3612 656 3695 quidem
677 3636 730 3679 res
752 3636 822 3679 esse
845 3617 1038 3681 manifestum
1061 3630 1127 3694 est,
1152 3621 1208 3682 sed
1230 3619 1376 3681 claudunt
1397 3618 1428 3682 iu
1450 3642 1485 3683 se
1506 3630 1769 3703 argumentorum
1790 3636 1849 3679 co·

530 3705 633 3787 piam:
667 3718 719 3783 ut,
751 3731 846 3794 quum
870 3732 911 3773 ex
933 3710 981 3774 his
1003 3710 1085 3775 ssimi
1107 3710 1236 3795 aliquod
1258 3724 1407 3792 oporteat
1427 3725 1666 3797 argumentum,
1701 3710 1849 3775 locorum

532 3798 601 3863 vice
622 3802 806 3884 inungantur.
851 3805 965 3888 ltaque
987 3804 1014 3867 si
1036 3806 1104 3887 quis
1126 3824 1186 3886 ρει·
1207 3826 1242 3867 se
1263 3824 1299 3867 ea
1320 3807 1522 3887 speculetur,
1545 3828 1596 3870 res
1618 3817 1710 3877 sunta
1733 3804 1849 3888 siquis

487 3898 572 3961 asab
593 3894 631 3959 iis
660 3897 789 3981 aliquod
812 3910 1028 3983 argumentum
1052 3908 1185 3983 quaerat
1206 3900 1381 3971 adducere,
1418 3900 1482 3962 luci
1504 3899 1595 3961 liunt.
1640 3900 1683 3963 Et
1705 3920 1849 3963 eommu-

532 3989 612 4053 niter
645 3990 770 4073 quidem
802 3993 842 4055 de
870 3990 1098 4074 principalibus
1127 4012 1164 4053 ac
1193 3992 1334 4053 maximis
1366 3992 1447 4056 locis
1481 3994 1559 4055 haec
1582 3991 1761 4055 dictasint.
1805 3990 1849 4053 Hi

531 4104 611 4148 vero
634 4094 724 4157 snm,
749 4084 802 4169 qui
825 4085 856 4149 in
877 4085 974 4167 ipsis,
1003 4088 1042 4147 de
1064 4084 1178 4167 quibus
1200 4086 1327 4165 agitur,
1358 4087 1507 4160 haerent,
1533 4086 1583 4149 ael
1607 4084 1663 4169 qui
1683 4105 1848 4148 assumun-

529 4188 581 4239 tur
603 4176 813 4242 extrinsecus.
868 4180 914 4245 Ut
944 4176 1044 4263 igitur
1072 4178 1168 4241 laniat
1197 4180 1320 4260 plenam
1350 4178 1495 4243 locorum
1521 4179 1726 4253 divisionem,
1765 4198 1847 4261 quos

529 4269 713 4351 simpliciter
734 4293 772 4335 ac
794 4272 946 4337 maximos
968 4272 1077 4355 posuit
1099 4271 1206 4345 locos,
1241 4274 1368 4336 cosdem
1392 4272 1479 4335 veluit
1501 4270 1531 4334 in
1554 4273 1702 4356 quasdam
1724 4269 1847 4354 species

486 4372 668 4439 toreserat,
697 4366 833 4429 dicens:
867 4370 909 4432 Iu
934 4366 1010 4449 ipso
1030 4378 1104 4431 tum
1126 4388 1173 4429 ex
1193 4377 1286 4440 toto,
1309 4377 1383 4429 tum
1403 4389 1451 4428 ex
1469 4366 1629 4448 portibus
1647 4364 1740 4438 eius,
1773 4378 1847 4429 tunt

528 4477 575 4517 ex
594 4468 697 4519 nota:
719 4469 792 4521 tum
813 4481 859 4521 ex
877 4459 921 4522 iis
944 4459 1056 4534 rebus,
1079 4480 1167 4543 quae
1183 4460 1434 4543 quodammodo
1459 4458 1608 4547 effectae
1628 4470 1710 4521 swtt
1724 4460 1774 4521 ad
1790 4459 1844 4531 id,

528 4548 570 4615 ds
592 4572 660 4632 queo
677 4551 887 4634 quaerimus.
932 4554 1116 4627 Locorum,
1141 4554 1193 4636 qui
1216 4553 1333 4634 inipso
1355 4565 1446 4625 stunt,
1471 4556 1509 4615 de
1532 4575 1598 4637 quo
1619 4554 1745 4636 agitur,
1769 4576 1847 4618 con·

455 4672 459 4683 =
528 4640 647 4732 stituti,
673 4654 826 4727 quattuor
848 4644 983 4727 partiusu
1005 4646 1088 4709 laeta
1112 4647 1227 4711 divisio
1244 4658 1304 4711 est.
1349 4648 1378 4712 li
1400 4646 1538 4732 quippe,
1562 4646 1669 4731 quiin
1691 4646 1785 4729 ipso,
1808 4650 1847 4709 de

529 4755 595 4816 quo
618 4736 742 4818 agitur,
774 4740 922 4815 haerent,
962 4740 1011 4803 uel
1033 4762 1074 4803 ex
1095 4752 1166 4804 toto
1188 4762 1247 4815 eo,
1277 4742 1316 4803 de
1338 4762 1404 4825 quo
1426 4741 1549 4825 agitur,
1572 4740 1709 4804 termino
1735 4742 1847 4808 velex

476 4828 664 4912 'tepentium
697 4832 765 4895 eius
792 4833 1029 4911 enumeratione
1062 4836 1113 4897 vel
1147 4855 1188 4897 ex
1216 4846 1290 4898 nota
1323 4835 1372 4897 vel
1403 4856 1445 4897 ex
1473 4834 1596 4898 allectis
1628 4833 1848 4917 intelliguntur

602 5051 647 5105 25.
672 5046 873 5117 quodammodo
899 5067 980 5121 prop.
1009 5060 1090 5107 tarsu.
1119 5052 1236 5122 alligati
1261 5052 1339 5110 Eine.
1387 5056 1433 5113 57.
1459 5052 1499 5105 Hi
1516 5069 1586 5106 uero
1605 5060 1670 5105 mut
1689 5068 1748 5109 om.
1770 5051 1844 5105 Bina.

528 5120 573 5181 di.
593 5128 738 5195 quaeritur
760 5124 846 5183 Paris.
