4434 5959
549 612 611 674 99⁰
1080 622 1316 690 Bote'rttttts

547 753 622 814 tium
649 757 885 821 enumeratione
910 762 1055 825 deductis
1093 768 1149 827 Aa
1178 764 1228 841 ia,
1258 787 1356 850 quem
1386 788 1521 830 emnam
1535 766 1661 858 salsae
1683 769 1858 845 constitit,

546 848 632 911 tiber
652 850 709 911 sit.
748 855 802 925 Is,
839 875 938 936 quera
960 876 1095 920 seruum
1105 856 1232 947 suiese
1253 861 1425 935 constitit,
1449 862 1608 924 subiectus
1630 872 1676 924 est
1694 864 1860 943 terminus,

544 943 629 1003 liber·
663 965 740 1006 vero
771 947 983 1027 praedicatus.
1044 950 1198 1013 Neutrum
1226 951 1325 1035 igitur
1357 975 1467 1017 eorum
1493 953 1660 1030 terminum
1688 959 1729 1019 ad
1767 979 1862 1041 argas-

546 1046 681 1130 mentum
702 1042 818 1101 ducere
839 1041 1034 1121 poterimus:
1059 1045 1098 1106 de
1122 1045 1237 1128 qrsibus
1260 1047 1340 1109 enim
1364 1048 1543 1123 dubitatur,
1568 1049 1635 1130 ipsa
1660 1049 1754 1111 fldem
1774 1051 1862 1112 dubi·

519 1129 655 1191 5tationi
685 1131 791 1195 lacere
825 1155 889 1197 non
919 1149 1064 1216 possunt.
1125 1138 1228 1203 Video
1257 1140 1373 1224 igitur,
1398 1142 1473 1225 quid
1495 1142 1526 1203 in
1549 1142 1653 1204 altero
1676 1162 1788 1203 eorum
1810 1142 1861 1205 sit.

545 1225 701 1301 Quoniam
726 1248 803 1291 vero
833 1241 939 1309 partes
962 1252 1069 1294 omnes
1093 1231 1123 1294 in
1146 1253 1186 1294 eo
1208 1246 1298 1310 sunt,
1337 1233 1425 1296 euius
1448 1246 1554 1316 partes
1582 1245 1674 1308 ssent,
1698 1234 1862 1316 qsraniaar-

544 1339 604 1398 qaae
627 1318 755 1382 libertas
778 1324 847 1383 data
869 1324 969 1386 habet
990 1325 1142 1406 proprias
1164 1336 1291 1406 partes,
1326 1348 1417 1391 sermo
1448 1347 1500 1389 eas
1523 1339 1619 1410 atque
1641 1325 1809 1388 dinumero
1831 1337 1861 1389 et

541 1412 689 1494 requiro,
712 1433 751 1474 an
775 1415 835 1477 ulla
856 1437 963 1480 earum
978 1418 1114 1499 partitam
1128 1418 1272 1483 videatur
1286 1419 1388 1483 inesse
1405 1422 1570 1495 subiect03
1596 1421 1650 1482 sed
1668 1418 1752 1479 nulla
1768 1417 1859 1482 inest.

542 1505 739 1568 Concludam
753 1507 852 1591 igitur
864 1533 926 1575 non
940 1532 1009 1573 esse
1022 1511 1169 1575 liberum.
1202 1516 1293 1579 Unde
1305 1514 1497 1577 manifestius
1516 1517 1773 1586 demonstratur,
1798 1533 1860 1575 oon

486 1609 530 1655 so
541 1599 643 1661 solum
653 1602 740 1664 abeo
750 1603 898 1676 termino,
917 1605 972 1688 quai
984 1607 1147 1671 subiectus
1159 1617 1218 1685 est,
1234 1619 1415 1690 argumenta
1428 1607 1506 1670 sumi
1519 1626 1624 1687 posse,
1645 1625 1753 1667 versun
1767 1606 1859 1669 etiam

540 1694 643 1766 abeo,
665 1694 718 1775 qul
732 1706 779 1756 est
792 1699 1002 1776 praedicatus.
1033 1704 1114 1766 Nam
1129 1703 1217 1785 prius
1227 1703 1419 1782 eaesuplum,
1437 1722 1501 1782 qum
1514 1702 1767 1774 demonstrabat,
1783 1701 1858 1765 iuris

539 1786 640 1849 eirilis
650 1788 809 1850 seientiam
822 1813 889 1853 esse
903 1793 1028 1869 utilem,
1047 1796 1093 1859 ius
1105 1796 1218 1868 civile,
1236 1799 1321 1878 quod
1333 1797 1507 1857 subiectum
1521 1805 1608 1864 erat,
1628 1794 1786 1868 delinivit,
1800 1798 1858 1857 du-

539 1881 766 1963 etsrruqueinde
776 1896 992 1967 argumentum
1002 1888 1048 1950 rei
1062 1891 1174 1952 dubiae
1186 1888 1264 1951 feeit
1279 1889 1384 1952 fldem.
1409 1890 1472 1949 Hie
1486 1909 1564 1952 vero
1581 1886 1735 1949 libertatis
1750 1899 1857 1969 partes

539 1987 771 2050 enumerantur,
788 1978 840 2060 qrsi
854 1992 899 2039 est
910 1982 1058 2044 terruimus
1069 1985 1279 2064 praedicatus.
1305 1984 1363 2044 Est
1376 1981 1483 2065 igitur,
1501 1995 1535 2044 ut
1551 1980 1741 2057 dictumest,
1759 2004 1855 2066 queae-

497 2078 527 2123 tt
538 2066 623 2131 stio:
648 2072 720 2140 Aa,
733 2092 832 2152 quem
845 2093 977 2136 sernum
992 2098 1066 2137 esse
1077 2077 1286 2147 eonstiterit,
1303 2075 1387 2137 libes·
1402 2076 1462 2137 sit.
1487 2076 1656 2141 'l'erminus'
1672 2078 1698 2139 is
1714 2076 1854 2158 quidem,

537 2184 637 2242 quem
659 2184 793 2224 servum
820 2187 893 2228 esse
914 2169 1127 2245 eonstiterit,
1155 2171 1315 2232 subiectus
1338 2181 1405 2241 est,
1429 2169 1629 2249 praedicatus
1654 2180 1734 2233 vera
1756 2168 1855 2232 liber.

538 2257 576 2319 lu
599 2257 690 2337 ipso,
715 2256 832 2329 idest,
857 2260 886 2319 iu
908 2262 1108 2341 praedicato,
1135 2272 1242 2345 partes
1264 2274 1354 2333 ssmt,
1378 2281 1458 2345 quae
1481 2276 1727 2336 enumerantur;
1752 2283 1768 2324 a
1793 2282 1857 2345 qua

538 2349 773 2414 enumeratione
806 2355 877 2413 darm
910 2355 1045 2416 trabitur
1072 2368 1305 2439 argumentum,
1343 2355 1378 2416 fit
1407 2368 1625 2438 argumentum
1658 2354 1784 2436 inipso
1816 2378 1857 2417 en

536 2444 672 2524 partium
697 2446 946 2509 emuneratione.
1006 2448 1149 2510 Maxima
1179 2447 1378 2530 propositio:
1416 2446 1516 2511 Cuius
1545 2448 1681 2529 partium
1708 2448 1785 2511 nihil
1809 2448 1857 2512 rei

493 2537 723 2618 2⁰propositae
745 2540 927 2619 copulatum
951 2555 1016 2617 est,
1043 2542 1070 2604 ei
1092 2564 1132 2604 ne
1152 2553 1253 2605 totum
1277 2541 1400 2623 <pridem
1425 2561 1493 2603 esse
1515 2554 1622 2622 potest
1638 2544 1856 2606 coniunctum.

537 2632 600 2693 tttc
622 2632 746 2694 videtur
768 2654 836 2694 esse
859 2634 1082 2711 dubitandum,
1107 2657 1179 2697 rrum
1203 2634 1293 2696 locus
1316 2654 1333 2695 a
1356 2645 1426 2698 tato
1449 2645 1543 2716 atque
1567 2656 1583 2696 a
1606 2636 1750 2716 partibus
1770 2635 1855 2697 idem

535 2726 594 2799 sit,
620 2748 715 2808 quum
738 2746 848 2789 onmes
870 2741 976 2808 partes
999 2742 1098 2792 totum
1122 2728 1261 2805 saciant,
1293 2727 1588 2810 siconiungantur.
1633 2728 1695 2789 Sed
1717 2748 1855 2809 respon·
1890 2782 1893 2785 ,

535 2820 681 2883 debitur:
717 2819 821 2898 Quassus
844 2821 879 2883 lit
902 2836 1118 2906 argumentum
1143 2825 1182 2885 ab
1204 2821 1439 2885 enumeratione
1462 2821 1620 2901 partium,
1646 2834 1748 2884 totum
1770 2821 1855 2884 diri·

534 2916 636 2989 ditur,
661 2934 724 2977 non
747 2913 970 2997 coniungitur:
1009 2916 1178 2981 dividendo
1202 2917 1283 2978 enirn
1306 2913 1541 2998 argruuentatio
1564 2915 1723 2995 procedit.
1769 2918 1853 2978 Nam

491 3006 675 3094 ”quisquis
703 3018 823 3089 partem
855 3007 1022 3071 cuiuslibet
1051 3010 1242 3091 sumpserit,
1281 3030 1321 3072 eo
1344 3010 1432 3089 ipsa,
1464 3027 1529 3091 quo
1553 3021 1673 3089 partem
1696 3010 1852 3091 sumpsit,

532 3122 599 3165 rem
623 3099 748 3164 videtur
771 3122 840 3163 esse
862 3102 1011 3183 partitum
1047 3104 1101 3187 qm
1127 3125 1204 3166 vero
1227 3123 1294 3165 rem
1317 3101 1446 3175 dividit,
1472 3102 1603 3183 dissipat
1624 3102 1734 3183 potius
1755 3124 1852 3185 qnam

446 3192 449 3198 ’
533 3196 659 3261 eonlleit
682 3206 796 3259 totum.
856 3196 918 3258 Sed
946 3208 1066 3259 restare
1088 3198 1190 3257 adhue
1216 3195 1404 3277 aasabiguitas
1427 3206 1545 3274 potest.
1604 3196 1683 3257 llam
1708 3194 1852 3258 delinitio

532 3310 661 3373 qsaoque
689 3288 863 3353 involutam
896 3291 1029 3354 nominis
1056 3289 1320 3374 significationem
1349 3287 1487 3368 explieat
1515 3310 1574 3369 per
1596 3290 1751 3372 quandam
1774 3290 1852 3352 sub-

532 3383 720 3446 stantialium
757 3385 894 3465 partium
924 3386 1204 3447 enumerationem.
1259 3382 1468 3445 Eruuueratio
1494 3403 1571 3445 sero
1593 3385 1730 3465 partium
1752 3402 1853 3464 quae-

489 3480 520 3531 ³⁰
533 3479 601 3538 dam
624 3476 761 3557 ipsarum
785 3499 801 3538 a
823 3499 857 3539 se
879 3477 1015 3559 partium
1037 3477 1202 3558 dissipatio
1224 3488 1285 3539 est.
1330 3477 1393 3539 Sed
1415 3476 1498 3538 aliud
1520 3488 1565 3537 est
1589 3476 1635 3538 rei
1650 3485 1759 3557 partes
1772 3496 1854 3537 eorr-

531 3590 674 3644 merare‚
699 3569 781 3632 aliud
804 3569 1009 3634 definitionis.
1068 3572 1149 3633 Nam
1172 3570 1220 3633 rei
1242 3582 1348 3652 partes
1371 3589 1406 3631 ea
1432 3590 1484 3643 re,
1517 3569 1604 3631 cutm
1627 3579 1734 3650 partes
1756 3579 1850 3644 aum,

530 3685 657 3745 semper
678 3663 816 3726 ruinores
849 3676 945 3739 stant,
980 3675 1015 3726 ut
1047 3676 1142 3746 eaput
1176 3665 1227 3752 rel
1258 3666 1376 3727 thorax
1405 3662 1455 3724 rel
1486 3673 1591 3724 cetera
1615 3664 1752 3723 membra
1777 3671 1851 3724 toto

530 3755 676 3820 bomine:
711 3769 820 3837 partes
843 3778 922 3821 vero
945 3757 1134 3821 delinitionis
1157 3768 1225 3821 tota
1247 3779 1304 3834 re,
1342 3777 1425 3841 qnae
1447 3756 1617 3829 definitur,
1651 3755 1679 3818 si
1700 3757 1852 3817 substan-

529 3851 619 3913 tiales
656 3861 747 3925 serat,
786 3852 963 3932 probantur
991 3872 1061 3914 esse
1094 3851 1253 3916 maiores:
1291 3863 1326 3914 ut
1352 3850 1484 3915 animal
1510 3850 1636 3911 homine
1659 3848 1757 3911 maists
1782 3861 1852 3928 est3

486 3942 517 3992 ³⁵
528 3945 665 4028 itemque
687 3943 876 4019 rationale,
907 3947 1054 4008 mortale
1075 3947 1206 4011 eundem
1229 3945 1385 4009 hominem
1408 3946 1497 4006 velut
1519 3943 1636 4006 maiora
1660 3940 1849 4017 continent,

529 4050 560 4102 et
581 4049 653 4100 stant
675 4036 818 4119 singulae
839 4050 947 4119 partes
970 4037 1162 4100 delinitionis
1184 4038 1269 4112 eius,
1301 4058 1380 4121 quae
1402 4048 1472 4098 est:
1502 4037 1633 4098 animal
1653 4035 1846 4110 rationale,

528 4132 684 4193 marsala
730 4130 868 4192 Partitlo
891 4128 990 4212 igitur
1013 4130 1105 4192 sumit
1127 4142 1236 4212 partes
1257 4150 1311 4207 re,
1343 4151 1435 4212 quam
1458 4130 1614 4211 partitur,
1638 4151 1765 4211 semper
1789 4130 1849 4192 mi-

528 4245 635 4288 nores.
688 4225 779 4303 Quae
801 4245 881 4287 vero
905 4223 998 4286 sumit
1020 4224 1180 4298 definitio,
1216 4222 1407 4285 universalia
1429 4234 1502 4284 sunt
1524 4244 1582 4303 per
1603 4245 1637 4286 se
1661 4234 1794 4306 totaque
1816 4236 1851 4286 et

527 4316 720 4379 rontinentia
751 4316 889 4392 deliniti,
927 4318 1069 4401 quamvis
1098 4315 1201 4399 posita
1235 4318 1268 4379 in
1290 4315 1473 4379 delinitione
1495 4328 1603 4396 partes
1625 4315 1719 4391 liant,
1759 4328 1794 4378 ut
1816 4319 1849 4381 in

484 4411 582 4485 ⁴⁰iis,
620 4433 701 4495 quae
731 4411 876 4491 superius
905 4412 1048 4492 exenrpla
1081 4409 1258 4492 proposui,
1297 4407 1390 4471 l'aeile
1423 4408 1555 4492 intelligi
1577 4421 1695 4491 potest.
1754 4412 1850 4475 Unde

527 4504 723 4566 manifestum
745 4515 791 4566 est
814 4505 918 4567 locum
942 4526 958 4568 a
983 4515 1072 4580 toto,
1105 4504 1160 4588 qui
1182 4502 1373 4565 delinitionis
1395 4513 1462 4577 est,
1486 4514 1517 4564 et
1538 4502 1646 4567 laeum
1668 4525 1685 4566 a
1708 4508 1847 4587 partium

526 4598 761 4661 enuraseratione
783 4618 852 4660 esse
874 4597 1032 4661 diuersos.

609 4691 706 4773 (Cap.
731 4692 762 4754 2.
786 4697 817 4769 §.
842 4693 910 4771 10.)
955 4694 1045 4757 Tum
1067 4690 1201 4754 notatio
1222 4726 1263 4738 -—
1285 4725 1326 4737 -
1347 4712 1428 4753 aere
1449 4691 1577 4755 dando.

609 4783 738 4845 'l'ertius
759 4806 890 4859 eorum,
929 4785 1037 4868 quiin
1059 4783 1131 4866 ipso
1153 4796 1243 4858 ssent,
1278 4784 1369 4847 loeus
1393 4805 1409 4846 a
1435 4787 1596 4847 notatione
1618 4795 1666 4848 est
1687 4786 1846 4850 eonstitu-

481 4890 586 4942 tstus.
632 4877 767 4941 Notatio
798 4899 878 4941 vero
908 4892 956 4941 est
989 4880 1141 4962 quaedam
1175 4877 1308 4942 uonrinis
1341 4877 1583 4959 interpretatio;
1620 4899 1733 4943 nomen
1765 4901 1846 4944 vero

598 5095 625 5150 d.
645 5093 818 5165 tpsa1Elos.
842 5124 875 5136 —
892 5099 946 5167 ipat
965 5093 1034 5148 Edd.
1076 5101 1101 5152 7.
1121 5094 1191 5145 data
1211 5111 1267 5147 orn.
1289 5063 1365 5149 litas.
1385 5097 1430 5151 25.
1450 5097 1583 5165 sumpsit]
1596 5094 1674 5152 Elat.
1688 5123 1725 5137 -
1744 5113 1843 5165 ruam-

506 5176 592 5225 .mtt
611 5170 681 5226 Edd.
719 5179 766 5236 57.
786 5176 829 5240 re]
851 5174 898 5227 Sta
917 5176 1025 5244 sestpst.
1044 5168 1200 5241 legebatur
1219 5174 1270 5224 rat.
1640 5211 1643 5223 .
