4434 5959
955 581 1048 646 Lus.
1070 583 1101 648 1.
1640 579 1681 642 ld

373 731 481 786 tencre
496 720 668 796 debemus,
691 721 783 804 quod
802 719 835 784 in
856 721 1014 784 absoluta
1029 721 1193 806 qualitate
1214 723 1329 786 lectum
1348 721 1450 804 ipsum
1467 719 1579 784 iustum
1596 738 1682 782 esse·

374 819 490 880 rimas:
527 814 559 876 in
579 815 791 896 assumptiva
812 835 889 879 sero
912 815 1063 896 qualitate
1092 836 1156 880 non
1178 816 1295 880 lectum
1317 816 1450 890 iustum,
1480 817 1537 876 sed
1557 831 1680 874 causam

371 908 451 978 lecti
470 909 583 972 iustam
605 907 702 970 luisse
726 908 955 972 contendimus.
998 909 1111 990 Itaque
1132 909 1164 972 in
1185 911 1341 974 absoluta
1359 909 1522 993 qualitate
1542 903 1635 988 sequi
1651 913 1682 966 et

373 1001 454 1066 recti
491 1011 602 1063 nature
637 1000 812 1085 quaeritur.
874 1001 913 1064 ln
958 1003 1169 1082 assumptiva
1208 1024 1288 1067 sero
1326 1002 1457 1085 praemii
1497 1012 1529 1064 et
1559 1017 1681 1081 poenae

373 1096 456 1158 rada
489 1092 679 1179 quaeritur:
715 1115 797 1177 qum
832 1097 1043 1178 assumptiva
1081 1107 1230 1176 qniettuar
1272 1095 1350 1159 locis
1389 1094 1556 1166 dividitur-3
1601 1099 1705 1153 con-t

371 1190 539 1260 cessione,
576 1188 763 1252 remotione
799 1191 974 1267 criminis,
1011 1189 1176 1253 relatione
1207 1188 1378 1264 criminis,
1412 1184 1679 1269 comparatione·

373 1285 494 1347 Verum
516 1281 571 1342 bic
590 1290 744 1363 quattuor
764 1283 878 1348 borum
907 1287 1051 1350 locorum
1074 1281 1193 1346 Cicero
1215 1281 1354 1344 ordinem
1376 1279 1546 1344 convertit.
1599 1278 1681 1340 Nun

374 1387 596 1456 epcstrcmo,
619 1376 704 1454 quod
725 1375 776 1437 bic
791 1377 918 1458 posuit,
941 1389 1116 1440 retrorsum
1138 1394 1249 1436 versus
1264 1375 1351 1437 'ardo
1373 1384 1435 1436 est.
1479 1369 1604 1436 Etenim
1618 1368 1681 1430 vim

372 1469 567 1551 singularum
585 1466 801 1531 defensionum
820 1471 1020 1533 considerare
1042 1471 1204 1532 debemus.
1248 1467 1359 1531 Primo
1381 1468 1444 1530 bac
1464 1477 1512 1529 est
1529 1465 1681 1527 innocen·

372 1562 413 1622 tis
433 1559 591 1633 bominis,
614 1570 648 1620 nt
669 1559 768 1622 dicem
798 1583 868 1626 non
874 1561 970 1654 feci.
1012 1562 1154 1635 Deinde,
1166 1559 1267 1652 fed,-
1288 1561 1350 1624 sed
1370 1580 1437 1624 non
1457 1559 1506 1622 sic
1527 1567 1679 1622 vocatia.
1693 1564 1723 1614 to

374 1651 589 1742 Tertioseci,
605 1663 639 1714 et
652 1652 702 1715 sic
716 1665 877 1731 uocatur,
893 1658 955 1720 sed
967 1656 1143 1746 iurefeci.
1180 1656 1304 1720 Deinde
1318 1657 1381 1717 hoc
1391 1653 1491 1734 ipsum
1506 1646 1678 1739 iurefeci,

373 1759 428 1810 sut
445 1744 577 1809 licuisse
600 1745 661 1808 sibi
683 1747 809 1809 debebit
830 1753 1014 1813 ostendere:
1038 1769 1120 1833 quse
1142 1760 1190 1812 est
1210 1749 1358 1833 qualitas
1378 1748 1556 1811 absalme:
1580 1754 1632 1806 eut
1653 1740 1682 1804 si

373 1863 436 1904 non
458 1839 574 1912 licuit,
597 1839 696 1901 debet
714 1838 776 1902 sibi
804 1842 1000 1906 extrinsecus
1035 1863 1194 1905 assumere
1220 1841 1354 1924 aliquid,
1391 1860 1456 1924 qim
1483 1838 1516 1902 id
1545 1837 1679 1919 probet,
1757 1837 1765 1846 '

373 1936 460 2018 quod
480 1931 597 1994 iniuste
617 1930 735 1994 lemtim
751 1932 886 1998 ridetur.
929 1935 1102 1999 Videamus
1126 1955 1227 2010 nunc,
1251 1933 1389 2018 quaesit
1411 1935 1450 1996 de
1469 1929 1518 1994 his
1532 1940 1681 2015 quattuor

372 2024 661 2108 assumptionibus
688 2025 807 2090 fortior
836 2027 1038 2110 assumptio.
1091 2027 1204 2092 Primo
1233 2030 1326 2098 debet
1359 2027 1481 2102 dicere,
1499 2022 1601 2115 feci,·
1621 2019 1723 2085 sedet

369 2117 516 2204 profici:
537 2129 570 2180 et
592 2119 730 2198 prebere
744 2119 815 2200 plus
830 2141 865 2182 se
885 2120 1045 2200 proluisse
1067 2143 1159 2204 quma
1182 2119 1341 2196 abluisse,
1365 2140 1445 2204 quse
1466 2131 1514 2181 est
1533 2117 1681 2202 qualitas

374 2209 648 2293 compensativa,
673 2231 765 2292 quam
787 2211 858 2275 ideo
881 2211 997 2276 Cicero
1017 2213 1285 2295 comparationem
1309 2225 1420 2288 vacet,-
1449 2213 1535 2294 qnod
1552 2228 1681 2290 comps·

371 2317 462 2370 rcmr
482 2307 534 2380 id,
562 2305 649 2386 qnod
669 2303 700 2366 in
723 2304 839 2368 crimen
862 2318 1008 2382 vocetur,
1029 2308 1068 2369 ed
1089 2307 1130 2387 id,
1156 2326 1220 2390 quo
1249 2328 1284 2370 se
1305 2328 1378 2370 reus
1402 2304 1561 2388 profuitne
1586 2299 1679 2364 dicits

373 2419 456 2482 quse
475 2396 690 2479 comparatio
710 2418 836 2479 semper
851 2401 883 2462 in
909 2401 1020 2462 eadem
1045 2401 1133 2464 iacta
1164 2412 1225 2464 est.
1270 2402 1314 2465 Ut
1334 2411 1428 2481 puts:
1450 2397 1589 2483 quidam
1607 2415 1682 2458 mu·

373 2513 434 2557 ros
451 2491 601 2554 civitatis
621 2489 817 2573 dissipauit,
850 2494 963 2556 hostes
973 2490 1174 2583 fugerunt3
1202 2515 1282 2557 reus
1294 2491 1348 2571 fic
1367 2495 1480 2558 laesae
1502 2491 1553 2555 rei
1570 2486 1723 2572 publi-tt

372 2605 447 2647 cae.
489 2584 529 2647 In
556 2585 671 2664 eodem
699 2595 747 2646 est
771 2585 996 2667 comparatio.
1047 2588 1127 2649 Nem
1148 2589 1234 2670 quad
1262 2608 1372 2652 muros
1391 2585 1521 2659 deiecit,
1555 2583 1684 2668 ridetur¹

373 2678 502 2740 laesisse
522 2697 591 2739 rem
611 2677 790 2758 publicem:
826 2679 951 2761 etquis
974 2701 1082 2743 muros
1104 2681 1234 2756 deiecit,
1269 2683 1376 2744 hostes
1393 2680 1562 2764 sugerunt,
1591 2675 1680 2738 vide·

373 2782 427 2833 tur
445 2769 608 2851 proluisse
629 2769 678 2831 rei
699 2769 857 2850 publicae.
914 2774 1007 2857 Ergo
1024 2774 1088 2837 boc
1108 2773 1244 2855 primum
1267 2776 1360 2837 debet
1381 2791 1557 2846 assumere,
1588 2769 1681 2843 reci,-

371 2862 435 2926 sed
451 2859 609 2952 prqfieit.
651 2862 774 2926 Deinde
805 2865 900 2928 debet
930 2864 1053 2943 dicere,
1076 2867 1152 2930 Feci
1173 2866 1331 2950 quideme
1350 2866 1412 2930 sed
1435 2875 1472 2927 ut
1492 2865 1555 2926 lrac
1571 2859 1680 2952 sace-

375 2977 465 3028 rem,
487 2965 570 3017 ante
586 2967 794 3037 prouocatus
814 2978 912 3030 eamr
931 2958 963 3020 id
983 2970 1052 3033 cst,
1063 2956 1166 3050 feci,·
1188 2959 1249 3022 sed
1270 2959 1408 3030 meruit,
1450 2956 1540 3036 Quae
1559 2966 1606 3018 est
1625 2976 1679 3018 re·
1690 2971 1721 3020 tt

372 3047 458 3111 latia
478 3045 629 3110 criminis.
686 3047 799 3113 Tertio
821 3050 914 3113 debet
935 3052 1057 3129 dicere,
1092 3053 1185 3124 Feci,-
1211 3052 1272 3115 sed
1295 3055 1385 3115 alter·
1409 3071 1462 3113 me
1484 3048 1618 3131 impulit
1641 3058 1681 3110 ut

362 3138 542 3231 facerem.
586 3140 676 3220 Quae
698 3151 746 3203 est
766 3144 913 3206 remotio
932 3145 1083 3208 criminis.
1126 3147 1296 3210 Postrema
1314 3144 1340 3208 si
1361 3145 1440 3208 baec
1461 3152 1571 3204 cuncte
1592 3138 1681 3202 dele·

374 3233 495 3308 serim,
531 3232 651 3308 idest,
687 3232 715 3294 si
736 3245 770 3295 ut
792 3235 855 3299 bac
885 3237 1024 3316 laceret,
1060 3259 1121 3302 nec
1146 3238 1270 3319 proluit
1297 3259 1356 3302 nec
1381 3236 1525 3300 iniuriam
1546 3231 1683 3298 reddidit

372 3347 476 3412 neque
497 3328 538 3388 sb
557 3324 619 3389 elio
638 3328 821 3410 compulsus
843 3341 911 3404 est;
934 3333 1081 3415 quonism
1102 3331 1179 3394 nibil
1199 3342 1266 3408 est,
1296 3352 1363 3417 quo
1381 3352 1416 3394 se
1438 3331 1601 3403 defendat,
1625 3327 1680 3388 de·

266 3494 267 3497 Ἴ
372 3419 462 3482 bebit
477 3419 596 3482 tamum
616 3418 731 3496 lateri,
753 3423 811 3484 sed
832 3423 952 3487 reniam
971 3425 1151 3507 postulare,
1174 3446 1257 3510 quse
1281 3438 1328 3488 est
1349 3424 1496 3510 qualitas
1517 3419 1722 3495 venialis,tt

372 3533 465 3598 quem
485 3511 737 3576 comessionem
759 3511 877 3580 Cicera
898 3517 1040 3582 vacarit.
1083 3519 1179 3582 Hisne
1199 3539 1280 3604 ergo
1303 3517 1444 3584 ordinem
1472 3513 1589 3582 Cicero
1617 3514 1681 3576 boc

370 3604 447 3670 loca
465 3603 643 3681 convertit,
674 3627 766 3688 quem
787 3607 819 3671 in
840 3610 1072 3691 posterioribus
1095 3623 1215 3675 serrat.
1266 3614 1377 3695 Itaque
1404 3609 1576 3674 concessio
1603 3610 1680 3669 dnss

371 3709 478 3779 partes
502 3699 617 3772 babet,
652 3700 897 3783 purgationem
924 3714 957 3768 et
984 3703 1266 3787 deprecationem.
1327 3707 1365 3768 In
1390 3703 1598 3787 purgatione
1619 3699 1679 3762 trie

369 3801 463 3854 sante
485 3789 714 3871 imprudentis,
738 3813 847 3869 cesus,
870 3796 1052 3861 necessitas.
1086 3800 1122 3861 Si
1141 3799 1221 3862 baec
1242 3820 1305 3863 uon
1327 3799 1462 3873 inierint,
1487 3793 1681 3878 deprecatio

372 3893 437 3945 ests
465 3885 523 3946 sed
548 3883 628 3947 laec
654 3894 708 3947 sut
735 3888 819 3969 apud
846 3887 1072 3971 imperatorem
1105 3905 1158 3954 sut
1190 3894 1273 3974 apud
1301 3891 1466 3974 populum.
1509 3889 1620 3968 ltaque
1648 3885 1721 3948 ints

369 3977 581 4058 prugatione
608 3976 724 4041 sectum
754 3981 955 4061 conceditur,
992 3985 1049 4072 sed
1076 3983 1220 4049 incientis
1242 3984 1361 4048 animus
1383 3992 1562 4046 excusetur.
1605 3979 1682 4042 Hoc

374 4081 436 4144 cst,
461 4073 551 4152 qnod
569 4061 633 4136 ‘aits
654 4075 769 4154 Quum
778 4072 926 4166 factum
946 4074 1163 4154 conceditur,
1195 4079 1297 4160 culpa
1317 4085 1520 4139 removetur.
1563 4071 1603 4135 ln
1623 4069 1681 4134 de·

370 4163 570 4245 precatione
590 4183 670 4228 vero
693 4177 725 4228 et
746 4166 863 4230 lactum
886 4179 919 4231 et
945 4167 1038 4250 culpa
1066 4169 1269 4245 conceditur,
1299 4169 1355 4232 sed
1380 4177 1483 4229 lernen
1508 4163 1600 4228 venis
1626 4165 1681 4226 de·

372 4267 535 4337 precetur.
578 4256 655 4322 Hoc
675 4269 739 4333 est,
764 4261 850 4342 quod
870 4259 932 4324 eit:
964 4261 1171 4343 Deprecatio
1192 4273 1260 4338 est,
1292 4279 1397 4345 quum
1417 4270 1451 4322 et
1468 4277 1628 4342 peccasse
1648 4267 1681 4318 et

372 4351 527 4412 eonsrtlto
546 4369 705 4432 peccasse
723 4373 804 4416 reus
818 4373 854 4416 se
873 4353 1082 4431 confitetur,
1104 4365 1140 4416 et
1160 4365 1292 4430 tamen,
1323 4363 1361 4416 ut
1378 4351 1596 4434 ignoscatur,
1616 4367 1680 4431 po·
1692 4363 1724 4414 tt

449 4525 495 4578 10.
513 4536 571 4572 non
580 4518 659 4592 secr]
680 4525 736 4592 Qui
755 4531 850 4576 status
867 4539 909 4577 est
928 4525 1131 4580 coniecturalis.
1151 4526 1232 4579 Cere.

447 4593 520 4648 lbid.
540 4594 592 4645 sed
607 4601 722 4648 nansic
740 4602 869 4666 vcemur]
890 4601 924 4653 Et
943 4607 1039 4652 status
1057 4615 1099 4654 ett
1118 4597 1290 4672 definitivus.
1310 4598 1390 4652 Cere.

447 4673 494 4727 11.
512 4668 564 4721 sed
579 4674 640 4722 ture
650 4669 728 4740 sect]
748 4674 803 4740 Qal
823 4680 918 4724 status
935 4673 1040 4728 dicitnr
1058 4675 1206 4747 qualitatis
1223 4672 1374 4728 abendune.
1393 4671 1479 4728 Gerr.

372 4749 688 4886 ψὲΐεενίωιαυ
705 4763 845 4800 assumere
861 4747 982 4820 aliquid]
1002 4749 1059 4819 Qui
1077 4757 1170 4802 status
1188 4747 1252 4804 ideo
1270 4762 1383 4804 vocem
1400 4751 1547 4819 qualitatis
1568 4755 1682 4797 auum-

470 4857 479 4873 .
523 4835 586 4872 err.

449 4891 519 4948 tbtd.
538 4892 570 4944 u
582 4893 696 4963 prabet]
724 4893 981 4952 etcaduca·
999 4895 1044 4952 lte
1064 4897 1166 4971 probet
1183 4896 1254 4956 Edd.
1274 4897 1363 4954 Mos:
1392 4894 1505 4970 profuit
1531 4895 1582 4952 cd.
1601 4897 1681 4963 Bm

378 4962 426 5018 ted
443 4966 514 5022 inire
528 4966 640 5037 profici.
658 4969 714 5023 Οι.
1646 4965 1654 4982 ’

450 5049 494 5104 td.
513 5044 577 5114 quo]
598 5042 713 5096 Αιοοιιι.
732 5069 767 5086 -
786 5041 860 5114 quod
877 5043 950 5100 cett.
963 5044 1018 5104 Os.

447 5121 493 5178 δι.
513 5118 607 5185 Hunc]
627 5116 692 5176 beo.
710 5143 750 5160 —
767 5116 812 5172 lete
831 5121 903 5175 cest.
923 5120 979 5177 Os.
