4434 5959
541 594 602 655 tro
1043 594 1330 660 VICTORINUS

539 734 707 808 doceatur3
728 733 844 816 fietque
865 733 1027 819 utriusque
1049 733 1235 799 definitionis
1257 732 1347 797 etiam
1370 754 1387 795 a
1410 732 1574 797 defensore
1589 731 1731 797 similiter
1750 755 1840 797 com·

539 825 677 907 paratio.
720 826 833 891 Omnia
853 828 933 890 enim
956 828 1103 892 defensor
1123 827 1228 889 tacere
1250 848 1286 887 ac
1308 827 1410 889 dicere
1432 820 1566 907 poterit,
1609 850 1688 910 quiae
1710 848 1839 890 accusa-

539 928 604 991 tor,
627 927 754 999 praeter
775 908 877 981 locum
898 938 1091 983 communem
1114 918 1211 999 ipsius
1229 917 1433 981 accusatoris.
1458 918 1595 981 Habebit
1612 930 1711 981 autem
1728 920 1839 981 defen-

538 1030 594 1072 sor
615 1009 718 1074 locum
740 1031 950 1085 communem,
975 1032 1034 1093 per
1059 1034 1151 1097 qasem
1173 1011 1383 1095 indignabitur
1406 1023 1620 1075 accusatorem
1641 1011 1688 1073 sui
1703 1010 1839 1090 periculi

514 1120 630 1167 scarasa
651 1124 714 1167 non
735 1100 909 1167 res'soiuan
939 1117 1146 1177 cisuaertere,
1180 1126 1288 1167 verum
1317 1104 1408 1166 etiam
1442 1106 1537 1167 verba
1567 1116 1685 1166 mutare
1712 1101 1836 1167 conari.

539 1196 602 1259 Hic
630 1193 770 1258 similiter
797 1195 887 1282 locus
916 1196 1090 1261 defensoris
1119 1219 1161 1261 ex
1188 1196 1254 1278 ipsa
1283 1196 1461 1271 definitivo
1482 1196 1704 1260 constitutione
1727 1192 1837 1259 susce·

537 1299 609 1369 ptus
631 1299 699 1350 est:
734 1290 814 1350 unde
835 1289 985 1369 proprius
1007 1290 1095 1353 locris
1117 1289 1346 1353 constitutionis
1368 1290 1527 1354 defensori
1548 1300 1608 1351 est.
1664 1293 1746 1353 Nam
1766 1312 1837 1355 csse

538 1382 658 1462 quidem
687 1393 817 1461 possunt
845 1381 900 1444 alii
920 1403 1099 1447 comumnes
1127 1382 1190 1445 loci
1210 1403 1251 1444 cx
1273 1402 1364 1445 cerasa
1387 1392 1416 1445 et
1440 1403 1480 1443 ex
1501 1382 1631 1465 negotio
1653 1385 1733 1459 nati,
1773 1408 1838 1449 non

538 1495 577 1536 ex
604 1472 846 1537 constitutione:
883 1488 917 1537 ut
946 1476 978 1538 io
1007 1474 1278 1550 calumniatorem,
1313 1485 1348 1537 ut
1370 1478 1554 1557 conquestio
1577 1475 1834 1555 misericordiae,

497 1577 572 1627 tonat
593 1565 762 1650 indignatio
784 1567 859 1631 sacti
887 1579 918 1631 et
944 1580 1047 1630 cetera
1076 1566 1271 1642 huiusmodi,
1309 1588 1388 1651 quiae
1410 1590 1449 1629 cx
1472 1567 1602 1648 periculi
1623 1571 1838 1651 magnitudine

539 1657 643 1743 genita
665 1680 726 1721 nou
749 1660 980 1723 constitutionis
1002 1659 1213 1737 definitivae,
1237 1670 1270 1721 ut
1292 1661 1442 1736 diximus,
1467 1662 1521 1723 sed
1544 1662 1837 1741 circumpositione

537 1751 804 1828 circumstantiae,
841 1774 931 1835 qaaam
962 1755 1151 1840 περίστασιν
1179 1751 1390 1829 nominamus,
1425 1765 1643 1834 procreantur.
1709 1754 1772 1815 Sed
1804 1753 1838 1815 hi

536 1865 716 1909 communes
745 1846 808 1911 ioci
836 1866 898 1908 non
926 1846 957 1908 in
984 1845 1067 1909 omni
1095 1866 1186 1907 causa
1218 1856 1306 1919 sunt,
1345 1848 1400 1907 sed
1426 1844 1459 1907 in
1489 1866 1579 1909 omne
1602 1865 1700 1927 genus
1722 1865 1837 1908 caaasae

536 1937 691 2011 inciduut;
727 1939 788 2001 hoc
820 1951 885 2013 est,
920 1937 951 2001 in
981 1958 1087 2002 omnes
1116 1938 1355 2002 constitutiones
1383 1939 1540 2015 incidunt,
1576 1958 1638 2001 non
1667 1936 1697 1999 in
1726 1960 1837 2002 ornnes

496 2050 664 2103 ascaaisas,
688 2051 764 2113 qaras
786 2052 845 2093 tina
868 2051 1009 2113 qriacque
1030 2031 1147 2093 habere
1168 2030 1286 2111 poterit
1308 2030 1505 2094 constitutio.
1555 2032 1605 2093 Ac
1628 2032 1665 2091 dc
1687 2032 1733 2094 his
1756 2032 1838 2094 locis

536 2122 750 2185 communibus
771 2122 904 2205 periculi
926 2123 1136 2207 magnitudine
1158 2122 1351 2204 procreatis,
1385 2124 1415 2186 in
1444 2124 1661 2186 coniecturali
1682 2126 1840 2187 constitu-

536 2214 622 2279 tione
650 2214 780 2278 fecimus
810 2217 1012 2290 mentionem,
1049 2215 1103 2300 qui
1132 2215 1302 2298 qrraiesque
1329 2216 1407 2291 sint,
1446 2217 1650 2297 explicantes.
1702 2218 1839 2280 Utcmur

437 2342 440 2346 ›
537 2320 638 2371 autem
661 2308 697 2371 iis
719 2321 751 2371 et
771 2331 827 2373 eos
850 2307 1026 2372 inducemus
1047 2310 1077 2372 in
1100 2307 1292 2384 orationem,
1327 2330 1421 2391 quirun
1449 2330 1561 2371 canisae
1582 2308 1677 2389 ipsius
1699 2312 1837 2372 uecessi-

539 2410 588 2461 tas
608 2400 780 2484 flagitabit,
811 2402 962 2465 similibus
982 2414 1014 2464 et
1035 2400 1184 2483 exemplis
1204 2411 1236 2462 ct
1256 2400 1451 2477 rationibus,
1476 2422 1554 2484 quae
1570 2402 1609 2462 ad
1623 2401 1836 2464 definitionem

495 2498 528 2549 2⁰
542 2512 626 2554 suam
650 2505 797 2574 poterunt
818 2494 988 2576 pertinere.

619 2587 673 2651 Ab
704 2586 766 2648 itta
793 2587 991 2663 defiuitione
1023 2585 1215 2670 separatiol
1252 2586 1296 2651 Ut
1327 2598 1451 2669 separet
1480 2586 1596 2651 iactum
1625 2606 1714 2649 ιιιιιιιι
1736 2586 1776 2647 ab
1798 2606 1837 2649 ea

538 2677 736 2755 definitione,
761 2702 850 2765 quam
874 2682 982 2745 habuit
1004 2680 1214 2743 adversarius.

618 2776 684 2837 Per
711 2795 810 2857 quem
825 2772 928 2865 facti
956 2774 1087 2839 rutilitas
1121 2783 1181 2834 out
1208 2774 1367 2837 honestos
1401 2772 1607 2857 adaugetur]
1664 2773 1837 2853 Quomodo

535 2875 701 2929 accusator
715 2866 874 2930 descendit
889 2869 926 2928 ad
942 2866 1095 2948 speciem,
1120 2875 1153 2926 ut
1168 2865 1276 2949 iungat
1292 2865 1501 2929 definitionem
1518 2886 1603 2929 suam
1619 2886 1686 2927 oum
1707 2866 1835 2947 specie:

492 2959 580 3023 assic
601 2958 747 3023 defensor
766 2960 924 3025 descendit
941 2962 978 3023 ad
993 2958 1144 3041 speciem,
1169 2968 1202 3021 ut
1216 2969 1341 3038 separet
1358 2957 1566 3021 definitionem
1583 2978 1668 3020 suam
1683 2978 1699 3019 a
1714 2958 1835 3039 specie,

534 3053 565 3115 id
587 3063 653 3127 est,
676 3075 696 3116 a
716 3052 825 3130 iacto,
849 3056 929 3117 unde
952 3051 1095 3138 quaestio
1117 3062 1176 3115 est.
1220 3052 1264 3113 Et
1285 3063 1416 3135 uterque
1438 3062 1541 3115 utetur
1561 3052 1634 3116 loco
1657 3051 1834 3115 communi:

532 3150 588 3210 sed
619 3158 784 3209 accrasator
812 3159 846 3210 ut
871 3157 984 3232 augeat
1003 3146 1118 3209 iactum
1146 3164 1204 3227 per
1224 3143 1484 3229 indignationem
1507 3163 1579 3206 rcus
1611 3155 1644 3205 ut
1665 3144 1740 3207 utile
1759 3166 1833 3209 esse

534 3242 646 3303 doceat
668 3250 698 3301 et
721 3240 899 3305 honestum.
1526 3306 1528 3313 ‚

616 3332 718 3397 Locis
743 3333 921 3409 omnibus,
956 3354 1041 3418 quos
1073 3331 1267 3395 accusatori
1302 3330 1597 3414 praeseripsimus]
1649 3330 1693 3393 Ut
1720 3340 1750 3391 et
1780 3327 1837 3391 hic

492 3432 645 3488 ³⁰rttt'sus
665 3437 829 3488 convertat
850 3425 881 3487 in
903 3427 1113 3489 definitionem
1134 3425 1302 3488 adversarii
1324 3436 1493 3507 praecepta
1514 3422 1677 3504 superiora
1701 3432 1732 3482 ct
1751 3422 1836 3485 dicat

535 3539 602 3581 eam
613 3538 682 3581 esse
690 3518 817 3594 falsam,
830 3531 966 3601 turpem,
983 3518 1120 3582 inutilem
1131 3540 1139 3593 ς
1152 3529 1312 3599 comparet
1321 3538 1360 3580 ex
1372 3518 1500 3593 maiore,
1514 3517 1645 3591 minore,
1656 3513 1737 3597 pari,
1751 3535 1836 3599 quiae

534 3612 628 3673 habet
656 3609 776 3674 scilicet
804 3624 982 3675 accusator.
1036 3614 1116 3697 Nam
1140 3621 1172 3674 et
1192 3610 1243 3672 hic
1263 3611 1427 3692 proprium
1451 3611 1552 3673 iocum
1575 3630 1769 3673 communem
1791 3610 1835 3670 de

533 3705 596 3767 fine
616 3702 760 3767 habebit:
783 3726 852 3769 narn
873 3717 905 3769 et
926 3715 1016 3768 extra
1031 3705 1143 3777 finem,
1166 3724 1258 3788 quiem
1273 3714 1381 3785 potest
1394 3724 1485 3766 causa
1499 3700 1691 3787 suggerere,
1716 3704 1835 3781 habere

533 3807 639 3881 potest
660 3807 791 3879 uterque
813 3798 905 3860 atium
928 3799 1030 3861 locum
1054 3818 1261 3861 communem.

491 3893 523 3947 ³⁵
613 3893 695 3954 Post
712 3890 829 3953 eodem
846 3903 987 3973 praeter
1006 3911 1216 3953 communem
1230 3891 1339 3953 locum
1364 3888 1577 3971 inducentur]
1612 3890 1649 3953 ld
1671 3900 1739 3967 est,
1763 3890 1835 3953 eoi-

531 3982 608 4047 iatio
630 3983 766 4064 ipsarum
788 3984 1000 4047 definitionum
1023 4007 1079 4064 per
1101 3982 1237 4057 maiora,
1263 3983 1400 4057 minora,
1424 3984 1524 4065 paria.
1758 4050 1761 4061 ,

613 4079 708 4143 Nam
731 4078 782 4140 itta·
803 4076 938 4161 quidem
958 4096 1152 4139 communes
1176 4074 1255 4157 loci]
1312 4076 1374 4157 Qui
1395 4076 1425 4139 in
1448 4096 1632 4160 quacunque
1652 4087 1742 4157 porte
1764 4096 1835 4140 esse

531 4182 665 4253 possunt
685 4190 778 4234 caiisa
799 4180 1002 4255 suggerente.

613 4267 673 4329 Eae
695 4264 840 4347 periculi
863 4262 1121 4347 magnitudine,
1159 4282 1226 4325 non
1255 4284 1302 4325 ex
1331 4280 1454 4325 causae
1487 4282 1610 4344 genere
1644 4260 1834 4342 ducamtur]

490 4354 522 4405 ⁴⁰
533 4355 577 4420 Ut
608 4378 672 4420 non
701 4357 851 4439 proprius
879 4357 920 4421 sit
948 4357 1037 4419 locus
1070 4354 1242 4419 communis
1277 4377 1316 4417 ex
1337 4355 1399 4418 fine
1428 4366 1536 4427 natusa
1573 4357 1630 4417 sed
1651 4375 1690 4417 ex
1712 4355 1836 4437 negotii

532 4468 670 4532 genere,
703 4450 791 4515 cuius
818 4448 1049 4515 circumstantia
1069 4469 1131 4529 pro
1154 4446 1301 4532 qiraiitate
1323 4448 1375 4511 vei
1396 4446 1565 4530 qtaantitate
1587 4446 1719 4528 periculi
1741 4448 1834 4510 iocos

532 4561 712 4607 communes
734 4544 833 4607 dabit.

537 4647 575 4663 -
623 4694 650 4743 1.
662 4683 786 4758 fietque]
806 4685 872 4740 eod.
891 4688 954 4740 Bu.
972 4712 1011 4727 ·-
1021 4683 1134 4757 fiatque
1153 4684 1220 4737 ndat.
1242 4685 1295 4738 Οι.

621 4764 650 4819 Ia.
669 4765 756 4831 tpsr'us
773 4790 792 4803 -
810 4789 829 4803 -
847 4762 1024 4827 communem]
1045 4758 1212 4812 Exciderunt
1234 4762 1300 4811 hoec
1318 4776 1333 4811 e
1353 4758 1439 4830 Capp.
1461 4756 1516 4810 On.

625 4840 652 4894 7.
670 4834 813 4905 defensori
829 4839 885 4902 est]
904 4834 972 4888 cod.
991 4836 1054 4888 Bas.
1075 4860 1111 4876 ·-
1130 4830 1288 4905 dffensorta
1306 4830 1374 4885 Edd.
1394 4834 1445 4886 On.

607 4912 652 4967 15.
673 4913 715 4961 Ae
734 4908 767 4961 de
785 4907 829 4959 his
846 4912 925 4976 loeis]
947 4910 979 4963 ln
998 4906 1167 4980 prsecedentt
1188 4905 1307 4960 editione
1323 4921 1460 4979 perperam
1476 4902 1627 4979 tegebatur:
1648 4901 1700 4956 lanc
1717 4904 1751 4957 de
1770 4904 1835 4967 lats,-

531 4978 580 5038 sed
597 5000 688 5038 serem
705 4984 853 5037 lectionem
872 4982 980 5036 exhibet
1000 4981 1086 5035 edicto
1105 4982 1278 5035 Bastteensta.
1298 4984 1380 5035 Cena.
1417 4978 1500 5051 (taem
1521 4978 1587 5033 Cod.
1609 4980 1681 5053 Bas.)

606 5063 652 5118 3¹.
670 5060 822 5128 comparet]
858 5062 918 5113 Asc.
937 5086 974 5099 -
991 5066 1167 5127 compararet
1187 5056 1226 5111 Sa.
1245 5086 1281 5101 -·
1309 5063 1453 5125 consputat
1472 5053 1539 5109 Cod.
1560 5057 1620 5107 Bas.
1641 5058 1725 5125 Capp.
1764 5054 1834 5107 Mos

533 5150 566 5187 es
584 5136 643 5191 cte.
662 5134 827 5191 inducentur
845 5136 998 5189 necessario
1018 5130 1205 5205 reponendum
1224 5147 1281 5186 erat
1304 5150 1352 5205 pro
1372 5130 1413 5185 Sa.
1428 5128 1488 5186 did.
1503 5130 1588 5201 Capp.
1601 5127 1757 5181 imitentur.
1777 5128 1835 5185 Οι.
