4434 5959
947 584 1039 649 LIB.
1063 582 1112 649 11.
1628 580 1688 644 307

376 736 596 811 argumentum
629 727 669 791 ab
702 726 818 795 effecto
845 725 1066 811 dispicioque,
1104 724 1182 811 quid
1208 724 1381 809 perfecerit
1405 724 1475 809 ipse
1507 725 1539 789 iu
1567 746 1691 789 menum

376 822 568 896 conventio,
594 833 687 903 atque
709 842 750 885 ex
773 842 813 885 eo
835 833 1056 907 argumentum
1077 822 1185 885 traho.
1228 820 1269 884 Id
1290 831 1393 883 autem
1409 832 1476 884 est:
1500 819 1614 883 Omnia
1631 820 1699 885 viri
1736 883 1748 893 ,

376 916 461 979 dotis
482 913 608 977 nomine
640 914 729 989 iicri,
753 933 960 999 qrraecunqne
988 914 1126 978 mulieris
1158 914 1262 978 fuere.
1318 915 1391 996 lpse
1413 914 1510 998 igitur
1529 913 1561 976 in
1584 933 1692 979 suanus
1767 926 1770 933 '

376 1008 549 1070 conventio
573 1008 697 1081 onruia,
736 1030 818 1092 qrrre
844 1006 981 1071 mulieris
1007 998 1121 1082 intere,
1159 1008 1220 1070 viri
1251 1008 1326 1071 fecit
1363 1009 1446 1073 dotis
1473 1006 1600 1071 nomine
1628 1027 1692 1071 nun

375 1103 571 1183 procedente
586 1112 750 1184 tempore,
773 1105 827 1165 sed
850 1102 952 1166 statim
975 1101 1107 1185 propria
1130 1102 1162 1165 vi
1181 1112 1323 1166 naturae.
1367 1105 1449 1165 Nam
1472 1114 1507 1163 ut
1523 1102 1554 1163 in
1570 1108 1720 1163 nuruum!

377 1212 524 1278 quaeque
540 1196 748 1271 convenerit,
765 1218 841 1261 mox
852 1197 918 1259 eius
934 1199 1016 1261 bona
1034 1196 1117 1260 dotis
1129 1196 1256 1259 nomine
1266 1196 1368 1259 virum
1384 1206 1571 1279 sequuntur.
1593 1193 1694 1259 Facio

375 1286 474 1373 igitur
513 1300 732 1373 argumentum
764 1290 830 1353 sic:
869 1290 904 1353 si
941 1289 1072 1366 mulier,
1110 1311 1191 1373 quere
1223 1290 1369 1354 defuncta
1398 1302 1464 1364 est,
1503 1288 1534 1351 in
1570 1310 1695 1351 maurim

376 1380 546 1456 eonvenit3
580 1381 611 1444 in
635 1404 757 1445 maurim
783 1404 861 1446 vero
886 1382 1104 1449 convenientis
1130 1383 1268 1447 mentieris
1294 1386 1377 1448 bona
1412 1382 1473 1445 viri
1505 1382 1584 1445 fitrnt
1612 1380 1697 1445 dotis

376 1476 524 1551 nomine,
555 1476 636 1538 haec
654 1496 783 1560 quoque
810 1478 912 1551 bona,
947 1479 985 1540 de
1013 1474 1129 1561 quihus
1150 1478 1277 1561 agitur,
1302 1477 1364 1541 viri
1385 1488 1470 1541 sunt.
1513 1479 1696 1561 Argumen-

375 1580 441 1631 tum
464 1590 504 1631 ex
526 1588 586 1641 eu,
621 1572 707 1652 qrrod
730 1569 855 1651 inipso
878 1582 943 1643 est,
968 1572 1007 1631 dc
1030 1590 1095 1654 quo
1118 1570 1241 1655 agitur,
1264 1570 1462 1635 continetur:
1484 1569 1591 1653 agitur
1612 1569 1694 1631 enim
1708 1579 1740 1633 tt

375 1662 415 1725 de
437 1661 504 1724 eius
530 1661 646 1737 bonis,
670 1683 752 1748 quiae
772 1662 803 1725 in
831 1682 953 1726 manum
980 1663 1184 1727 convenerit:
1206 1662 1328 1728 scitiou
1351 1666 1391 1727 sb
1416 1663 1556 1738 affertis,
1581 1662 1694 1737 idest,

374 1774 522 1817 aeausae
538 1754 672 1819 effectis.
717 1756 878 1819 Effectum
898 1777 1033 1840 namque
1053 1769 1102 1819 est
1127 1756 1159 1819 in
1182 1778 1306 1820 manum
1329 1755 1550 1821 conventionis
1569 1754 1694 1831 omnia,

378 1868 461 1930 quae
485 1848 621 1911 mulierir
644 1861 733 1923 suut,
759 1847 824 1911 viri
843 1849 914 1913 fieri
935 1848 1018 1914 dotis
1040 1850 1188 1913 nornine:
1212 1871 1401 1935 qumquam
1420 1852 1472 1912 hic
1486 1869 1616 1933 quinque
1631 1868 1698 1911 nun

377 1943 417 2003 ab
436 1942 575 2017 effectis,
601 1945 687 2006 seda
709 1964 801 2005 causa
817 1943 933 2007 iactum
949 1953 1168 2027 argumentum
1183 1956 1381 2008 monstretur
1395 1964 1480 2007 esse.
1525 1943 1696 2008 Ostensum

376 2046 425 2097 est
446 2034 526 2098 enim
546 2034 615 2099 tieri
637 2036 699 2099 viri
718 2038 801 2101 dotis
820 2036 965 2111 nomine,
990 2036 1142 2121 quidquid
1164 2037 1303 2101 mulieris
1326 2038 1443 2114 fuerit,
1467 2056 1508 2099 ex
1527 2056 1587 2110 eo,
1610 2036 1741 2119 quod¹⁵

376 2127 491 2190 muilier
511 2129 541 2191 in
564 2150 686 2193 manum
706 2130 903 2194 convenerit.
959 2132 1022 2193 Sed
1043 2132 1123 2193 haec
1144 2142 1328 2208 causaest,
1367 2142 1421 2206 ut,
1455 2150 1537 2216 quae
1558 2127 1698 2191 mulieris

375 2232 468 2297 suut,
497 2222 556 2287 viri
579 2224 657 2286 fiant
678 2224 762 2287 dotis
785 2223 924 2287 nominc.
969 2226 1033 2288 Sed
1055 2223 1139 2295 dicet
1160 2224 1250 2307 quis,
1275 2246 1397 2300 exeo,
1429 2225 1515 2310 quod
1536 2242 1590 2289 ea.
1615 2240 1698 2305 quae

376 2314 515 2379 mentieris
539 2329 650 2392 erant,
688 2316 748 2380 viri
770 2318 849 2380 unns
871 2317 953 2381 dotis
973 2317 1117 2392 nomine,
1148 2317 1181 2379 id
1203 2319 1399 2400 approbari,
1424 2318 1513 2402 quod
1530 2316 1699 2378 deiunctae

375 2408 460 2472 bona
484 2410 650 2471 advirum
676 2411 810 2473 debeant
831 2410 1004 2492 pertinere.
1061 2412 1126 2473 Sed
1147 2432 1253 2494 „qrrae
1277 2411 1416 2474 mentieris
1446 2421 1536 2486 sunt,
1571 2429 1606 2471 ca
1636 2404 1699 2470 viri

375 2500 446 2564 {ieri
465 2502 550 2565 dotis
574 2502 746 2579 nomiue'',
786 2516 817 2566 et
839 2506 945 2578 „bona
970 2506 1009 2567 ad
1032 2504 1136 2568 virum
1157 2504 1343 2587 pertinere”
1368 2504 1608 2575 retirement,
1645 2499 1742 2563 velte

375 2607 522 2658 neutrum
546 2596 638 2660 atteri
662 2618 755 2659 causa
774 2608 841 2672 est3
864 2597 933 2675 vel,
958 2599 984 2663 si
999 2598 1070 2683 quis
1090 2599 1189 2673 dicat,
1214 2618 1282 2661 eam
1303 2618 1373 2661 esse
1392 2615 1536 2670 causam,
1560 2606 1595 2657 ut
1613 2595 1698 2658 bona

375 2688 516 2751 mulieris
540 2689 612 2753 viro
640 2693 775 2753 debeant
807 2694 939 2767 cedere,
976 2695 1064 2776 quod
1093 2713 1153 2774 per
1178 2692 1210 2754 in
1230 2712 1339 2755 manus
1366 2690 1614 2755 conventionem
1635 2684 1699 2749 viri
1726 2744 1734 2759 x

373 2780 458 2845 iacta
480 2794 553 2845 scrut
574 2782 657 2848 dotis
679 2787 825 2849 nominee
850 2806 867 2847 a
891 2806 983 2848 carrea
1009 2806 1180 2847 rursusne
1206 2806 1268 2849 nou
1285 2787 1324 2847 ab
1347 2784 1469 2849 effectis
1490 2782 1609 2868 facttum
1626 2800 1698 2845 esse

374 2886 597 2957 argumentum
617 2878 757 2959 putabit,
781 2878 814 2941 id
837 2888 902 2955 est,
927 2899 944 2940 a
965 2879 1056 2952 dote;
1082 2879 1122 2939 ab
1140 2877 1262 2940 effectis
1284 2898 1366 2941 vero
1387 2898 1452 2939 nnn
1469 2886 1598 2957 oportet
1612 2872 1698 2937 atiud

374 2968 435 3031 nisi
447 2988 571 3031 causam
585 2968 734 3052 probari.
779 2972 874 3034 Esset
886 2990 966 3034 vero
980 2992 1021 3031 ex
1036 2970 1155 3033 effectis
1173 2982 1413 3055 argumentum,
1438 2980 1473 3031 ut
1488 2990 1529 3033 ex
1547 2990 1586 3033 eo
1601 2988 1695 3031 causa
1706 2976 1741 3029 tt

372 3063 570 3143 probaretur
601 3063 665 3127 hoc
692 3065 816 3126 modo:
862 3063 896 3127 Si
926 3062 1070 3147 quaestio
1097 3074 1196 3139 esset,
1234 3085 1273 3126 an
1297 3065 1410 3127 mulier
1428 3062 1460 3126 in
1487 3085 1609 3127 maurim
1634 3060 1697 3125 riri

374 3155 597 3231 convenisset,
622 3167 655 3218 et
677 3155 883 3219 indubitatum
909 3157 1098 3233 haberetur,
1124 3156 1251 3233 omnia,
1275 3178 1357 3242 quae
1378 3157 1513 3220 inissent
1535 3154 1694 3230 mulieris,

373 3247 436 3311 viri
455 3248 540 3311 saeta
563 3248 647 3313 detis
670 3251 809 3325 nomine,
833 3250 993 3331 diceretur
1010 3252 1071 3314 ita:
1095 3248 1129 3312 Si
1151 3250 1275 3329 omnia,
1312 3270 1395 3335 quae
1417 3250 1510 3314 fuere
1533 3247 1694 3323 mulieris,

323 3368 327 3379 ¹
375 3341 438 3405 riri
468 3340 553 3405 iacta
579 3355 652 3406 suut
685 3344 768 3407 dotis
797 3344 945 3421 nornine,
983 3344 1094 3407 mulier
1126 3343 1160 3407 in
1188 3364 1312 3406 mantum
1343 3344 1405 3407 viri
1438 3342 1603 3416 eonvenit;
1640 3344 1696 3403 sed

252 3492 253 3496 ,
376 3433 503 3511 omnia,
542 3456 621 3519 quiae
640 3436 730 3500 suere
751 3436 909 3513 mrriieris,
944 3436 1005 3501 viri
1024 3437 1106 3501 iacta
1131 3446 1205 3499 strut
1227 3438 1310 3501 dotis
1331 3437 1475 3502 nomine:
1499 3434 1612 3499 muilier
1632 3433 1739 3516 igi-ss

253 3572 254 3575 ,
373 3536 427 3591 tur
453 3527 485 3590 in
515 3550 639 3591 manum
664 3530 725 3593 viri
753 3530 917 3595 convenit.
958 3531 1098 3596 Maxima
1132 3530 1335 3613 propositio:
1372 3529 1495 3596 Causas
1517 3532 1556 3594 ab
1575 3526 1696 3593 effectis

374 3640 440 3685 sors
462 3642 527 3683 nou
548 3623 703 3704 separari.

458 3713 558 3796 (Cap.
582 3718 614 3778 t.
639 3721 670 3794 §.
693 3718 759 3798 ta.)
800 3722 861 3785 Eu·
885 3718 1144 3803 comparatione
1164 3748 1206 3765 -·
1228 3752 1270 3767 -
1292 3720 1373 3782 iura
1393 3718 1580 3783 desiderat.

459 3811 491 3872 A
516 3810 754 3891 comparatione
776 3812 865 3877 iocus
894 3814 947 3893 qui
976 3812 1108 3887 dicitur,
1146 3813 1307 3895 tripartito
1326 3812 1502 3875 scinditur:
1537 3822 1591 3875 aut
1610 3808 1693 3874 euim

373 3924 392 3966 a
413 3905 654 3985 comparatione
680 3906 834 3969 maiorum
860 3916 955 3969 anta
986 3908 1226 3988 comparatione
1249 3908 1404 3970 minorum
1432 3914 1487 3967 aut
1516 3924 1533 3965 a
1562 3921 1735 3984 compa-st

373 3996 501 4061 ratione
522 3996 644 4079 parium
663 3999 815 4063 nascitur.
860 4000 891 4063 A
907 4002 1146 4082 comparatione
1164 4000 1265 4085 igitur
1279 4000 1432 4062 maiorum
1452 4007 1520 4073 est,
1543 3996 1692 4079 quotiens

375 4090 495 4155 maiora
523 4090 700 4155 minoribus
725 4106 969 4175 comparantur,
1007 4094 1219 4168 beonredo,
1250 4104 1305 4155 ute
1341 4093 1438 4171 Quod
1457 4090 1489 4152 in
1514 4110 1550 4151 re
1574 4088 1693 4151 maiore

376 4184 479 4259 vaiet,
514 4184 618 4248 valeat
640 4184 671 4247 in
698 4186 833 4251 minore.
880 4188 932 4250 Fit
954 4186 1034 4249 enim
1058 4188 1224 4271 qrracstio,
1255 4207 1295 4248 an
1313 4185 1343 4248 in
1367 4187 1446 4248 urbe
1465 4202 1577 4266 aquam
1598 4181 1693 4245 liccat

375 4277 491 4341 arceri.
534 4278 572 4343 ln
592 4279 650 4342 hcc
676 4278 775 4364 igitur
795 4280 954 4343 subiectus
975 4292 1023 4343 est
1049 4280 1221 4342 terminus:
1251 4278 1283 4341 iu
1306 4281 1387 4341 urbe
1406 4298 1505 4361 aqum
1528 4275 1696 4360 praedica·

374 4382 425 4434 tus
450 4392 528 4435 vero
547 4384 619 4435 este
656 4370 704 4437 ius
729 4375 868 4437 arcendi.
913 4375 997 4459 Regi
1019 4374 1098 4437 fines
1127 4374 1290 4448 dicuntur,
1328 4371 1475 4455 qtrotiens
1500 4392 1580 4434 unus
1603 4369 1735 4453 quis-u

376 4486 437 4549 quc
460 4484 536 4549 ager
557 4468 699 4548 propriis
722 4468 836 4531 tinibus
859 4474 1056 4531 terminatur.
1100 4468 1203 4532 Arcet
1226 4488 1305 4529 vero
1321 4473 1451 4549 aqrr'aru,
1475 4464 1529 4549 qrri
1546 4484 1614 4526 eam
1633 4482 1694 4544 per

373 4578 428 4619 erra
452 4558 551 4640 spatia
575 4580 680 4623 meare
703 4562 918 4643 conpatitur.
963 4562 1129 4624 Faciamus
1148 4560 1245 4643 igitur
1272 4570 1491 4645 argumentum
1512 4556 1578 4621 sice
1601 4556 1693 4637 Quo·

373 4652 454 4713 niam
477 4652 548 4733 plus
571 4666 617 4716 est
640 4654 708 4737 regi
731 4654 830 4727 flues,
856 4652 955 4717 minus
979 4674 1057 4717 vero
1080 4654 1183 4717 arceri
1207 4675 1339 4737 aquarn,
1363 4654 1389 4715 si
1412 4653 1443 4714 in
1464 4652 1593 4715 civitate
1614 4650 1693 4713 fines

372 4764 437 4809 uon
454 4758 630 4829 reguntur,
656 4750 742 4830 qtrod
765 4748 863 4811 maius
884 4758 949 4821 est,
973 4768 1012 4811 ne
1035 4747 1066 4809 id
1088 4747 1214 4830 qrridem
1236 4750 1324 4832 quaed
1348 4746 1448 4809 minues
1470 4758 1538 4821 est,
1563 4744 1633 4822 fiet,
1657 4754 1693 4807 ut

373 4858 453 4921 aqua
478 4838 509 4901 in
530 4840 658 4903 civitate
682 4854 840 4905 arceatur.
886 4842 949 4903 Hic
968 4842 1068 4925 igitur
1086 4854 1243 4923 surruptum
1264 4852 1313 4904 est
1333 4852 1551 4925 argumentum
1575 4843 1614 4901 ab
1636 4859 1734 4915 eone

374 4940 641 4957 Μ-

447 4988 475 5041 5.
489 4985 670 5055 procedente]
692 4984 738 5037 Sin
752 4990 862 5057 scripsi.
875 5016 909 5028 -
917 4984 1098 5053 praecedeuti
1116 4988 1206 5043 Parte.
1223 5017 1254 5030 -
1266 4986 1420 5055 procedens
1439 4988 1515 5040 Eius.
1525 5002 1692 5057 -praeee·

372 5056 441 5111 dens
462 5061 530 5112 Ver.
549 5061 626 5113 Base.
669 5066 710 5119 12.
729 5064 937 5131 conventionis]
959 5062 1036 5115 Eine.
1058 5064 1124 5117 Vsu.
1143 5090 1181 5103 -
1199 5067 1392 5115 enumerantes
1410 5062 1498 5117 Parte.
1516 5084 1553 5101 -
1571 5078 1693 5114 corrun-

372 5140 447 5187 ttorrs
467 5136 544 5189 Base.
582 5142 627 5197 28.
646 5135 805 5189 dicerentur
823 5136 900 5191 Eius.
920 5135 989 5189 Vera.
