4434 5959
529 601 590 663 sec
746 685 750 688 ι
1043 600 1348 695 vscrotuuos¹

525 742 684 805 Aeschine
712 743 957 805 verberaretur:
994 752 1026 804 et
1046 742 1133 805 velut
1154 742 1184 804 in
1214 740 1361 805 verrinis
1380 741 1479 823 accipi
1501 752 1625 824 potest:
1649 744 1750 807 Molo
1768 762 1842 805 noas

525 835 647 898 babere
674 856 776 917 pisam
806 856 946 924 rogare.
1005 836 1130 899 Rursus
1160 845 1344 913 contempto
1371 838 1563 911 commodo,
1597 836 1712 917 suscipi
1739 836 1841 897 muisis

527 930 726 990 commodum
760 937 888 1006 potest;
926 938 959 989 ut
982 925 1204 988 Terentianum
1235 925 1310 987 illud
1338 936 1384 988 est
1409 926 1441 987 in
1463 927 1625 991 suasione:
1656 928 1843 991 Pecuniam

526 1017 562 1081 iu
584 1019 659 1081 loco
681 1019 856 1101 negligere
880 1020 1073 1082 muximmn
1095 1018 1265 1081 interdurn
1293 1028 1343 1081 eat
1375 1020 1521 1081 lucrum.
1580 1020 1731 1099 Quaestio
1756 1039 1840 1079 uero

468 1122 473 1129 ’
502 1113 633 1173 suadem
653 1111 891 1175 coniecturalis
912 1124 982 1186 est,
1006 1132 1086 1193 quiae
1108 1122 1140 1173 et
1158 1110 1339 1173 iudicatio:
1361 1110 1432 1193 qiua
1448 1112 1529 1175 ratio
1544 1115 1650 1174 deest:
1674 1112 1839 1174 nonenim

525 1202 643 1266 sactum
665 1203 696 1264 in
725 1202 926 1266 consessione
950 1214 1009 1265 est.
1053 1204 1130 1266 Ideo
1152 1204 1260 1265 'eadem
1282 1202 1344 1264 erit
1366 1202 1548 1281 iudicatio,
1573 1225 1653 1287 quac
1675 1203 1838 1288 quiaestio.

608 1300 655 1361 Et
676 1297 712 1359 iu
732 1300 856 1361 horum
876 1296 1043 1375 locorum]
1087 1295 1177 1374 Quae
1200 1293 1423 1359 coniecturalis
1446 1308 1531 1358 sunt.

608 1394 655 1455 Et
672 1390 708 1453 iu
731 1390 935 1470 ceterorum]
978 1390 1018 1453 ld
1045 1378 1112 1465 es't,
1137 1398 1313 1451 ceterarum
1335 1387 1597 1453 constitutionum
1620 1388 1838 1471 [conuenire]

526 1483 646 1547 scilicet
667 1483 771 1545 locos.
1678 1542 1679 1547 ,

486 1594 517 1642 st
609 1577 729 1641 Omnia
746 1576 856 1659 igitur
880 1599 927 1639 eac
949 1597 1072 1650 emeno,
1096 1596 1143 1638 ear
1160 1594 1326 1655 perenna,
1351 1596 1397 1637 ex
1411 1572 1522 1663 facto
1542 1574 1618 1657 ipso
1640 1576 1840 1640 coniectura

526 1670 692 1752 cupiendo
718 1672 783 1749 est]
827 1670 937 1734 Omnis
960 1669 1011 1732 bic
1032 1671 1122 1733 locum
1155 1689 1172 1730 a
1201 1688 1292 1729 causa
1320 1667 1388 1731 sive
1417 1666 1611 1750 impulsionis
1642 1671 1709 1733 sive
1737 1670 1840 1736 ratio·

526 1763 691 1826 cinationis
725 1762 923 1827 coniecturae
954 1762 1121 1824 martimum
1154 1771 1201 1823 est
1233 1761 1488 1825 fundamentum:
1526 1783 1589 1825 non
1611 1767 1713 1845 quiod,
1738 1785 1837 1847 quum

485 1917 489 1927 ⁴
527 1878 619 1921 causa
637 1856 697 1932 sit,
721 1857 873 1920 continuo
896 1867 927 1919 et
950 1855 1073 1919 lacinus
1092 1858 1340 1938 comprobetur:
1378 1858 1599 1943 sedquoniam
1622 1857 1742 1919 lacinus
1764 1857 1839 1919 nul·

527 1950 590 2011 lum
609 1961 674 2025 est,
713 1952 800 2033 quod
823 1970 885 2012 non
910 1960 980 2012 ante
1009 1970 1103 2012 carisa
1132 1950 1350 2030 praecesserit.
1406 1950 1563 2032 Supponit
1585 1950 1694 2014 deinde
1721 1951 1838 2023 locos,

485 2045 641 2125 15qutbus
662 2054 828 2106 accusator
855 2042 969 2117 utitur,
1004 2063 1100 2127 quirum
1120 2042 1230 2105 asserit
1252 2041 1437 2122 impulsione
1458 2042 1577 2126 aliquid
1604 2064 1672 2105 esse
1701 2042 1838 2106 sactum.

527 2138 580 2201 En
603 2136 716 2219 quibus
737 2134 857 2217 primus
882 2147 929 2198 est
949 2133 1245 2216 amplificationum
1275 2134 1339 2208 rei,
1371 2156 1452 2217 quae
1473 2134 1690 2217 impulsionem
1719 2135 1838 2218 pariat.

526 2228 651 2292 Deinde
681 2228 893 2311 approbatio,
931 2228 1068 2312 quidex
1092 2247 1128 2289 ea
1151 2224 1224 2301 fiat,
1261 2247 1321 2308 per
1354 2228 1516 2310 exempla:
1554 2238 1606 2301 ut,
1644 2230 1773 2292 Amore
1798 2250 1841 2293 se

525 2320 715 2411 interfecit.
760 2322 874 2384 Tertio
904 2321 978 2385 loco
1009 2319 1274 2402 comparationem
1297 2318 1447 2394 faciurum
1484 2330 1517 2384 et
1540 2320 1695 2385 declarata
1720 2322 1840 2404 impul-

526 2413 637 2491 sione,
656 2426 807 2477 euentum
826 2413 892 2477 eius
911 2435 1024 2477 causae
1044 2412 1143 2476 luisse
1161 2412 1390 2476 concludimus.
1434 2412 1615 2475 His-tribus
1637 2414 1715 2478 locis
1741 2435 1840 2477 accu-

406 2564 414 2571 .
484 2517 615 2571 cusator
634 2509 732 2571 utitur
754 2509 784 2570 in
802 2508 1002 2591 impulsione.
1047 2509 1085 2574 ln
1099 2506 1341 2571 ratiocinatione
1358 2527 1436 2570 vero
1449 2508 1503 2581 iis,
1529 2528 1610 2591 quos
1628 2508 1838 2583 nuncdicam3

527 2601 812 2676 demonstratione,
836 2601 911 2684 qrsid
932 2599 1075 2683 petierit,
1100 2599 1176 2682 quid
1196 2600 1334 2684 lugerit3
1358 2611 1545 2685 augmento,
1572 2612 1687 2683 quanta
1702 2621 1753 2663 res
1773 2601 1836 2676 sit,

526 2715 618 2779 quiam
644 2692 812 2775 appetierit
833 2704 888 2756 aut
910 2692 1041 2777 fugerit.
1090 2694 1227 2757 Praeter
1252 2695 1426 2767 baeeduo,
1464 2694 1559 2756 immo
1584 2693 1614 2755 in
1642 2692 1689 2754 his
1710 2694 1840 2756 duobus

526 2788 619 2854 etiam
641 2787 717 2851 illud
735 2798 900 2850 accusator
929 2786 1129 2849 considerare
1152 2784 1298 2861 debebit,
1330 2808 1369 2849 ne
1390 2786 1475 2850 forte
1498 2786 1577 2860 ista,
1607 2806 1687 2870 qnae
1709 2797 1841 2849 secutus

527 2882 622 2946 interit
644 2892 697 2944 nist
720 2878 860 2965 fugerit,
893 2878 926 2941 in
951 2879 1101 2960 opinione
1129 2889 1247 2941 tantum
1275 2881 1418 2943 babuerit
1442 2900 1533 2943 reus:
1557 2899 1658 2962 neque
1681 2899 1840 2941 consecu-

485 2986 576 3039 25tus
604 2974 644 3036 sit
672 2972 924 3037 commoditatem
952 2992 1055 3056 neque
1084 2973 1182 3035 ullum
1211 2973 1326 3037 malum
1351 2972 1490 3058 sugerit:
1524 2974 1581 3037 sed
1599 2973 1763 3035 dicendum
1788 2982 1840 3033 est

527 3068 555 3131 ei
577 3067 620 3130 ita
642 3066 738 3130 lusisse
759 3066 878 3141 visum,
902 3067 956 3150 qni
981 3065 1144 3151 arguitur,
1169 3075 1200 3129 et
1220 3069 1260 3130 sit
1274 3087 1328 3129 sua
1345 3066 1495 3149 opinione
1509 3067 1690 3147 deceptus.¹
1715 3064 1839 3145 Opinio

527 3173 629 3223 autern
648 3158 813 3241 dupliciter
835 3159 968 3241 decipit;
998 3161 1093 3224 modo
1117 3161 1187 3221 ditm
1204 3179 1272 3221 rem
1291 3159 1381 3222 aliter
1402 3169 1509 3240 putat,
1541 3170 1635 3242 atque
1657 3170 1704 3220 est
1726 3159 1838 3220 eadem

526 3274 599 3326 res3
622 3253 718 3316 modo
741 3255 813 3315 dum
834 3250 925 3315 aliter
947 3252 1068 3328 evenit,
1093 3274 1184 3336 quam
1213 3252 1350 3333 putavit.
1394 3252 1459 3315 Res
1477 3251 1580 3326 fallit,
1618 3250 1645 3313 si
1664 3251 1742 3312 mala
1764 3270 1840 3311 cre·

527 3346 629 3424 ditur,
650 3367 745 3430 qsatrsn
768 3347 851 3408 bona
874 3346 932 3409 sit:
956 3347 1006 3408 vel
1033 3356 1164 3420 contra,
1189 3347 1242 3409 vel
1263 3358 1424 3422 neutrum,
1450 3347 1498 3408 uel
1518 3358 1697 3426 utrumque.
1741 3343 1841 3425 Ergo

485 3448 622 3521 sequium
647 3441 708 3501 hoc
728 3436 863 3521 intelligi
886 3438 1006 3521 possit,
1030 3441 1116 3521 quod
1139 3438 1247 3522 opinio
1271 3439 1353 3501 fallit
1379 3440 1538 3514 homiues,
1562 3450 1627 3500 tum
1645 3434 1678 3498 iu
1698 3456 1745 3510 re,
1770 3447 1839 3497 tum

527 3530 559 3592 in
582 3542 715 3605 evcntu;
738 3552 831 3613 quum
856 3530 888 3593 in
917 3549 952 3593 re
980 3552 1054 3593 reus
1079 3532 1125 3594 uti
1153 3534 1212 3593 hac
1246 3530 1387 3613 coeperit
1408 3530 1493 3595 forte
1515 3530 1716 3595 defensione:
1752 3529 1840 3592 Non

525 3622 592 3685 sibi
613 3622 840 3707 antiquiorem
850 3620 976 3714 filinae
989 3624 1171 3705 pecuniam
1192 3624 1262 3687 uilo
1278 3637 1340 3687 aut
1351 3621 1493 3715 fratris
1510 3636 1571 3687 aut
1599 3621 1719 3693 amicir
1741 3642 1840 3683 accra-

525 3728 614 3793 eator
636 3720 729 3779 debet
750 3738 861 3779 nerum
883 3726 1099 3800 argumentum
1115 3719 1307 3792 concedere;
1331 3729 1380 3781 est
1400 3718 1479 3780 enim
1498 3715 1664 3779 credibiles
1688 3715 1743 3777 sed
1758 3733 1841 3776 con·

526 3810 652 3874 firmare
671 3809 816 3886 debebit,
851 3810 914 3873 boc
936 3810 986 3883 ei,
1020 3808 1074 3892 quii
1098 3808 1261 3894 arguitur,
1296 3830 1358 3874 non
1382 3810 1422 3873 ita
1446 3810 1546 3873 visum
1571 3808 1691 3881 fnisse3
1721 3818 1754 3869 et
1772 3807 1841 3869 boc

484 3913 516 3963 ³⁵
527 3906 707 3986 approbare
724 3924 765 3967 ex
787 3902 945 3966 attributis
963 3924 1140 3985 personae,
1177 3924 1241 3967 non
1260 3902 1440 3967 baccillum
1464 3902 1609 3965 habuisse
1634 3898 1839 3983 opinionem,

525 4000 582 4062 sed
601 3997 684 4060 illam
707 3996 814 4080 potius
838 3997 1004 4074 habuisse,
1042 3999 1129 4081 quod
1156 3995 1225 4059 talis
1252 4008 1315 4071 cst;
1346 3999 1431 4080 quod
1453 3996 1572 4059 scilicet
1593 4015 1750 4077 personae
1774 4006 1838 4056 est.

527 4091 581 4153 Sic
605 4089 877 4175 argumentabitur
905 4102 1070 4153 accensator
1105 4094 1143 4154 de
1172 4111 1232 4165 eo,
1267 4090 1354 4153 cuius
1389 4089 1497 4172 opinio
1532 4090 1610 4153 falsa
1640 4100 1687 4152 est
1720 4088 1754 4151 in
1785 4106 1840 4149 re.

526 4184 632 4263 Quium
651 4194 753 4247 autem
774 4195 907 4247 eventus
926 4183 1031 4260 fallit,
1055 4187 1141 4266 quod
1164 4182 1291 4260 accidit,
1317 4182 1453 4264 exempli
1475 4184 1588 4256 modo,
1612 4200 1708 4266 quum
1724 4178 1842 4262 aliquis

522 4316 872 4336 ψ

620 4398 649 4453 3.
669 4398 699 4444 in
716 4392 858 4465 suessione]
878 4393 952 4444 Fors.
969 4396 1000 4442 irs
1018 4391 1166 4445 Sannione.
1188 4388 1301 4465 adetph.
1321 4395 1357 4456 2,
1379 4396 1409 4456 2,
1433 4398 1459 4451 8.
1480 4389 1534 4444 Οι.

620 4473 647 4527 8.
667 4485 722 4519 non
747 4484 843 4519 omues
859 4472 890 4519 s‘n
907 4483 1014 4518 omnm
1032 4468 1157 4533 eausam]
1192 4466 1293 4519 Locum
1319 4466 1391 4519 bunc
1416 4481 1496 4518 antes
1513 4462 1583 4516 male
1603 4462 1732 4517 affectum
1754 4464 1843 4515 resti-

526 4544 631 4594 tuimus
650 4560 684 4595 ex
711 4545 773 4613 ipso
802 4541 944 4594 Ciceronis
973 4556 1112 4595 consentu.
1159 4542 1227 4594 Nem
1257 4556 1337 4594 antes
1366 4539 1476 4611 quidem
1495 4538 1652 4610 legebatur:
1684 4548 1844 4591 ceterorum

525 4620 764 4672 constitutionum
802 4616 957 4668 Conversis-e
973 4618 1080 4669 seilicet
1112 4615 1197 4668 locos.
1235 4616 1292 4669 Nee
1313 4615 1400 4669 mulso
1419 4613 1638 4667 commodiorem
1658 4629 1768 4667 sensum
1788 4630 1844 4664 ex-

526 4688 640 4744 hibebat
659 4688 744 4743 edisio
763 4691 944 4755 basileensis,
969 4708 1036 4761 qnae
1056 4696 1098 4743 sie
1118 4688 1218 4743 babet:
1250 4697 1405 4741 ceterarum
1425 4694 1653 4742 constitutionum
1673 4692 1845 4741 conueniunt

525 4768 557 4815 ln
574 4765 658 4819 locos.
678 4769 759 4819 Csrr.
797 4763 999 4839 (Necessarium
1020 4782 1075 4818 non
1094 4780 1152 4818 esst
1172 4766 1256 4837 Capp.
1273 4765 1510 4837 supplementum:
1530 4769 1550 4815 i.
1562 4782 1587 4815 e.
1604 4772 1760 4815 ceterarum
1773 4780 1845 4815 eors-

526 4844 702 4892 str‘luttorusm
733 4857 790 4898 uon
820 4858 916 4892 omnes
943 4845 973 4891 s'n
999 4856 1105 4891 omnem
1125 4856 1238 4891 coemam
1257 4846 1426 4907 convenire,
1439 4839 1560 4893 'ses'ls'eet
1579 4839 1664 4893 locos.
1702 4837 1844 4892 Videlicet

526 4912 596 4967 duae
615 4930 679 4968 sunt
699 4914 805 4987 glossae
824 4914 961 4969 breviores
980 4919 1075 4986 sicque
1094 4915 1163 4967 Ccd.
1185 4914 1246 4968 Eas.
1268 4909 1336 4980 On.)

600 4996 647 5047 20.
665 5006 733 5041 vero
752 4992 800 5057 iis]
822 4988 891 5045 (lod.
911 4993 973 5044 Bas.
992 5017 1029 5032 -
1046 5008 1116 5041 vero
1134 4988 1164 5041 lsi
1180 4998 1246 5043 sunl
1266 4986 1335 5045 Edd.
1355 4988 1407 5045 On.

599 5068 647 5123 26.
665 5071 694 5115 et
712 5067 766 5135 sis]
787 5066 862 5118 Fors.
881 5070 935 5117 elsi
953 5068 1000 5118 sit.
1020 5064 1074 5124 Os.

601 5144 647 5199 29.
669 5166 706 5181 ·-
724 5148 841 5210 utresque
861 5138 929 5195 Coti.
948 5139 1010 5193 Bas.
