4434 5959
556 587 618 652 366
1089 587 1325 656 BOETHIUS

556 731 642 813 apud
675 729 826 792 rhetores
862 729 1061 809 enthymema
1096 729 1286 813 nuncupari.
1343 727 1491 813 Reliqui,
1515 727 1635 814 inquit,
1658 727 1746 792 modi
1766 728 1871 812 plures

555 837 640 886 sunt.
699 824 782 884 Nam
801 843 898 905 quum
919 835 985 886 tres
1011 824 1157 907 superius
1185 835 1397 888 enumerasset
1422 826 1553 900 modos,
1584 823 1758 907 adiungens
1780 833 1869 905 qnat-

554 930 631 981 tuor
651 916 762 998 plures
784 914 876 978 dixit.
933 917 979 981 Hi
1005 929 1077 981 sunt
1106 919 1138 981 in
1168 916 1432 981 disiunctionibus
1464 915 1628 981 constituti
1655 917 1719 980 hoc
1752 917 1868 979 modo:

555 1014 629 1076 Aut
652 1013 732 1088 hoc,
762 1011 948 1085 out'illudr
983 1013 1046 1076 hoc
1062 1023 1194 1075 amem:
1222 1029 1291 1074 non
1311 1009 1422 1094 igitur
1442 1009 1539 1072 illud.
1585 1008 1648 1089 Qui
1669 1019 1718 1072 cst
1742 1019 1872 1093 quartus

530 1108 668 1171 tmodus
690 1105 819 1169 anobis
839 1125 969 1190 quoque
985 1127 1082 1189 supra
1103 1105 1225 1188 positus
1248 1103 1312 1166 itas
1343 1106 1416 1168 Ans
1436 1104 1510 1167 dies
1530 1115 1597 1180 est,
1621 1115 1683 1166 οιιι
1702 1123 1779 1167 nox
1804 1113 1874 1174 ests

555 1204 629 1266 dies
649 1213 765 1264 erstem
785 1210 859 1262 est:
890 1220 959 1262 ηοη
982 1200 1091 1282 igitur
1111 1220 1184 1264 ηοιι
1206 1209 1269 1262 est.
1323 1199 1368 1262 Et
1389 1217 1532 1282 semper,
1557 1199 1645 1282 qnod
1667 1197 1711 1260 sit
1733 1195 1871 1270 Cicero,

554 1299 618 1360 hoc
639 1297 679 1358 ad
700 1295 890 1377 praecedens
913 1305 1056 1377 spectat3
1093 1295 1180 1376 quod
1201 1311 1280 1355 vero
1306 1291 1348 1354 ait
1369 1291 1473 1368 illud,
1506 1295 1545 1355 ad
1564 1311 1784 1376 consequens,
1809 1290 1875 1352 sive

555 1389 587 1452 in
609 1387 761 1452 connexis
779 1387 1057 1470 propositionibus
1077 1386 1145 1451 sive
1159 1384 1335 1449 disiunctis.
1378 1385 1479 1450 Items
1500 1386 1573 1451 Aut
1586 1387 1671 1462 hoc,
1694 1395 1760 1448 onst
1773 1382 1877 1455 tamt,-

555 1504 623 1548 non
642 1494 759 1546 autem
777 1483 857 1545 hocs
883 1481 970 1545 illud
990 1481 1112 1564 igitur.
1170 1479 1237 1542 Hic
1260 1499 1388 1564 quoqne
1410 1478 1537 1562 quintus
1561 1481 1673 1544 modus
1690 1489 1757 1556 est,
1790 1476 1876 1540 velet

514 1590 545 1640 st
555 1577 588 1640 in
611 1575 660 1640 his
686 1575 859 1657 exemplis:
891 1578 965 1640 Aut
992 1576 1061 1640 dies
1087 1585 1155 1649 est,
1192 1583 1254 1635 out
1270 1593 1344 1636 nox
1362 1584 1428 1645 est:
1463 1593 1532 1636 ηοη
1549 1585 1666 1636 cirtem
1686 1571 1783 1636 dies:
1804 1591 1875 1634 nost

555 1671 666 1754 igitur
691 1679 756 1732 cst.
800 1669 942 1749 Quarum
974 1667 1212 1732 conclusionum
1242 1665 1459 1728 necessitatem
1484 1686 1527 1729 ex
1554 1687 1594 1730 co
1617 1665 1695 1728 dicit
1726 1663 1873 1736 evenire,

556 1764 649 1848 quin,
673 1783 755 1847 quse
773 1760 804 1825 in
820 1760 1033 1825 disiunctione
1055 1771 1128 1824 sunt
1145 1759 1272 1842 posita,
1296 1759 1429 1822 medium
1444 1781 1508 1823 non
1529 1759 1678 1822 videntur
1694 1757 1872 1830 admittere,

554 1869 591 1920 ut
618 1877 688 1921 csse
717 1854 802 1918 alind
828 1865 957 1937 praeter
988 1873 1100 1918 eornm
1122 1853 1255 1918 alterum
1275 1853 1396 1935 possit:
1435 1864 1530 1938 atque
1552 1853 1624 1918 ideo
1650 1875 1716 1918 ιιιιο
1747 1851 1873 1916 sublato

555 1951 689 2013 alterum
708 1967 796 2024 csse,
835 1967 964 2032 uinoque
985 1945 1093 2028 posito
1124 1947 1256 2010 alterum
1285 1967 1349 2011 non
1370 1965 1441 2010 esse
1462 1945 1674 2010 concluditur.
1728 1941 1876 2028 Quodsi

514 2043 597 2108 assit
616 2041 768 2117 medinm,
793 2044 881 2125 quod
903 2053 1031 2122 praeter
1052 2042 1238 2105 alterutnum
1264 2059 1333 2104 esse
1356 2041 1477 2122 possit,
1501 2061 1561 2104 nec
1581 2061 1659 2104 vera
1679 2050 1729 2103 est
1752 2059 1875 2122 propo·

555 2135 649 2210 sitio,
686 2155 746 2197 nce
766 2145 835 2196 rata
856 2135 1041 2212 conclusio,
1074 2135 1163 2200 velut
1184 2133 1215 2198 in
1231 2132 1297 2196 his:
1322 2137 1395 2198 Aut
1411 2134 1527 2198 olbiam
1544 2145 1613 2209 est,
1636 2145 1700 2198 out
1720 2136 1875 2220 nigrum.

556 2231 596 2294 Id
616 2229 730 2293 falsum
748 2238 810 2290 est.
867 2229 949 2291 Esse
969 2229 1050 2292 enim
1068 2240 1198 2311 practer
1215 2248 1251 2290 ea
1270 2229 1403 2290 rubrum
1424 2239 1546 2308 potest.
1589 2229 1653 2292 Sed
1671 2229 1699 2293 si
1720 2249 1878 2312 ponamus

557 2343 626 2387 cssc
649 2321 752 2384 album
776 2320 829 2383 vel
850 2322 1045 2398 auferamus,
1069 2342 1133 2384 non
1157 2341 1287 2384 neccsse
1308 2319 1369 2383 erit
1391 2341 1454 2384 non
1477 2341 1546 2384 esse
1567 2322 1620 2384 vel
1642 2343 1713 2386 csse
1735 2323 1875 2408 nigrum,

558 2415 632 2500 quia
651 2415 784 2478 rubrum
802 2435 891 2490 esse,
915 2416 1005 2500 quod
1026 2426 1074 2479 est
1095 2413 1251 2490 medium,
1274 2425 1392 2496 potest.
1421 2414 1581 2491 Deinde,
1605 2414 1708 2501 inquit
1731 2417 1876 2491 Tullius,

513 2525 547 2578 rt
558 2509 675 2573 addunt
689 2507 944 2571 coniunctionum
960 2507 1159 2592 negantiam,
1183 2507 1215 2571 in
1231 2505 1426 2570 disiunctivis
1448 2507 1571 2572 scilicet
1583 2508 1876 2591 propositionibus,

557 2606 621 2667 boc
641 2603 759 2666 modo:
796 2603 928 2666 Nocet
947 2603 1061 2665 hoeet
1084 2601 1192 2674 mod,-
1227 2604 1289 2666 boc
1311 2611 1446 2664 autem:
1477 2621 1545 2665 ηοη
1563 2599 1675 2686 igitur
1695 2602 1798 2668 illud.
1842 2604 1881 2667 Id

436 2772 440 2784 ι
560 2706 624 2759 cst:
660 2696 743 2760 Νοη
765 2705 800 2757 et
824 2714 898 2758 ηοιι
918 2703 954 2756 et
970 2693 1044 2758 dies
1062 2705 1133 2770 ιιι,Ι
1164 2715 1239 2758 nox
1258 2705 1374 2756 nutem
1395 2705 1466 2758 est:
1495 2713 1565 2757 ηοη
1587 2695 1698 2778 igitur
1714 2695 1792 2760 dies
1815 2709 1879 2762 est.

558 2789 624 2854 nie
642 2789 740 2874 igitur
769 2797 879 2850 sextus
897 2789 1018 2851 modus
1043 2807 1113 2852 csse
1139 2786 1319 2870 praedictus
1346 2798 1407 2850 est.
1465 2787 1625 2869 Septimus
1647 2799 1751 2852 autem
1776 2801 1881 2854 estex

560 2886 670 2947 eadem
692 2880 821 2945 veniens
842 2879 1087 2963 propositione,
1124 2884 1190 2945 boc
1218 2881 1336 2945 modo:
1373 2883 1457 2946 Non
1475 2892 1510 2944 et
1529 2883 1592 2946 boc
1612 2893 1646 2944 et
1670 2881 1777 2957 illud5
1812 2905 1882 2948 ηοη

515 2989 674 3042 stantem
698 2977 780 3039 hoc:
817 2974 905 3038 illud
924 2973 1053 3057 igitur,·
1085 2975 1172 3038 velut
1194 2975 1221 3038 si
1241 2974 1285 3037 ita
1304 2973 1464 3038 dicamus:
1496 2975 1580 3040 Νοη
1601 2985 1636 3038 et
1655 2997 1730 3042 nos·
1743 2987 1784 3042 et
1806 2978 1882 3041 diss

559 3083 629 3144 est,·
657 3089 726 3133 ηοη
746 3079 863 3132 autem
885 3089 959 3132 nox
977 3079 1047 3132 est:
1082 3069 1156 3133 dies
1181 3068 1377 3152 igiturest.
1428 3069 1519 3149 Quas
1546 3069 1791 3154 propositiones
1821 3069 1881 3133 nisi

556 3167 590 3230 in
607 3162 770 3227 disiunctis
791 3163 960 3247 medioque
981 3163 1161 3226 carentibus
1182 3164 1279 3225 rebus
1300 3172 1401 3224 ratam
1428 3161 1665 3228 conclusionem
1680 3165 1802 3228 babere
1816 3185 1881 3228 non

559 3267 723 3341 poterunt.
774 3256 850 3341 Age
883 3255 965 3319 enim
994 3256 1036 3319 ita
1070 3256 1229 3319 dicamuss
1259 3256 1342 3320 Νοη
1363 3266 1397 3318 et
1424 3254 1539 3318 album
1558 3267 1627 3332 est,
1661 3269 1696 3322 et
1717 3259 1879 3343 nigrum

559 3370 779 3435 ponamusque
804 3370 871 3414 non
893 3370 962 3413 esse
984 3352 1109 3425 ιιιιιιιις
1147 3369 1211 3414 non
1233 3347 1457 3433 consequitur,
1482 3359 1519 3410 ut
1539 3347 1580 3412 sit
1600 3349 1740 3435 nigrum.
1765 3353 1883 3418 Potest

517 3457 550 3507 ιι
560 3444 641 3508 enim
663 3463 754 3521 esse,
786 3445 874 3527 quod
895 3443 1029 3507 medinm
1058 3455 1118 3507 est.
1163 3439 1356 3506 Huiusmodi
1384 3440 1483 3526 igitur
1504 3461 1563 3524 per
1578 3446 1780 3528 negationem
1803 3467 1884 3511 eon·

560 3535 756 3600 iunctionum
778 3539 828 3614 (ut
852 3537 976 3600 Tullius
1003 3537 1059 3616 sit)
1087 3534 1289 3618 propositio,
1321 3533 1347 3598 si
1371 3545 1457 3598 ratas
1478 3534 1601 3600 iactura
1624 3551 1674 3603 cst
1697 3539 1885 3604 conclusio·

433 3654 436 3658 ·
558 3649 636 3704 ncs,
659 3628 692 3691 in
717 3628 878 3692 disiunctis
899 3632 995 3693 robus
1019 3629 1186 3714 medioque
1212 3627 1391 3692 carentibus
1414 3633 1690 3708 accommodetur;
1721 3635 1798 3698 slias
1817 3655 1882 3698 non

559 3726 621 3788 erit
645 3735 714 3788 rata
743 3723 921 3788 conclusio.
965 3723 1071 3789 Distat
1095 3743 1174 3788 vero
1198 3720 1378 3804 propositio
1400 3721 1487 3786 tertii
1509 3724 1593 3788 modi
1615 3745 1631 3788 a
1657 3726 1884 3811 propositione

560 3816 643 3881 sexti
664 3829 696 3880 et
722 3817 864 3899 septimi,
903 3820 990 3924 qnod
1012 3816 1096 3881 tertii
1125 3816 1210 3881 modi
1234 3814 1415 3922 propositio
1449 3837 1489 3880 ex
1520 3817 1699 3883 coniunctis
1721 3819 1880 3896 nascitur,

517 3914 639 3974 ttbaec
660 3912 745 3974 sexti
770 3923 802 3974 et
820 3911 945 3996 septimi
969 3933 1010 3975 cx
1033 3908 1193 3974 disiunctis
1216 3909 1356 3972 terminis
1378 3907 1523 3986 exsistit,
1547 3922 1583 3973 ut
1604 3912 1634 3975 in
1655 3914 1882 3995 superioribus

559 4017 647 4087 patet
667 4004 833 4088 exemplis.
891 4006 945 4068 Ex
965 4004 1041 4068 bis
1031 4004 1151 4089 igitur,
1185 4001 1305 4085 inquit,
1336 4001 1437 4066 modis
1460 3953 1711 4070 coniclnsiones'
1702 4029 1884 4072 innumera-

560 4099 642 4162 biles
664 4109 852 4161 nascuntur.
910 4099 999 4162 Unus
1021 4099 1102 4160 cuim
1122 4095 1256 4180 quilibet
1275 4097 1390 4160 borum
1412 4081 1578 4160 modorum
1597 4097 1728 4164 inlinitis
1751 4103 1882 4166 conclu·

561 4191 702 4256 sionibus
725 4190 828 4274 aptari
856 4201 979 4273 potest,
1017 4190 1117 4254 veluti
1142 4187 1262 4272 primus
1290 4207 1328 4251 ac
1356 4189 1552 4252 secundus
1542 4211 1574 4252 ιιι
1601 4193 1768 4300 omnibus,
1800 4216 1882 4278 quac

457 4333 467 4352 .
562 4284 622 4347 sibi
645 4304 789 4347 connexa
809 4295 901 4360 sunt,
926 4305 1062 4369 quorum
1083 4283 1187 4346 nullus
1208 4293 1257 4345 est
1282 4302 1451 4392 numerus,
1474 4283 1501 4346 si
1522 4283 1593 4367 quis
1616 4287 1770 4372 persequi
1791 4289 1880 4352 velit.

519 4398 552 4449 to
561 4382 707 4461 Itemque
735 4380 978 4462 repugnantium
1002 4377 1123 4441 infinita
1145 4387 1193 4440 cst
1213 4375 1446 4454 multitudo,
1436 4398 1468 4440 m
1492 4378 1607 4464 quibus
1629 4381 1744 4444 tsrtius
1769 4385 1883 4446 modus

563 4483 611 4536 est
632 4471 731 4536 utilis.
776 4471 859 4535 Item
887 4472 981 4554 plura
1002 4472 1155 4536 disiuncta
1177 4479 1267 4545 sunt,
1299 4468 1332 4532 in
1353 4470 1483 4556 quibus
1489 4485 1620 4556 quartus
1643 4485 1675 4538 et
1697 4473 1883 4584 qnintqset

563 4577 673 4630 sextus
695 4575 727 4628 et
749 4563 900 4646 septimus
921 4564 1091 4647 plurimum
1113 4563 1233 4640 valent.
1276 4563 1412 4650 Atque'
1403 4585 1435 4628 ιιι
1454 4563 1556 4641 bis,
1546 4565 1667 4652 inquit,
1693 4568 1797 4633 omnis
1801 4547 1883 4632 lere

564 4671 613 4723 est
633 4657 817 4733 dialectica,
850 4662 905 4722 sed
927 4662 966 4723 ad
991 4660 1119 4742 topicos
1151 4657 1242 4720 locos
1271 4669 1337 4720 tres
1361 4657 1456 4740 primi
1481 4658 1568 4723 modi
1593 4671 1666 4724 sunt
1695 4663 1880 4736 necessarii,

563 4751 619 4837 qni
651 4751 917 4828 antecessionem,
952 4753 1207 4818 consecutionem
1237 4761 1269 4814 et
1298 4751 1538 4838 repugnantiam
1566 4765 1688 4821 tenent.
1754 4757 1883 4843 Reliqui

521 4865 645 4916 severo
663 4846 867 4928 complendae
889 4845 1110 4930 disputationis
1132 4845 1231 4930 magis
1253 4846 1356 4930 gnatia
1378 4868 1490 4933 quam,
1521 4851 1611 4934 quod
1630 4851 1669 4914 ad
1690 4851 1774 4915 hano
1794 4849 1885 4915 insti·

563 4938 719 5004 tutionem
740 4938 909 5003 necessarii
930 4939 1066 5018 luerint,
1090 4939 1239 5005 videntur
1261 4941 1388 5006 adiecti.

640 5149 686 5202 27.
708 5143 1200 5203 malmesburiensium.
1220 5145 1311 5205 retus.
1348 5151 1394 5210 52.
1413 5150 1642 5206 accommodatiu-
1659 5151 1730 5210 ιιι.
1750 5153 1842 5212 Ptrls.
