4434 5959
555 613 615 677 1⁰6
990 625 996 637 ‘
1057 606 1344 677 vtcrotttuus
1413 641 1420 735 Ξ

553 750 635 815 cludi
657 747 801 831 oportuit
817 770 826 813 :
847 748 961 831 igitur
974 751 1013 814 K
1008 749 1318 827 orthaginieneibrm
1331 746 1444 824 sedem
1459 768 1526 811 non
1540 746 1660 811 bebere
1678 748 1854 813 elcbertum:

553 849 608 909 sed
629 845 820 908 contrarium
843 842 947 922 potius
970 844 998 903 iu
1022 841 1222 905 conclusione
1245 839 1427 903 constituit:
1450 844 1592 905 Sremmn
1609 841 1717 921 igitur
1737 865 1854 907 oernen-

553 940 603 1003 tia
620 948 671 999 eet
686 937 722 999 in
741 956 860 998 eorum
873 934 953 1011 fide
967 955 1060 1014 spem
1080 934 1218 1007 habere,
1243 956 1387 1017 qrtortem
1403 932 1558 1014 perfidia
1579 935 1678 997 toties
1693 934 1856 1017 deceptus

552 1033 614 1095 eis.
658 1028 765 1093 Tertia
788 1025 948 1091 conclusio
969 1025 1036 1087 telis
1059 1038 1123 1099 est,
1161 1036 1194 1091 ot
1215 1028 1245 1087 id
1266 1026 1387 1098 solitus,
1411 1027 1495 1104 quod
1517 1044 1556 1089 ex
1579 1028 1662 1089 numi
1685 1049 1854 1109 argrinum:-

529 1123 671 1190 statione
692 1119 878 1191 conficitur,
908 1118 1095 1192 inieramus:
1119 1128 1149 1181 et
1171 1121 1221 1181 dat
1243 1118 1435 1198 exemplum:
1466 1119 1588 1185 Urbem
1605 1118 1713 1202 igitur
1732 1122 1854 1185 dirun-

553 1238 641 1279 mue.
685 1214 804 1291 Quarta
835 1211 996 1275 conclusio
1027 1211 1095 1275 talis
1119 1223 1184 1285 est,
1222 1232 1315 1295 quum
1339 1232 1401 1275 non
1423 1210 1472 1285 id,
1507 1215 1592 1295 quod
1614 1216 1794 1290 coniicitur,
1820 1216 1852 1277 in

552 1306 754 1373 conclusione
775 1304 938 1386 ponimus;
966 1306 1023 1367 sed
1042 1305 1091 1378 id,
1127 1308 1212 1388 quod
1234 1326 1299 1371 eam
1323 1326 1405 1381 rem,
1429 1324 1508 1387 qnae
1531 1304 1712 1381 coniicitur,
1736 1328 1853 1371 eonse-

552 1415 685 1486 quatur3
717 1411 748 1462 et
771 1402 821 1461 dat
843 1398 1038 1479 exemplum:
1075 1398 1113 1461 Si
1133 1398 1283 1479 peperit,
1307 1418 1383 1459 cum
1405 1396 1477 1461 uiro
1497 1398 1690 1463 concubuit:
1715 1401 1852 1481 peperit

551 1508 678 1559 mrtem.
721 1493 784 1557 Hic
805 1491 988 1555 conticitur:
1012 1494 1096 1556 Cum
1118 1491 1191 1553 viro
1206 1491 1315 1571 igitur
1333 1490 1522 1555 concubuit·
1567 1493 1629 1555 scd
1650 1494 1711 1557 hoc
1728 1494 1757 1557 in
1772 1516 1853 1557 con·

511 1587 708 1660 inclusione,
732 1585 803 1669 quia
817 1584 1021 1649 ‚manifestum
1042 1596 1110 1658 est,
1135 1604 1196 1647 non
1220 1583 1327 1665 ponit:
1352 1586 1405 1646 sed
1424 1584 1497 1647 illud
1519 1586 1624 1667 ponit,
1648 1590 1735 1670 quod
1751 1588 1851 1651 niani·

550 1684 663 1743 festum
684 1680 782 1762 ipsam
805 1678 1037 1743 conclusionem
1058 1677 1283 1759 consequitur:
1313 1676 1426 1759 Igitur
1435 1675 1534 1765 fecit
1554 1678 1728 1746 incestum.
1770 1684 1851 1745 Ete-

471 1846 476 1853 ,
550 1774 612 1836 nim
632 1773 658 1835 si
680 1793 749 1834 cum
774 1772 843 1834 uiro
865 1769 1051 1844 concubuit,
1076 1770 1108 1833 id
1122 1770 1346 1854 consequitur,
1372 1782 1405 1833 ut
1419 1769 1530 1835 iecerit
1545 1772 1707 1835 incestum.
1752 1774 1850 1837 Anti-

550 1866 604 1949 qui
625 1878 725 1927 autem
748 1884 965 1947 quemcunque
986 1862 1144 1927 homiuum
1167 1864 1282 1927 coitum
1305 1863 1469 1927 incestum
1490 1865 1700 1946 appellabant.

632 1963 748 2043 Quare
775 1958 811 2019 in
839 1957 952 2039 longis
976 1957 1328 2037 argumentationibus
1347 1956 1423 2038 cet.]
1467 1954 1531 2020 Dat
1551 1969 1775 2040 praeceptum,
1813 1972 1850 2023 ut

509 2051 702 2127 tssciamus,
736 2072 795 2134 qua
824 2052 1024 2114 conclusione
1055 2071 1278 2133 :unaquaeque
1307 2050 1535 2132 argumentatio
1557 2053 1770 2115 concludenda
1792 2054 1849 2117 sit.

551 2145 702 2226 Quoties,
736 2143 856 2227 iuquit,
889 2144 984 2225 longa
1007 2142 1112 2207 duent
1141 2142 1387 2227 argiuneutatio;
1423 2154 1477 2205 aut
1505 2155 1638 2224 propter
1667 2146 1850 2207 memoriam
1899 2186 1905 2193 -

550 2234 833 2328 ἀνακεφαλαίωσιν
851 2235 959 2299 facere
980 2236 1011 2299 in
1033 2236 1234 2299 conclusione
1256 2238 1420 2306 debemus:
1443 2246 1496 2299 aut
1517 2236 1542 2298 si
1564 2249 1655 2299 cerret
1677 2238 1706 2299 iu
1729 2258 1851 2303 metuo·

548 2332 614 2404 ria,
644 2351 724 2414 quse
743 2352 837 2412 supra
866 2329 945 2393 dicta
973 2341 1062 2405 sttui,
1099 2329 1328 2404 argumentatio
1350 2328 1442 2393 nobis
1471 2351 1509 2393 ex
1533 2331 1694 2395 contrario
1717 2332 1850 2403 conclus·

550 2426 646 2487 denda
679 2437 738 2487 est.
793 2426 916 2487 Verum
948 2425 1043 2508 longe
1070 2422 1297 2507 argumentatio
1326 2442 1389 2487 non
1418 2422 1580 2503 partibus,
1616 2426 1671 2485 sed
1702 2445 1849 2489 mensura

507 2517 681 2598 tepentium
712 2529 852 2592 constat3
885 2518 915 2582 id
945 2530 1010 2591 eet,
1049 2538 1113 2580 non
1140 2515 1391 2599 quinquepertita
1419 2528 1471 2581 atet
1499 2515 1726 2598 quadripertita
1749 2538 1849 2601 argn-

549 2610 696 2673 mentatio
718 2612 813 2693 longa
836 2622 904 2673 est:
928 2612 983 2674 sed
1003 2610 1036 2673 in
1057 2630 1241 2693 quacunque
1264 2610 1548 2691 argumentatione,
1572 2608 1696 2692 quoties
1716 2608 1850 2673 latiores

548 2703 664 2767 suerint
699 2704 963 2784 approbationes,
1000 2716 1074 2767 tsinc
1108 2704 1224 2786 longae
1253 2714 1344 2765 erunt
1376 2701 1674 2783 argumentationes.
1731 2703 1779 2765 Ita
1816 2719 1850 2768 et

549 2796 801 2879 quinquepertita
829 2797 1057 2881 argumentatio
1091 2818 1131 2861 ex
1164 2798 1258 2860 niodo
1289 2794 1552 2877 approbationum
1585 2796 1690 2859 brevis
1728 2798 1850 2875 poterit

549 2890 694 2953 inveniri.
738 2892 861 2971 Quare,
884 2890 1000 2972 inquit,
1035 2910 1238 2974 quaecunque
1261 2886 1489 2971 argumentatio
1512 2887 1605 2971 longa
1627 2886 1741 2965 luserit,
1764 2892 1849 2953 duo-

506 2985 606 3047 :ebus
628 2984 727 3048 :nodis
748 2985 962 3047 concludenda
983 2992 1049 3056 cst:
1085 2994 1139 3045 aut
1161 3004 1218 3062 per
1241 2972 1498 3057 conductionem,
1531 2980 1563 3043 id
1586 2992 1651 3056 est,
1680 2978 1850 3073 ἀνακεφα-

548 3078 717 3153 λαίωσινμ
735 3088 789 3141 aut
809 3099 868 3159 per
894 3078 1099 3141 contrarium.
1150 3073 1284 3155 Quoties
1306 3084 1407 3136 nutem
1430 3072 1536 3137 brevis
1563 3072 1660 3137 luerit
1681 3097 1851 3160 argumen-

547 3169 647 3245 tatio,
670 3172 734 3235 hoc
750 3173 835 3248 solo,
859 3176 944 3256 quod
966 3169 1150 3242 conficitur,
1174 3166 1385 3233 concludenda
1408 3176 1468 3229 est.
1510 3168 1547 3231 In
1569 3166 1631 3231 illis
1654 3192 1729 3233 vero
1752 3190 1850 3253 argu·

548 3263 806 3338 mentationibus,
837 3284 918 3347 quae
938 3264 1055 3327 exitum
1076 3260 1272 3326 manifestum
1294 3262 1428 3336 habent,
1452 3262 1704 3326 consecutionem
1726 3284 1850 3346 ponere

545 3354 580 3417 in
602 3356 805 3419 conclusione
826 3358 986 3422 debemus.

506 3454 539 3505 ³⁰
631 3448 670 3513 Si
685 3449 744 3532 qui
759 3462 875 3513 autem
892 3474 939 3514 ex
954 3472 1025 3513 uun
1046 3470 1177 3533 qnoque
1195 3461 1294 3530 parte
1305 3448 1472 3530 ptumum
1486 3461 1644 3513 constare
1664 3472 1851 3534 cer-gumen·

446 3566 456 3587 ·
547 3540 731 3617 taionem,
756 3544 1020 3625 proterentem]
1063 3542 1277 3624 Reprehendit
1298 3542 1388 3607 etiam
1409 3542 1504 3619 illos,
1539 3542 1591 3627 qui
1612 3564 1653 3606 ex
1675 3564 1733 3605 una
1756 3557 1850 3625 parte

547 3634 655 3697 dicunt
682 3634 750 3697 lieri
770 3656 867 3717 posse
889 3635 1208 3719 argumentationem:
1244 3634 1310 3708 Hi,
1348 3634 1468 3716 inquit,
1501 3646 1618 3699 errant
1639 3636 1680 3699 de
1700 3639 1851 3701 nomime

546 3728 783 3810 mubiguitnte.
801 3730 880 3791 Nam
893 3730 1122 3813 argumentatio
1132 3731 1206 3791 duas
1218 3727 1462 3813 significationes
1473 3730 1576 3803 habet,
1592 3740 1622 3793 et
1631 3730 1805 3814 argumenti
1817 3742 1853 3793 et

548 3819 841 3905 argumentationis.
883 3822 991 3902 Quere
1005 3842 1098 3905 quum
1112 3822 1236 3885 dicum:
1260 3822 1298 3887 Si
1304 3822 1454 3905 peperit,
1476 3844 1553 3885 cum
1568 3822 1640 3885 uiro
1651 3823 1830 3887 concubuit
1839 3847 1852 3896 ,-

507 3912 719 3977 :sinuosum
735 3912 943 4005 prqfenmt,
976 3936 1045 3979 non
1065 3916 1324 3999 expolitionem:
1357 3915 1478 3991 idest,
1509 3926 1720 4000 argumentum
1739 3916 1850 3997 prole·

546 4018 637 4083 munt,
674 4028 737 4071 noe
760 4008 1073 4091 argumentationem.
1129 4010 1191 4071 Sed
1213 4008 1280 4071 talis
1303 4008 1529 4091 argumentatio
1551 4028 1618 4071 esse
1641 4026 1704 4073 noo
1724 4019 1849 4089 potest,

547 4099 607 4163 uisi
638 4122 732 4185 quum
763 4102 906 4183 expolita
934 4101 1099 4183 profertur
1127 4102 1243 4167 oratio.
1301 4102 1422 4165 Eodem
1445 4104 1559 4177 modo,
1596 4100 1712 4184 inqiut,
1750 4113 1783 4165 et
1802 4101 1850 4164 illi

547 4206 672 4268 errant,
696 4193 749 4278 qui
770 4194 875 4259 dicunt
895 4196 1063 4279 aliquando
1084 4194 1227 4259 subtrahi
1247 4216 1342 4277 posse
1363 4215 1446 4257 nunc
1466 4192 1736 4276 propositionem,
1766 4215 1851 4257 nunc

548 4288 811 4369 assumptionem:
841 4308 912 4350 nam
934 4287 1078 4372 quoniam
1101 4301 1234 4371 utraque
1255 4276 1365 4351 harum
1389 4299 1495 4351 movet
1516 4288 1708 4361 auditorem,
1738 4300 1851 4357 neutra

507 4385 677 4443 ltneeesse
706 4389 755 4443 est
782 4382 983 4444 subtrahatur
1010 4380 1211 4468 expolitioni.
1269 4382 1379 4465 Itaque
1408 4402 1524 4464 magno
1543 4402 1643 4463 opere
1663 4382 1850 4444 studendum

622 4628 667 4683 15.
686 4630 829 4694 inustum]
849 4627 935 4695 Quart
956 4624 1085 4679 videlieet
1103 4631 1251 4689 tuenstuens,
1271 4621 1417 4703 ἄναγνον,
1435 4626 1518 4681 ουρ.

438 4728 443 4734 ·
622 4706 667 4759 17.
686 4698 966 4775 ἀνακεφαλαίωσιν]
987 4700 1021 4755 ln
1041 4700 1190 4754 Bulleentt
1210 4700 1331 4755 editione
1350 4701 1449 4775 legitur
1467 4701 1676 4761 cosdrenam:
1693 4718 1751 4755 non
1769 4702 1852 4757 mele.

547 4775 629 4831 Care.
666 4774 948 4849 (Contracd.1las.)

621 4850 667 4907 26.
687 4848 720 4900 td
735 4858 794 4913 est,
822 4848 1106 4922 ἀνακεφαλαίωσιν]
1141 4850 1171 4901 lu
1200 4849 1281 4903 Baetl.
1313 4848 1380 4904 edit.
1409 4850 1525 4917 legtmne
1544 4851 1575 4903 td
1591 4859 1633 4902 est
1652 4848 1851 4925 συγαγοψῆν,

547 4938 615 4997 qnae
635 4924 718 4977 lectio
738 4924 806 4977 nullt
825 4922 931 4976 videtur
950 4940 1008 4978 esse
1028 4926 1234 4997 reprehensiont
1254 4924 1380 4980 obnecte.
1400 4927 1483 4979 Cure.
1519 4924 1570 4999 (lle
1591 4942 1656 4993 nes,
1675 4924 1724 4980 Cd.
1743 4926 1820 4991 Bas.)

620 5004 667 5056 27.
688 5030 719 5041 -
757 5018 793 5051 ue
811 4998 861 5052 ed.
881 5000 943 5051 Bas.

620 5076 668 5133 55.
685 5018 894 5147 ezpdbttenem]
923 5074 1013 5141 Quam
1041 5074 1225 5146 Hermogenes
1245 5074 1278 5127 da
1296 5078 1454 5128 inventione
1473 5072 1620 5155 ἐργασίαν
1639 5088 1667 5128 et
1687 5072 1849 5153 ὺιεξεργα.

548 5146 620 5206 σιἀν
639 5147 745 5205 uidetur
763 5148 911 5224 appellare.
931 5153 1011 5204 Care.
