4434 5959
550 577 611 639 sos
1087 578 1322 657 notaturus
1434 540 1448 548 ’

549 719 586 782 tc
609 736 671 791 eo,
707 719 792 799 quod
812 730 912 781 reete
942 730 1106 802 aeeeptum
1137 731 1197 783 est.
1242 716 1280 785 ln
1309 718 1380 803 ipso
1413 740 1493 786 vero
1520 732 1569 783 est
1596 720 1683 783 velut
1712 722 1863 786 ausuum

548 811 781 880 contrarietatis
804 814 917 888 modo,
957 823 991 875 ut
1009 813 1157 895 superius
1179 814 1295 877 dietum
1317 828 1378 879 est.
1436 816 1497 878 Est
1517 826 1621 877 autem
1644 828 1863 899 argumentum

548 924 565 968 a
587 904 789 987 repugnanti.
833 907 977 975 Maxima
1000 908 1201 991 propositio:
1227 908 1450 993 Repuguantia
1472 908 1646 971 convenire
1667 930 1731 972 nou
1754 930 1862 992 posse.

633 997 730 1081 (Cap.
754 1000 785 1061 i.
809 1005 841 1078 §.
865 1000 932 1077 22.)
974 1003 1028 1064 Ab
1048 999 1275 1089 efficientibus
1295 1032 1338 1045 -
1358 1033 1401 1045 -
1420 1022 1495 1065 nou
1508 1002 1632 1083 possit.

522 1102 537 1150 ³
632 1091 809 1157 Causarum
839 1093 963 1177 quidem
987 1094 1083 1159 multa
1103 1108 1176 1159 sunt
1205 1116 1338 1181 genera,
1376 1115 1457 1179 quae
1480 1092 1600 1158 Cicero
1621 1094 1731 1176 paullo
1753 1106 1864 1177 poste·

546 1186 615 1253 rius
637 1185 761 1250 dividit.
821 1188 883 1251 Sed
916 1208 997 1250 nune
1026 1191 1065 1251 de
1098 1188 1294 1251 efficientium
1325 1208 1489 1251 causarum
1512 1187 1637 1251 disserit
1658 1199 1862 1271 argumento.

547 1280 698 1343 Efficiens
722 1301 801 1343 vero
832 1302 925 1344 carisa
949 1292 1014 1356 est,
1053 1302 1115 1365 qua
1137 1284 1346 1365 praecedente
1374 1282 1493 1365 aliquid
1520 1282 1665 1343 effectum
1698 1291 1766 1355 est,
1801 1303 1863 1345 non

545 1385 709 1453 tempore,
740 1376 793 1436 sed
816 1376 1013 1457 proprietate
1035 1387 1186 1439 naturae:
1221 1377 1309 1439 velut
1335 1377 1365 1439 io
1388 1377 1472 1448 hoc,
1507 1378 1594 1457 quod
1616 1396 1699 1438 usaue
1721 1376 1864 1439 decian-

546 1488 632 1542 mus,
658 1468 819 1549 exemplo.
863 1469 977 1531 Damni
998 1468 1110 1533 insecti
1131 1467 1302 1551 promissio
1324 1482 1393 1543 est,
1419 1468 1566 1552 quotiens
1588 1467 1658 1551 quis
1679 1470 1861 1551 promittit,

503 1560 534 1609 ¹⁰
544 1558 570 1622 si
580 1563 667 1642 quod
679 1564 821 1624 dammim
832 1560 898 1624 eius
911 1582 1008 1643 opera
1020 1562 1204 1647 eontigerit,
1221 1584 1275 1625 sua
1288 1562 1488 1627 restitutione
1499 1581 1571 1624 esse
1578 1565 1787 1644 pensandum.
1807 1565 1862 1627 Ius

544 1664 646 1716 autem
658 1666 726 1728 est,
741 1656 855 1737 parieti
866 1656 1022 1719 communi
1031 1657 1182 1737 parietem
1191 1657 1283 1719 alium
1297 1655 1562 1728 velsorniratum,
1573 1655 1603 1717 id
1616 1666 1675 1729 est,
1685 1676 1795 1719 areum
1804 1657 1862 1720 ha·

543 1747 681 1824 henteiu,
697 1748 747 1810 vei
758 1750 910 1810 directum
925 1744 1171 1835 eontinmnuque
1185 1749 1391 1833 coniungere.
1406 1748 1647 1831 Quidamigitur
1657 1750 1697 1811 ait
1706 1748 1863 1831 parietem

543 1860 739 1905 communem
756 1841 847 1903 alium
863 1843 1058 1905 extrinsecus
1073 1844 1225 1925 parietem
1237 1842 1339 1906 iunxit
1353 1842 1502 1926 deditque
1513 1840 1589 1905 satis
1612 1843 1718 1905 damni
1737 1842 1862 1907 infecti.

545 1932 732 1998 Communis
753 1946 856 1995 autem
880 1932 984 2015 paries
1004 1936 1182 2001 fornicatus
1203 1936 1281 2011 fuit,
1307 1934 1430 2010 idest,
1464 1956 1571 1997 areum
1594 1935 1713 2000 habens
1734 1939 1787 1999 vel
1812 1938 1863 2001 si·

502 2026 671 2113 ttguinam
693 2027 850 2091 fabricam
873 2029 1041 2092 sustineus.
1084 2030 1289 2114 Adiungente
1309 2028 1409 2111 igitur
1431 2048 1489 2103 eo,
1521 2027 1576 2111 qui
1601 2029 1677 2091 satis
1706 2031 1860 2105 dederat,

543 2135 587 2197 et,
610 2132 645 2185 ut
667 2122 862 2206 adiungeret,
887 2123 1074 2187 deinoliente
1096 2132 1218 2205 partem
1240 2120 1389 2205 parietis,
1412 2142 1477 2204 quo
1492 2118 1636 2183 iunctura
1652 2123 1862 2189 cohaeresee·

542 2225 613 2289 ret,
649 2214 758 2278 vitium
781 2216 954 2279 eommunis
976 2218 1079 2298 pmies
1100 2216 1192 2280 fecit.
1251 2215 1440 2296 Quaeritur,
1465 2236 1504 2277 an
1526 2215 1760 2289 damuiinfeeti
1780 2238 1863 2299 pro·

543 2305 651 2371 missio
671 2320 770 2393 rogat
792 2330 882 2384 eum,
917 2310 970 2392 qui
992 2310 1201 2391 promiserat,
1239 2308 1348 2372 vitium
1370 2307 1550 2371 restituere.
1603 2309 1773 2372 subiectus
1795 2322 1864 2373 ter·

541 2400 662 2465 mimis:
700 2404 802 2466 damni
835 2403 944 2467 iniecti
976 2403 1168 2486 promissio;
1201 2402 1426 2483 praedicatus:
1470 2400 1539 2463 vitii
1567 2403 1738 2466 restitutio.
1798 2404 1861 2466 Su·

498 2507 532 2558 tt
543 2496 653 2559 mimus
676 2493 776 2581 igitur
797 2508 1016 2581 argumentum
1040 2518 1055 2559 a
1079 2497 1180 2559 eurisis
1200 2498 1264 2561 hoe
1285 2499 1406 2560 modo:
1452 2494 1485 2557 Si
1507 2494 1589 2557 enim
1610 2496 1655 2568 is,
1680 2496 1733 2580 qui
1756 2494 1864 2560 damni

541 2588 687 2672 promisit
717 2588 846 2664 iniecti,
884 2590 950 2653 eius
982 2590 1046 2651 vitii
1070 2610 1163 2653 eausa
1185 2589 1263 2665 tuit,
1300 2590 1469 2653 restituere
1491 2591 1584 2651 debet
1607 2588 1735 2662 vitium,
1770 2594 1863 2674 quod

423 2744 425 2753 ,
542 2681 608 2747 eius
630 2682 743 2745 accidit
767 2682 874 2764 eulpa.
919 2683 1016 2761 Quod
1037 2682 1062 2745 si
1086 2705 1120 2745 ea
1145 2695 1253 2746 nattira
1276 2682 1405 2766 parietis
1426 2680 1503 2757 fuit,
1537 2694 1570 2743 ut
1591 2683 1740 2763 suspendi
1762 2686 1861 2746 susti·

540 2776 672 2860 uerique
706 2798 770 2841 uon
792 2789 901 2859 posset
923 2776 1083 2855 (fornicati
1106 2778 1187 2839 euim
1210 2776 1338 2856 parietis
1365 2797 1429 2838 nou
1451 2796 1486 2837 ea
1509 2788 1620 2837 natura
1642 2787 1708 2849 est,
1732 2788 1769 2837 ut
1788 2798 1862 2840 sus·

540 2870 636 2951 pendi
658 2873 787 2955 queat):
834 2868 966 2954 parietis
995 2868 1103 2951 potius
1136 2872 1241 2934 forma
1273 2891 1367 2953 quam
1395 2870 1593 2931 demolientis
1621 2870 1714 2949 eulpa
1748 2870 1861 2935 vitium

498 2962 654 3027 ²‘fecisse
688 2964 859 3027 videbitur.
913 2966 1021 3046 Atque
1055 2964 1098 3027 ita
1129 2985 1192 3027 non
1224 2964 1353 3047 cogitur
1380 2971 1543 3043 praestare
1570 2961 1699 3037 vitium,
1739 2966 1794 3047 qui
1824 2986 1862 3027 se

540 3056 645 3121 danim
667 3057 776 3122 iniecti
798 3057 1008 3139 promissione
1031 3056 1270 3120 constrinxerit.
1312 3054 1384 3118 Piet
1415 3056 1515 3139 igitur
1536 3054 1773 3136 argumentatio
1796 3059 1862 3133 boe

541 3154 659 3215 modo’a
682 3152 716 3215 Si
737 3172 836 3233 penes
858 3151 986 3233 parietis
1008 3151 1145 3215 formam
1168 3149 1329 3222 constitit,
1355 3159 1388 3211 ut
1411 3170 1451 3213 eo
1473 3148 1662 3232 adiungeute
1683 3150 1859 3230 parietem,

539 3244 593 3329 qui
617 3244 719 3309 damni
741 3245 848 3310 iniecti
871 3244 1079 3329 promiserat,
1117 3243 1224 3307 vitium
1247 3243 1357 3317 fieret,
1395 3242 1426 3305 id
1450 3242 1580 3316 vitium,
1616 3241 1669 3325 qui
1692 3243 1859 3321 promisit,

460 3362 463 3373 ·
538 3349 704 3419 praestare
726 3358 787 3403 non
818 3338 958 3423 cogitur.
1016 3338 1088 3401 Fuit
1120 3348 1223 3398 amem
1252 3357 1347 3397 caiisa
1376 3335 1500 3418 paries,
1538 3348 1573 3397 ut
1598 3335 1707 3397 vitium
1739 3336 1858 3411 fieret,

497 3430 594 3513 ”qui
616 3452 651 3493 ea
673 3432 734 3495 fuit
756 3444 887 3507 natura,
926 3442 959 3493 ut
980 3432 1126 3513 suspendi
1148 3428 1361 3513 sustinerique
1390 3450 1452 3493 nou
1482 3442 1603 3511 posset.
1658 3428 1733 3491 Non
1756 3426 1859 3511 igitur

538 3524 626 3607 quod
647 3524 756 3587 fornix
781 3525 889 3587 vitium
911 3522 1042 3599 feeerit,
1080 3535 1243 3605 praestare
1267 3524 1380 3596 debet,
1404 3522 1457 3605 qui
1480 3522 1583 3585 damni
1605 3521 1751 3603 promisit
1774 3522 1859 3585 infe·

539 3616 594 3680 eti.
653 3618 886 3701 Argiuuentum
910 3618 949 3680 ab
972 3636 1029 3690 eo,
1064 3619 1151 3699 quod
1173 3616 1204 3678 iu
1226 3615 1297 3697 ipso
1320 3629 1388 3691 est,
1423 3618 1548 3701 dequo
1571 3615 1695 3700 agitur,
1732 3616 1766 3679 id
1787 3629 1857 3693 est,

537 3710 569 3773 in
593 3710 661 3775 vitii
683 3710 903 3783 restitutione,
938 3732 978 3773 ex
1000 3710 1137 3784 affecto,
1173 3709 1204 3773 iu
1228 3720 1299 3784 est,
1334 3732 1374 3774 ex
1397 3732 1506 3773 renisa.
1559 3707 1661 3773 Causa
1684 3709 1766 3772 euim
1788 3711 1861 3775 vitii

538 3804 640 3879 torma
671 3816 718 3868 est
748 3804 896 3887 parietis,
935 3824 997 3867 uon
1027 3803 1119 3883 otilpa
1148 3802 1370 3886 coniungentis
1397 3804 1568 3887 parietem;
1604 3803 1711 3887 itaque
1735 3804 1860 3868 factum

495 3904 527 3956 st
540 3910 606 3974 est,
630 3911 664 3962 ut
683 3900 793 3962 fornix
817 3898 925 3960 uitium
947 3896 1087 3959 faceret:
1119 3916 1199 3979 quae
1221 3918 1316 3959 eausa
1338 3896 1407 3960 vitii
1429 3918 1525 3980 quum
1548 3897 1630 3959 absit
1651 3901 1691 3960 ab
1714 3919 1776 3975 eo,
1800 3898 1861 3983 qui

536 3992 687 4075 parietem
710 3991 828 4065 iunxit,
852 3993 941 4054 abest
964 3988 1055 4053 etiam
1080 3986 1218 4051 eiusdem
1241 3989 1307 4052 vitii
1330 3991 1502 4053 restitutio.
1546 3991 1688 4054 It'Iaxima
1702 3992 1860 4074 proposi·

535 4088 582 4152 tio
604 4108 613 4151 t
637 4089 737 4152 Unam
761 4106 915 4171 quamque
938 4105 1003 4146 rem
1027 4102 1065 4143 ex
1088 4082 1191 4144 eatisis
1212 4083 1350 4165 spectari
1372 4096 1537 4165 oportere.

619 4181 716 4267 (Cap.
740 4181 772 4242 i.
797 4184 828 4257 §.
852 4178 925 4258 23.)
967 4176 1020 4241 Ab
1041 4170 1175 4261 affictis
1190 4176 1310 4251 rebus,
1333 4179 1395 4241 hoe
1411 4178 1513 4240 modo
1534 4210 1575 4221 -
1596 4178 1688 4243 dotis
1701 4178 1856 4243 nomine.

620 4274 742 4337 Effeeta
766 4284 855 4346 suut,
891 4288 972 4354 quae
994 4267 1150 4349 aliquibus
1172 4269 1348 4333 efficiuntur
1376 4270 1478 4333 causis
1501 4292 1564 4335 nou
1590 4284 1736 4353 tempore
1759 4294 1858 4353 prae·

493 4366 740 4441 studentibus,
774 4367 829 4427 sed
853 4374 979 4425 natura:
1015 4359 1099 4420 uelut
1122 4360 1147 4421 si
1170 4376 1359 4444 quaeratur,
1398 4384 1500 4426 riaore
1523 4364 1690 4438 defuncta,
1715 4364 1857 4449 quaein

536 4481 657 4521 manum
684 4457 740 4520 uiri
762 4458 931 4527 convenit,
958 4476 994 4517 an
1018 4452 1084 4517 eius
1100 4452 1182 4515 boun
1206 4457 1245 4517 ad
1260 4456 1363 4521 virum
1378 4456 1572 4539 pertineant.
1616 4458 1652 4521 lo
1668 4478 1731 4539 qun
1753 4479 1857 4542 quae·

535 4552 636 4617 stione
659 4553 748 4615 bono
767 4550 893 4615 raxorie
915 4544 1119 4637 ciffum-tue,
1141 4550 1282 4631 quaein
1303 4536 1440 4613 moniam
1459 4551 1524 4615 uiri
1538 4550 1752 4624 convenerit,
1776 4556 1857 4613 sub·

534 4646 648 4708 ieetum
680 4656 746 4718 est;
779 4644 827 4707 od
856 4642 966 4709 virum
994 4650 1096 4701 autem
1123 4642 1295 4720 pertinere
1315 4644 1543 4727 praedicatum.
1602 4645 1732 4725 Quaero
1754 4645 1857 4731 igitur

613 4864 861 4930 18.proma'rernt,
892 4862 1010 4932 vitium]
1031 4862 1107 4913 Eine.
1128 4888 1165 4903 -·
1180 4864 1361 4931 promiserit,
1388 4865 1489 4912 uitium
1515 4864 1583 4915 ven.
1606 4890 1644 4905 -
1666 4868 1854 4931 promiserit,

532 4934 663 4989 damatam
682 4942 779 4990 essert.
818 4938 863 4992 25.
883 4950 945 5001 eug.
966 4942 1131 5012 restaurare
1147 4941 1249 4991 nattum
1268 4935 1336 4989 Vsu.
1357 4945 1432 4991 oasa
1471 4940 1752 5008 terminumn]
1774 4940 1854 4997 Eius.

533 5014 600 5065 Vera.
620 5039 657 5055 -
675 5010 861 5063 mertuum
883 5012 978 5067 eeteri.
