4434 5959
538 535 599 602 sss
981 528 1024 597 c.
1047 494 1205 599 tunsus
1226 528 1410 597 vscron

537 688 613 752 tes,
646 675 814 761 puosdum
835 696 883 739 cx
904 672 984 737 uiuo
999 672 1217 749 vacillantes,
1243 672 1412 757 quosdam
1435 672 1597 737 beaterum
1616 691 1664 735 ese
1679 670 1863 754 potatione

537 772 737 837 oscitantes:
768 772 893 831 humera
914 778 990 831 erat
1011 765 1209 843 immunda,
1238 768 1407 830 lutulento
1425 764 1525 841 uiuo,
1555 764 1695 829 coronis
1717 764 1863 849 longui·

538 864 648 939 dulia,
685 876 718 925 et
740 862 850 946 spinis
877 870 1040 943 coopertu
1058 860 1215 943 piscium.
1268 859 1322 921 Sic
1352 869 1383 920 et
1409 858 1535 922 urbium
1555 868 1719 938 captarum
1742 856 1864 920 erescit

537 955 719 1021 miseratio:
744 956 811 1018 siue
833 954 930 1018 dubio
949 952 1043 1029 enim,
1072 954 1126 1037 qui
1144 952 1222 1017 dicit
1247 962 1460 1035 expugnatam
1482 972 1553 1015 esse
1573 949 1748 1027 civitatem,
1768 970 1864 1014 com·

514 1049 687 1133 5plectitur
709 1048 825 1123 omnia,
850 1068 1055 1132 qrtaecunque
1077 1047 1150 1109 talis
1170 1046 1300 1109 fortuna
1322 1044 1449 1127 recipit,
1472 1047 1528 1109 sed
1549 1044 1581 1107 iu
1602 1043 1738 1107 all'ectus
1756 1044 1862 1107 minus

539 1153 682 1227 penetrat
704 1141 810 1205 breuis
832 1141 882 1203 laic
905 1141 991 1203 velut
1014 1140 1155 1203 nuntius.
1181 1141 1227 1203 Ar
1254 1138 1280 1201 si
1301 1137 1423 1219 aperias
1445 1139 1537 1213 baec,
1561 1156 1644 1223 quae
1666 1141 1772 1203 serbo
1793 1157 1864 1201 nno

538 1240 644 1301 clausa
667 1248 774 1311 erant,
815 1236 1033 1316 apparebunt,
1057 1232 1088 1297 id
1111 1244 1176 1308 est,
1212 1233 1332 1296 effusae
1353 1252 1412 1314 per
1433 1234 1547 1297 domos
1568 1253 1606 1297 ac
1626 1235 1746 1317 templa
1767 1234 1865 1295 llam·

538 1354 623 1407 rnae,
661 1342 693 1395 et
721 1330 880 1393 essentium
909 1340 1066 1392 tectorum
1095 1327 1228 1411 fragor,
1265 1338 1297 1390 et
1329 1346 1371 1387 ex
1398 1325 1531 1390 diversis
1560 1328 1755 1394 clamoribus
1777 1346 1865 1389 unus

537 1412 661 1510 quidam
691 1444 808 1497 sonus,
838 1420 972 1484 aliorum
1001 1420 1076 1503 luga
1106 1420 1246 1494 incerta,
1281 1417 1334 1483 alii
1362 1430 1506 1485 extremo
1531 1424 1702 1505 complexu
1722 1441 1865 1485 suorum

496 1521 767 1592 incohaerentes,
804 1527 836 1578 et
864 1512 1030 1577 infantium
1062 1512 1313 1597 feminarumque
1343 1510 1508 1593 ploratus,
1543 1526 1576 1577 et
1596 1528 1717 1579 cetera.
1762 1514 1866 1576 Licet

538 1612 618 1674 eninr
641 1612 719 1673 baec
741 1610 865 1681 umuia,
891 1619 923 1669 ut
946 1606 1030 1683 dixi,
1055 1606 1286 1689 complectatur
1302 1604 1359 1690 qui
1380 1604 1456 1668 dicit
1476 1626 1619 1671 eversam
1640 1612 1775 1682 urbem,
1801 1606 1866 1669 mi·

537 1727 595 1769 nris
618 1715 666 1768 est
689 1715 790 1765 taruco
812 1714 912 1767 ιοιιιιιι
935 1700 1041 1764 dicere
1063 1721 1158 1784 qtraru
1180 1697 1301 1763 omnia.
1344 1696 1588 1783 Consequentur
1608 1703 1705 1779 item,
1727 1715 1765 1767 ιιι
1791 1724 1865 1765 ma·

539 1798 654 1863 uilesta
678 1796 716 1859 sit
740 1796 931 1877 descriptio,
955 1793 1101 1857 siluerit
1125 1790 1195 1856 aeri
1214 1790 1338 1856 similis.
1382 1792 1427 1857 Et
1449 1792 1559 1859 licebit
1579 1797 1673 1861 etiam
1694 1797 1781 1859 lalso
1804 1798 1867 1857 ad·

538 1893 661 1977 lingere
683 1888 834 1975 quicquid
857 1888 924 1953 lieri
946 1889 1040 1952 solet.
1087 1886 1263 1971 Continget
1284 1884 1367 1948 enim
1381 1886 1509 1959 claritas
1530 1888 1625 1952 etiam
1646 1912 1689 1953 ex
1708 1890 1869 1954 acciden-

496 1986 636 2067 nribus.
680 1986 744 2057 Ut,
779 1981 864 2045 milri
880 1978 1052 2070 frigidus
1083 1982 1211 2044 lrorror
1240 1979 1394 2043 menstra
1419 1981 1532 2065 prsntit
1556 1984 1759 2067 gelidusque
1789 1983 1869 2046 coit

529 2076 732 2169 formidine
754 2074 921 2157 sanguin
945 2086 994 2150 et,
1016 2072 1171 2155 trepidae
1189 2084 1318 2135 matres
1336 2094 1495 2155 premere
1513 2075 1562 2138 ad
1574 2089 1717 2160 pectore
1742 2088 1867 2142 mos.

539 2167 701 2235 Facillime
724 2168 804 2232 enirn
834 2167 991 2251 recipiunt
1019 2166 1113 2231 animi
1137 2169 1227 2251 quud
1247 2178 1437 2251 agnoscunt.
1495 2169 1621 2233 Ornant
1643 2170 1867 2235 elocutionem

538 2262 632 2326 etiam
666 2260 902 2333 similitudines:
941 2282 1040 2346 quare
1068 2258 1148 2323 aliae
1178 2270 1252 2322 sunt
1278 2259 1370 2335 illae,
1415 2280 1497 2344 quae
1524 2262 1725 2344 probationis
1755 2264 1867 2347 gratia

536 2355 621 2419 inter
642 2364 826 2437 argumenta
855 2366 1038 2436 ponuntur,
1073 2355 1113 2417 de
1141 2353 1257 2437 quibus
1278 2353 1360 2416 iuter
1382 2367 1567 2438 argumenta
1587 2355 1743 2429 didicisti3
1775 2348 1865 2419 ‘stiae

495 2450 598 2521 nubae
620 2451 659 2512 ad
681 2448 916 2530 exprimendam
938 2468 1044 2511 rerum
1067 2445 1235 2531 imaginem
1257 2446 1472 2528 compositae,
1496 2452 1585 2532 quod
1605 2460 1655 2513 est
1675 2448 1769 2511 buius
1790 2448 1864 2511 loci

431 2562 435 2587 ¹
538 2542 725 2625 proprium,
748 2542 866 2619 idest,
890 2553 1041 2605 ornatus:
1087 2540 1166 2604 iude
1186 2539 1259 2622 lupi
1276 2562 1339 2603 ceu
1359 2553 1537 2623 ruptorem
1557 2555 1639 2606 ntro
1658 2542 1694 2605 iu
1718 2543 1862 2605 nebula.
1956 2567 1957 2580 ¹

538 2637 613 2717 Quo
635 2634 665 2697 in
690 2654 806 2719 genere
828 2634 859 2697 id
879 2646 927 2697 est
941 2632 1113 2716 praecipue
1135 2633 1382 2710 custodiendum,
1406 2654 1446 2697 ue
1467 2633 1511 2712 id,
1535 2638 1623 2720 quod
1645 2636 1862 2700 similitudinis

538 2730 639 2815 gratia
662 2728 865 2804 adscivimus,
901 2738 956 2791 aut
978 2728 1148 2790 obscruum
1171 2727 1211 2789 sit
1232 2738 1286 2790 aut
1306 2726 1476 2813 ignotum:
1514 2730 1611 2793 debet
1631 2730 1734 2807 eninr,
1767 2734 1863 2814 quod

536 2824 739 2887 illustrandae
761 2820 891 2885 alterius
912 2820 959 2883 rei
981 2820 1085 2903 gratia
1106 2821 1294 2897 assumitur,
1326 2820 1429 2904 ipsum
1451 2842 1521 2885 esse
1542 2821 1659 2886 clarius
1680 2843 1741 2899 eo,
1769 2827 1863 2908 quod

374 2962 378 2971 -
493 2934 526 2983 ts
537 2916 701 2980 illuminat.
753 2916 861 2997 Quare
888 2913 994 2998 po'e'tis
1018 2912 1144 2998 quidem
1173 2914 1413 2996 permittamuss
1449 2915 1582 3000 poclis,
1615 2927 1656 2979 ut
1679 2916 1864 2981 hibernam

536 3011 681 3097 Lyciam
716 3008 910 3093 Xanthique
930 3006 1079 3101 fluento
1103 3007 1258 3085 deserit,
1291 3019 1327 3072 et
1350 3010 1478 3073 Delum
1512 3021 1705 3074 maternum
1739 3011 1862 3074 inrisit

536 3106 681 3187 Apollos
703 3114 862 3166 oratorem
886 3122 950 3166 non
972 3104 1062 3164 decet
1083 3100 1143 3165 uisi
1163 3102 1238 3187 satis
1261 3099 1346 3165 uotis
1368 3114 1401 3165 et
1421 3102 1598 3167 illustribus
1619 3124 1674 3180 ea,
1698 3124 1781 3187 quae
1796 3104 1862 3167 sint

537 3200 687 3263 obscura.
731 3196 782 3261 De
805 3195 966 3259 sententiis
987 3194 1055 3259 sive
1077 3195 1222 3257 sensibus
1242 3198 1442 3260 cousuetudo
1465 3195 1526 3259 iam
1548 3196 1664 3270 tenuit,
1694 3208 1731 3260 ut
1752 3208 1860 3261 ruente

536 3299 691 3371 concepta
713 3309 823 3351 sensus
847 3308 1016 3353 vocemus:
1051 3287 1167 3351 lumina
1188 3299 1292 3351 autem
1314 3289 1486 3371 praecipue
1507 3290 1539 3353 in
1559 3287 1709 3353 clarasulis
1731 3290 1856 3373 posita,

494 3404 527 3456 ao
537 3381 724 3447 sententias:
759 3403 839 3467 quae
873 3382 973 3445 minus
1002 3379 1182 3445 celebratae
1210 3385 1295 3464 apud
1322 3382 1471 3466 antiquos
1509 3384 1627 3448 uostris
1656 3383 1860 3467 temporibus

537 3477 633 3539 modo
656 3488 780 3550 carent,
820 3486 853 3539 ut
874 3474 918 3538 ait
940 3473 1162 3554 Quintilianus.
1205 3475 1388 3539 Sententiae
1410 3475 1533 3540 iuterim
1555 3478 1684 3540 adrem
1705 3476 1856 3539 referun-

535 3582 612 3633 tur:
650 3582 702 3644 ut,
737 3568 823 3631 nihil
844 3581 895 3633 est
915 3579 989 3631 tam
1013 3572 1183 3651 populare
1206 3588 1310 3653 pssum
1329 3568 1496 3632 ὁοηὶιαιι
1530 3567 1655 3633 interius
1678 3570 1720 3632 ad
1741 3589 1857 3651 perso·

537 3685 610 3739 nas,
635 3674 668 3725 ut
690 3674 737 3725 est
764 3662 839 3729 Arri
860 3661 1012 3726 Domitii:
1034 3662 1196 3744 princeps
1220 3662 1280 3747 qui
1298 3664 1370 3726 uult
1390 3664 1507 3727 omniu
1524 3663 1639 3735 acne,
1660 3663 1696 3726 ei
1718 3682 1858 3729 necesse

536 3769 589 3825 est
612 3756 803 3840 ignoscere.
848 3756 941 3820 Hanc
969 3754 1094 3839 qrridam
1128 3768 1250 3838 partem
1285 3754 1535 3836 enthymematis,
1572 3756 1699 3840 quidam
1733 3756 1856 3823 initium

495 3865 591 3922 assurt
612 3851 781 3915 claruulam
806 3848 1038 3932 epichirematis
1060 3869 1131 3912 esse
1152 3846 1321 3911 dixerunt:
1346 3861 1377 3912 et
1393 3860 1443 3912 est
1457 3850 1646 3935 aliquando,
1668 3864 1856 3916 nontamen

536 3967 675 4029 semper.
730 3944 814 4007 lllud
848 3943 970 4019 serius,
1009 3963 1079 4007 esse
1102 3962 1170 4006 earu
1200 3941 1369 4027 aliquando
1391 3941 1585 4025 simplicem,
1623 3954 1658 4006 ut
1679 3965 1735 4021 ea,
1774 3967 1857 4030 quae

535 4060 632 4122 supra
666 4038 841 4111 ediximus3
872 4038 1041 4121 aliquando
1069 4034 1194 4100 ratione
1220 4035 1376 4123 subiecta.
1432 4038 1476 4102 Ut
1497 4050 1565 4101 esta
1595 4058 1677 4100 nom
1698 4038 1735 4101 iu
1760 4039 1857 4103 omrai

537 4132 739 4209 certamine,
764 4131 823 4216 qui
848 4131 1042 4215 opulentior
1063 4142 1130 4205 est,
1164 4130 1270 4193 etium
1297 4130 1329 4194 si
1353 4132 1478 4213 accipit
1497 4130 1678 4207 iniurium
1714 4145 1853 4210 tamen,

534 4226 617 4313 quic
635 4228 714 4309 plus
735 4236 872 4308 potest,
897 4223 1031 4315 facere
1050 4222 1197 4295 uidetur.
1240 4223 1302 4286 Est
1323 4245 1546 4309 nonnumquam
1569 4236 1600 4287 et
1621 4226 1756 4306 duplex:
1797 4228 1855 4290 ob·

493 4318 690 4403 apsepuium
707 4318 860 4393 amicos,
898 4316 1024 4381 ueritas
1044 4316 1164 4379 odium
1179 4316 1289 4399 posit.
1339 4316 1379 4380 lu
1401 4318 1448 4379 his
1470 4316 1709 4380 custodiendum
1731 4329 1798 4394 est,
1822 4319 1854 4381 id

534 4414 624 4498 quod
645 4411 773 4493 ubique.
800 4432 838 4475 ne
859 4414 991 4473 crebrae
1012 4409 1086 4485 siut,
1112 4431 1152 4473 ne
1173 4410 1276 4493 palam
1297 4409 1407 4486 falsae,
1430 4422 1461 4473 et
1484 4432 1524 4474 nc
1538 4410 1654 4493 passim
1677 4421 1710 4473 et
1731 4433 1750 4475 a
1772 4434 1854 4495 quo·

534 4524 658 4587 cunque
680 4504 841 4567 dicantur:
866 4506 967 4587 magis
989 4501 1069 4567 enim
1086 4506 1178 4567 decet
1198 4524 1276 4580 eos,
1298 4502 1328 4565 in
1344 4505 1458 4589 quibus
1474 4515 1521 4567 est
1541 4506 1726 4571 auctoritas.
1771 4506 1855 4571 Veri

534 4599 659 4683 pondus
690 4596 783 4661 etiarn
817 4619 953 4681 persona
984 4596 1164 4661 coufirmat.
1216 4595 1299 4678 Quis
1324 4598 1407 4661 ierat
1429 4599 1660 4662 adolescentem
1682 4613 1736 4663 aut
1759 4602 1852 4665 etiam

622 4827 647 4873 l.
667 4828 728 4877 Cod.
746 4835 856 4873 esterna.
893 4826 935 4875 28.
955 4828 1073 4889 dacaru]
1092 4830 1128 4874 lta
1146 4830 1207 4876 Cnd.
1223 4832 1274 4877 sias
1291 4830 1436 4879 alioverlto.
1475 4826 1517 4877 ³³.
1536 4830 1599 4879 cot.
1617 4830 1692 4897 Affri.
1729 4830 1773 4883 Sl.
1791 4834 1849 4895 lael.

675 4912 704 4945 ss
717 4898 816 4957 Quintil.
836 4898 906 4944 vttt.
926 4896 951 4945 5.
970 4912 997 4945 ιι.
1016 4905 1053 4944 est
1071 4900 1152 4945 mutto
1167 4901 1310 4962 ignoscere.

611 5023 658 5079 15.
676 5019 716 5073 Ex
735 5018 810 5091 virg.
831 5018 886 5073 boc
903 5034 930 5093 et
949 5023 1092 5093 sequentia
1112 5019 1247 5097 exempla.

609 5100 657 5155 27.
676 5094 752 5149 Loco
771 5098 868 5151 citato.
