4434 5959
529 634 580 698 bl
621 644 625 654 ’
789 626 792 629 ’
1001 629 1289 697 VICTORINUS

537 773 644 837 fabula
659 772 788 856 incipias
804 774 855 835 vel
870 771 1012 856 apologo
1026 774 1065 835 ad
1083 791 1233 854 praesens
1248 768 1408 854 negotium
1423 770 1663 852 pertinentibus.
1708 772 1852 836 Fabulae

537 878 629 943 siunt,
668 889 746 951 quas
768 868 835 930 lere
857 866 998 930 videmus
1020 865 1176 928 exstitisse
1199 884 1239 926 ex
1261 863 1436 938 Phaedria,
1473 863 1613 940 Medeia,
1645 865 1850 946 Clytaemne-

537 959 612 1024 stris
634 961 765 1044 aliisque
787 960 951 1023 similibus.
1004 956 1152 1042 Apologi
1181 968 1253 1020 sunt
1275 978 1314 1019 ex
1336 959 1431 1020 rebus
1461 958 1629 1020 humilibus
1651 962 1851 1040 compositae

538 1056 688 1137 quaedam
720 1053 846 1116 formae
873 1073 910 1115 ac
941 1051 1064 1133 speeies
1091 1053 1131 1113 ad
1159 1047 1347 1112 vivendum:
1378 1061 1411 1112 ut
1439 1061 1541 1113 exstat
1569 1051 1621 1113 illa
1643 1056 1680 1114 de
1704 1073 1790 1114 mure
1813 1065 1849 1116 et

513 1148 643 1211 alsone.
686 1149 778 1230 Ergo
800 1146 846 1219 si,
883 1145 1005 1228 inquit,
1042 1142 1165 1228 negotii
1193 1141 1326 1226 dignitas
1354 1143 1509 1224 patietur,
1550 1144 1647 1208 risum
1670 1144 1851 1209 vellosum

537 1260 667 1303 movere
697 1240 876 1321 oportebitz
914 1240 962 1303 sio
983 1253 1087 1308 etitem
1116 1239 1177 1301 tale
1200 1236 1359 1318 negotium
1380 1236 1506 1314 luerit,
1528 1248 1562 1301 ut
1588 1237 1752 1308 iocandum
1781 1259 1849 1300 noo

537 1331 596 1408 sit,
634 1353 651 1393 a
680 1354 714 1394 re
741 1334 844 1418 aliqua
874 1333 958 1396 tristi
985 1345 1016 1397 st
1043 1353 1155 1395 severa
1186 1329 1383 1394 commodum
1413 1329 1473 1390 erit
1500 1328 1651 1412 incipere.
1695 1331 1789 1395 Nam
1808 1341 1851 1392 us

537 1425 664 1508 (inquit)
696 1425 762 1490 cibi
777 1425 975 1518 fastidium
1002 1447 1091 1488 nunc
1120 1424 1211 1487 drdci
1239 1445 1277 1485 re
1306 1421 1505 1503 mitigatur,
1540 1443 1628 1484 nunc
1662 1423 1853 1485 subamara

537 1521 728 1594 relevatur:
749 1521 808 1597 ita,
832 1519 953 1603 inquit,
977 1519 1113 1582 studium
1137 1515 1279 1580 audiendi
1301 1517 1385 1596 apud
1407 1513 1525 1578 iudices
1549 1537 1630 1578 nunc
1651 1518 1748 1580 rebus
1769 1514 1851 1578 ridi·

496 1609 635 1685 ttculis,
659 1634 741 1676 nrrnc
763 1611 1247 1694 asperioribusredintegratur.

620 1707 670 1768 Ac
691 1705 878 1789 separatim
897 1705 1051 1789 quidem,
1076 1701 1218 1787 quande
1229 1701 1402 1784 principio
1416 1713 1448 1764 et
1463 1701 1691 1766 insinuatione
1705 1700 1852 1764 dicenda

535 1797 752 1874 uidebantur,
775 1801 857 1860 hoec
866 1794 956 1888 fere
977 1796 1069 1878 sunt]
1116 1797 1241 1876 Supra,
1264 1794 1383 1879 inquit,
1410 1797 1486 1879 quid
1507 1796 1539 1858 in
1554 1793 1714 1876 principiis
1728 1793 1851 1856 lacien-

536 1891 609 1952 dum
631 1903 733 1982 esset,
756 1892 832 1975 quid
853 1911 884 1952 m
903 1889 1129 1971 insinuatione,
1153 1889 1319 1968 separatim
1342 1888 1584 1971 disputavimus:
1607 1907 1709 1962 nunc,
1732 1886 1847 1971 inquit,

534 1981 678 2046 breviter
697 1982 728 2046 in
752 1994 922 2067 utrumque
943 1995 1113 2064 praecepta
1136 1983 1289 2045 dabimus.

495 2087 526 2138 tt
619 2076 816 2142 Exordium
842 2077 1088 2138 sententiarum
1120 2088 1153 2139 et
1178 2075 1361 2159 grauitatis
1381 2075 1569 2159 plurimum
1593 2076 1687 2140 debet
1708 2075 1849 2154 babere]

537 2170 784 2246 Sententiarum,
822 2169 938 2254 inquit,
978 2190 1042 2233 noo
1070 2169 1205 2244 illarum,
1230 2189 1309 2250 quae
1332 2170 1519 2252 generaliter
1541 2171 1706 2234 dicuntur:
1743 2176 1850 2232 otest

491 2277 495 2286 “
535 2263 632 2338 illud,
662 2262 868 2346 Obsequium
897 2263 1045 2336 amicos,
1083 2263 1208 2326 ueritas
1237 2262 1354 2324 odium
1386 2263 1494 2344 parit.
1552 2263 1761 2344 Praeceptum
1798 2271 1850 2322 est

536 2369 657 2430 alitem,
695 2379 735 2419 ue
765 2357 839 2440 quid
865 2355 897 2418 in
925 2354 1088 2438 principiis
1118 2354 1309 2436 generaliter
1339 2356 1480 2419 dicatur:
1517 2359 1572 2419 sed
1597 2357 1648 2418 hle
1676 2353 1848 2418 sententias

536 2448 724 2528 accipiamus
752 2469 861 2510 sensus
897 2458 990 2531 atque
1019 2447 1218 2510 inventiones
1248 2447 1396 2528 plurimas
1433 2461 1525 2533 atque
1554 2451 1680 2512 easdem
1711 2465 1848 2532 paves:

494 2556 526 2605 2⁰
536 2553 724 2622 propterea,
749 2539 866 2625 inquit,
890 2552 925 2604 ut
945 2539 1153 2603 commendati
1175 2538 1271 2602 siurus
1285 2541 1491 2605 auditoribus.
1537 2543 1572 2605 ln
1591 2540 1724 2605 exordio
1743 2537 1868 2604 omnia-

536 2634 588 2696 illa
612 2636 727 2699 habere
750 2636 918 2710 debemus,
942 2656 1021 2719 quae
1041 2633 1133 2697 nobis
1155 2643 1187 2696 et
1209 2633 1346 2698 orationi
1369 2645 1495 2698 nostrae
1511 2636 1635 2716 pariant
1650 2632 1846 2718 dignitatem.

617 2727 814 2810 Splendoris
834 2737 869 2789 et
877 2724 1091 2817 festivitatis
1113 2736 1147 2790 et
1160 2725 1446 2791 concinnitudinis
1461 2727 1651 2806 minimum]
1695 2728 1732 2790 ln
1748 2741 1848 2788 exor-

535 2821 607 2897 dio,
630 2821 754 2904 inquit,
779 2819 856 2884 nihil
879 2820 1096 2902 splendidum,
1121 2817 1196 2882 nihil
1221 2819 1387 2902 diligenter
1409 2833 1587 2884 accuratum
1609 2821 1726 2883 habere
1747 2821 1847 2880 debe-

535 2936 620 2989 mus,
658 2934 697 2976 ne
736 2912 805 2995 ipsa
835 2912 958 2976 dicendi
996 2911 1156 2996 diligentia
1194 2911 1391 2976 diffidentiam
1428 2914 1549 2997 negotii
1585 2917 1845 2979 demonstremus.

493 3019 524 3068 tt
536 3004 654 3070 Docuit
675 3003 752 3089 quid
771 3005 803 3069 in
819 3004 998 3087 principiis,
1023 3006 1098 3089 quid
1112 3005 1145 3068 in
1158 3003 1384 3082 insinuatione,
1408 3007 1483 3090 quid
1498 3008 1688 3090 generaliter
1709 3006 1739 3068 in
1755 3017 1848 3069 utro·

534 3121 596 3182 qum
618 3102 793 3164 observare
808 3101 973 3173 debemus;
997 3119 1115 3182 quare,
1138 3109 1304 3181 postquam
1321 3102 1457 3164 ostendit
1472 3101 1547 3185 quid
1561 3100 1734 3164 laciendum
1750 3111 1845 3173 esset,

532 3192 696 3275 praecepit
716 3214 826 3256 rursus
848 3193 923 3278 quid
943 3192 1119 3256 laciendum
1147 3211 1209 3254 non
1231 3195 1284 3256 sit.

618 3285 714 3351 Vitia
732 3308 814 3350 vero
834 3289 916 3349 lraec
936 3297 1017 3350 sunt
1038 3285 1234 3349 certissima
1255 3287 1493 3368 exordiorum]
1538 3287 1640 3368 Quum
1664 3285 1705 3349 ait
1727 3287 1846 3349 certis-

533 3377 639 3453 sima,
664 3379 800 3441 ostendit
821 3391 852 3442 et
872 3401 967 3460 supra
990 3399 1023 3442 se
1045 3377 1185 3442 nonnihil
1200 3381 1239 3440 de
1263 3379 1345 3441 vitiis
1362 3380 1487 3444 exordii
1502 3379 1631 3443 dixisse.
1675 3379 1732 3443 Ait
1747 3381 1844 3443 enim:

493 3477 526 3528 tt
534 3472 724 3554 splendoris
744 3483 779 3534 et
796 3469 1001 3556 festivitatis
1022 3483 1055 3534 et
1076 3471 1365 3535 concinnitudinis
1380 3473 1557 3536 minimum
1577 3472 1608 3534 in
1625 3473 1759 3537 exordio
1775 3493 1846 3536 esse

534 3565 673 3628 debebit.
718 3565 840 3626 Verum
873 3567 950 3627 haec
978 3563 1110 3626 maxima
1142 3563 1215 3628 vitia
1237 3564 1442 3628 exordiorum
1466 3587 1534 3628 esse
1557 3565 1631 3628 dicit
1653 3577 1746 3648 atque
1767 3566 1846 3626 haec

535 3660 663 3721 omnino
690 3655 817 3721 vitanda
845 3678 914 3721 csso
949 3656 1121 3738 praecipit:
1157 3660 1317 3742 ordgare,
1357 3679 1553 3736 commune,
1587 3657 1842 3734 commutabile,

533 3751 691 3835 longum,
715 3761 932 3833 separatam,
955 3754 1178 3826 translatum,
1202 3763 1323 3814 contro
1341 3764 1537 3836 praecepta.

620 3845 773 3926 Vulgare
799 3855 873 3919 est,
911 3845 1002 3928 quod
1025 3843 1062 3906 in
1082 3845 1202 3926 plures
1226 3865 1348 3906 causas
1370 3855 1485 3925 potest
1506 3842 1781 3918 accommodari,
1806 3855 1845 3907 ut

493 3927 900 4016 ttconoenire'oideatur]
944 3937 982 4001 ld
1003 3947 1070 4012 est,
1095 3941 1181 4020 quod
1203 3937 1316 3999 dicitur
1338 3938 1485 4021 generale
1508 3936 1694 4020 principium
1711 3949 1743 4000 et
1757 3939 1846 4019 quod

534 4049 598 4090 non
620 4027 728 4105 troius,
763 4031 818 4092 sed
840 4028 977 4092 omnium
1000 4040 1193 4112 potestesse
1215 4051 1397 4104 cartsarum3
1431 4031 1458 4094 si
1480 4031 1526 4094 sie
1547 4030 1693 4111 incipias:
1731 4033 1845 4094 locem

533 4142 600 4204 ogo
620 4122 786 4204 optimum
808 4123 1017 4194 maximumr
1039 4122 1142 4204 [autc]
1165 4124 1301 4199 uellem,
1326 4123 1357 4187 si
1371 4123 1460 4200 steri
1477 4135 1614 4207 posset,
1638 4123 1779 4188 indices.

619 4217 802 4284 Commune
823 4229 896 4293 est,
920 4217 1011 4300 quod
1032 4216 1140 4278 nihilo
1162 4216 1274 4278 minus
1295 4217 1331 4279 in
1352 4219 1438 4286 banc
1459 4239 1562 4301 quom
1582 4216 1844 4280 meorumnam

530 4319 667 4392 portem
687 4331 811 4373 causae
829 4321 944 4393 potest
964 4308 1155 4388 conuenire]
1202 4309 1287 4372 luter
1302 4309 1433 4395 vulgare
1448 4322 1480 4373 et
1494 4331 1656 4374 commune
1671 4311 1733 4372 hoc
1746 4309 1844 4372 intec-

493 4409 601 4463 ttest:
637 4401 767 4486 vulgare
798 4403 933 4466 omnium
950 4400 1253 4466 'controversiarum
1276 4414 1340 4464 est:
1371 4423 1552 4475 commune,
1585 4402 1617 4464 ln
1638 4405 1743 4466 eedem
1765 4424 1847 4466 con-

535 4494 690 4556 troversia
713 4495 876 4580 utriusque
897 4495 1009 4576 partis.
1052 4495 1166 4578 ltaque
1188 4515 1352 4560 commune
1374 4495 1478 4578 speeie
1499 4495 1686 4558 includitur:
1711 4496 1843 4580 vulgare

535 4607 615 4648 vcro
637 4589 782 4669 generale
806 4598 864 4654 est.
910 4588 1017 4667 Quare
1039 4607 1204 4652 commune
1226 4589 1304 4665 erit,
1343 4591 1429 4674 quod
1450 4600 1512 4652 tam
1534 4609 1552 4652 a
1574 4585 1664 4652 nobis
1687 4609 1779 4675 quarn
1804 4591 1844 4652 ab

535 4680 723 4746 adversariis
746 4681 808 4743 dici
830 4692 950 4763 potest.

608 4809 635 4861 8.
654 4803 727 4854 dailei
747 4783 945 4870 resin-basil.
965 4801 1031 4857 edlt.
1050 4802 1149 4874 legitur
1168 4781 1299 4855 subdrclcl.
1321 4803 1402 4854 Cure.

605 4880 633 4934 9.
653 4879 806 4945 relevatur]
822 4879 934 4930 Editum
949 4875 1036 4930 lucrat
1049 4878 1201 4930 revelatur.
1216 4877 1298 4930 Care.
1321 4878 1476 4943 (relevatur
1489 4891 1562 4930 reete
1576 4874 1627 4930 Cd.
1640 4877 1704 4930 trus.
1718 4875 1760 4930 St.
1771 4872 1845 4945 ΔΜ.)

609 4958 653 5010 19.
672 4951 859 5021 inventiones]
881 4951 927 5004 Sic
947 4951 996 5004 ed.
1017 4953 1078 5005 llas.
1097 4952 1137 5004 St.
1158 4951 1219 5005 ald.
1240 4980 1277 4994 -·
1295 4956 1462 5002 intentiones
1481 4953 1566 5023 Capp.
1583 4951 1640 5004 On.

561 5023 567 5028 ’
608 5033 651 5089 36.
672 5046 696 5078 n
714 5047 754 5080 sec
772 5031 901 5098 mustias]
922 5026 1087 5081 particulam
1105 5027 1178 5078 hanc
1203 5031 1247 5092 st,
1267 5043 1335 5098 quae
1355 5025 1463 5094 deerat,
1484 5025 1667 5100 supplevimus
1678 5043 1710 5079 ex
1720 5023 1846 5079 editione

533 5103 693 5157 basileensi.
712 5104 793 5157 Care.
814 5100 912 5170 (Abest
931 5107 958 5154 st
976 5117 992 5152 a
1011 5099 1063 5154 cd.
1084 5105 1146 5154 Bne.
1166 5099 1233 5166 Os.)

607 5181 652 5236 57.
671 5180 737 5248 aest]
758 5177 843 5232 Abest
862 5193 877 5229 a
898 5175 947 5230 Cd.
967 5177 1029 5230 Bas.
1049 5175 1090 5230 St.
1111 5171 1172 5230 Ald.
1192 5175 1245 5229 Oe:
