4434 5959
532 647 598 716 22⁰
975 645 1016 712 C.
1038 644 1194 714 IULIUS
1216 645 1397 714 VICTOR

525 791 606 872 fur.
644 789 678 853 Α
695 785 817 870 speeie:
849 799 898 867 nt,
924 809 1030 869 auum
1048 786 1193 869 probare
1222 786 1392 850 crudelem
1413 787 1586 866 volamus,
1608 787 1776 870 quaedam
1797 789 1845 850 alt

534 904 575 947 eo
596 883 776 946 crudeliter
788 879 897 960 foetu
921 879 1114 941 doceamus.
1157 877 1188 940 A
1210 876 1408 952 differentia,
1432 899 1526 961 quum
1548 877 1703 940 incudem
1720 899 1848 960 genere

441 1040 446 1058 Ι
533 973 654 1054 species
675 973 716 1033 ab
737 971 796 1032 alia
817 969 922 1050 specie
943 965 1130 1032 secernitur.
1174 969 1219 1034 Ut
1242 971 1374 1032 Maraeu
1396 971 1539 1034 Tutilius:
1576 972 1690 1054 qualis
1715 976 1750 1034 in
1784 993 1841 1034 ιιι·-

533 1064 625 1127 bano
651 1071 814 1145 praetura
833 1059 947 1140 faerit
977 1060 1109 1137 Verres,
1142 1064 1247 1129 talem
1274 1066 1308 1126 in
1327 1064 1535 1145 provinciali
1553 1083 1631 1127 esse.
1671 1061 1755 1124 Illud
1777 1082 1840 1124 nos

507 1167 598 1218 enon
626 1152 748 1237 fugiat,
785 1151 922 1214 incidere
940 1150 1005 1214 hoe
1027 1173 1126 1234 genus
1152 1155 1346 1238 argumenti,
1370 1156 1456 1237 qaod
1479 1163 1527 1215 est
1550 1152 1779 1228 adifferentia,
1803 1154 1842 1216 in

533 1249 615 1313 alios
635 1248 725 1310 locos
746 1267 858 1326 saepe,
889 1254 921 1307 et
938 1243 1071 1306 maxime
1090 1246 1122 1308 in
1144 1267 1235 1323 etim,
1259 1247 1313 1334 qui
1335 1259 1422 1312 esta
1444 1246 1565 1309 minore
1587 1266 1687 1328 usque
1710 1249 1749 1308 ad
1771 1269 1840 1309 ma·

532 1341 594 1405 ius.
637 1341 718 1404 Nam
746 1361 841 1424 qurum
871 1335 961 1411 dieo,
994 1338 1057 1419 qni
1085 1341 1121 1400 in
1147 1342 1282 1405 civitate
1313 1339 1446 1422 legibus
1473 1361 1541 1403 non
1573 1336 1839 1419 obtemperavit,

532 1436 622 1498 lianc
649 1453 711 1515 per
734 1433 907 1514 regionem
935 1428 1122 1492 modestam
1136 1428 1250 1507 fuisse
1283 1429 1442 1495 creditis?
1477 1451 1495 1492 a
1522 1428 1640 1492 maiore
1669 1429 1708 1492 sd
1735 1429 1842 1492 miurus

534 1525 683 1596 osteud03
716 1525 779 1606 ani
809 1523 979 1584 civitatem
1008 1517 1202 1600 praedavit,
1236 1532 1364 1604 quanto
1385 1525 1498 1604 magis
1520 1521 1636 1585 domos
1665 1521 1844 1588 incendit?

491 1616 566 1685 soA
586 1614 720 1698 proprio
749 1614 795 1678 sic
816 1619 1033 1694 argumentum
1055 1605 1201 1671 ducitur:
1230 1614 1407 1692 proprium
1430 1622 1478 1675 est
1499 1620 1721 1709 tyrannotpm
1746 1612 1842 1693 leges

533 1717 760 1781 contemnere3
791 1705 853 1787 qai
876 1721 960 1781 ergo
981 1700 1092 1781 legem
1120 1719 1143 1762 a
1168 1700 1258 1763 vobis
1282 1703 1391 1764 lutam
1412 1700 1738 1778 cucumerarium,
1768 1722 1841 1764 non

532 1799 599 1861 lmc
620 1799 695 1876 ipso
718 1791 930 1877 tyrannidem
949 1810 984 1853 se
1004 1792 1171 1870 affectare
1191 1790 1370 1854 declarat?
1389 1794 1432 1854 Et
1454 1790 1592 1874 apertius
1608 1789 1740 1852 biamus
1755 1793 1840 1854 Tul·

531 1887 591 1950 lius
625 1889 736 1960 docet,
769 1881 1026 1968 quemadmodum
1058 1880 1120 1942 boc
1152 1879 1227 1943 loco
1255 1891 1396 1960 utamur,
1433 1884 1487 1968 qui
1512 1884 1649 1966 assignat
1671 1884 1837 1965 propriam

541 1979 674 2045 Caesari
693 1999 761 2042 esse
782 1975 996 2046 clementiam,
1018 1984 1050 2036 et
1065 1972 1156 2036 dieite
1179 1974 1320 2037 bellicas
1343 1977 1477 2059 quidem
1499 1979 1616 2042 laudes
1636 1978 1750 2050 †eam
1780 2001 1842 2044 ex-

493 2075 645 2138 ttercitu
678 2091 758 2133 eum
778 2068 861 2133 belli
879 2066 1013 2132 eusebes
1038 2069 1073 2132 ei
1101 2085 1181 2127 cum
1207 2067 1324 2127 ceteris
1357 2085 1436 2130 esse.
1456 2086 1657 2133 communes.
1697 2072 1751 2134 Ee
1772 2073 1843 2132 ista

537 2183 613 2228 vero
640 2159 742 2224 lande
772 2159 857 2222 niltr'l
876 2159 1045 2235 centurio,
1065 2155 1150 2217 nihil
1171 2153 1313 2230 cohors,
1331 2156 1416 2218 nibil
1434 2165 1548 2220 turma
1567 2157 1741 2242 decerpsit.

939 2335 971 2409 §.
993 2327 1026 2394 3.
1058 2327 1090 2393 Α
1112 2325 1434 2398 DEFINITIONE.

614 2481 767 2549 Definitio
795 2492 844 2545 est
875 2457 1071 2544 oratio‘vim
1097 2488 1128 2540 et
1150 2473 1351 2538 substantiam
1377 2473 1423 2539 rei
1444 2474 1636 2560 significans.
1680 2483 1759 2546 Eius
1781 2487 1842 2548 du·

532 2579 608 2663 plex
629 2577 713 2640 ratio
735 2587 794 2638 est.
838 2575 905 2637 Aut
925 2574 1004 2635 enim
1026 2571 1235 2652 praecedente
1257 2568 1438 2632 definitione
1460 2573 1639 2653 qttaeritur,
1669 2578 1753 2641 sitae
1772 2580 1841 2641 boc

489 2677 652 2751 Quietus,
674 2680 727 2731 aru
749 2667 833 2749 quid
849 2669 892 2730 sit
912 2668 1024 2728 virtus.
1056 2665 1093 2726 ld
1115 2673 1166 2724 aut
1187 2660 1366 2724 universam
1391 2663 1498 2726 verbis
1522 2668 1779 2748 complectimur,
1803 2681 1840 2730 ut

531 2763 696 2826 rhetorice
724 2769 772 2823 est
791 2755 975 2821 inveniendi
993 2765 1025 2820 et
1055 2755 1255 2839 disponendi
1277 2764 1309 2818 et
1340 2757 1523 2839 eloquendi
1545 2777 1625 2822 cnm
1645 2759 1749 2834 firma
1775 2785 1841 2826 me·

531 2855 643 2916 moria
663 2862 696 2916 et
724 2870 802 2916 eum
831 2847 993 2928 dignitate
1024 2848 1172 2910 actionis
1194 2844 1349 2908 seientia.
1399 2847 1463 2909 Sed
1488 2847 1542 2909 ilia
1568 2850 1659 2929 prior
1693 2853 1842 2916 subtilius

531 2954 564 3007 et
585 2943 720 3006 limatius
740 2941 969 3025 philosophicis
991 2937 1253 3022 disputationibus
1280 2949 1456 3012 coartatum
1493 2952 1625 3006 atvero
1648 2945 1729 3007 baec
1758 2946 1840 3009 inle-

531 3037 600 3100 rior
624 3038 760 3100 oratoris
782 3034 959 3097 actionibus
986 3034 1147 3107 dilatatur,
1172 3043 1203 3095 et
1227 3031 1326 3111 magis
1351 3033 1613 3114 descriptionibus
1635 3049 1666 3100 et
1684 3037 1840 3102 eiusmodi

488 3131 764 3196 tadeiinitionibus
785 3128 979 3211 explicatur,
1011 3147 1093 3209 qtrae
1123 3149 1163 3188 ex
1188 3124 1330 3206 pluribus
1355 3128 1520 3206 speciebus
1547 3150 1613 3190 rem
1635 3140 1766 3206 notent,
1803 3144 1839 3195 ιιι

530 3225 664 3287 Marcus
688 3224 811 3285 'l'uliius
832 3231 944 3284 eontra
967 3219 1146 3282 contionem
1169 3217 1277 3297 Quinti
1298 3217 1440 3281 Metellis
1471 3223 1533 3300 qui
1555 3227 1708 3286 animum
1736 3224 1840 3285 liasti-

530 3315 598 3378 lem
612 3315 711 3378 babet
730 3325 763 3378 et
784 3315 880 3376 cuius
891 3313 1001 3393 sacto
1014 3313 1153 3374 hostilia
1168 3320 1266 3392 sunt,
1287 3319 1318 3371 et
1341 3323 1461 3374 cetera.
1519 3311 1591 3374 Hoe
1614 3314 1722 3397 utique
1742 3315 1839 3377 modo

531 3404 564 3467 iu
584 3414 885 3490 utramquepartem
903 3404 1018 3466 valebit
1033 3400 1186 3465 delinitio.
1230 3401 1340 3465 Omnis
1356 3425 1506 3488 namque,
1531 3404 1603 3488 qui,
1627 3409 1715 3490 quod
1730 3408 1838 3482 habet,

530 3497 694 3582 arguitur,
730 3499 879 3570 eodem,·
897 3496 967 3577 quia
989 3516 1054 3558 non
1073 3495 1207 3566 babeat,
1231 3495 1418 3560 defenditur.
1461 3499 1659 3581 Argumenta
1681 3519 1699 3561 a
1729 3499 1841 3562 delini·

488 3587 619 3660 notione
641 3593 799 3654 ducuntur
818 3600 850 3652 et
867 3611 925 3672 per
944 3587 1181 3670 etymologiam.
1225 3587 1270 3650 Ut
1286 3588 1492 3670 locupletem
1512 3611 1528 3652 a
1550 3591 1709 3654 locorum
1723 3593 1841 3672 copia,

533 3694 564 3746 et
583 3685 805 3765 pecuniosam
824 3703 841 3743 a
862 3702 1025 3764 pecorum
1045 3683 1152 3762 copio
1172 3679 1323 3744 dieamus.
1366 3680 1550 3746 Definitioni
1572 3681 1713 3745 subiecta
1742 3681 1841 3743 maxi·

530 3797 581 3840 me
602 3773 746 3837 ridentur
766 3795 886 3858 genus,
923 3771 1060 3856 species,
1099 3769 1267 3848 differens,
1300 3773 1479 3855 proprium.
1530 3775 1583 3838 Ex
1614 3775 1663 3838 bis
1692 3773 1840 3840 omnibus

530 3877 715 3953 argrtmenta
741 3871 909 3931 ducuntur.
963 3867 1071 3930 Genus
1103 3866 1142 3925 ad
1167 3867 1359 3947 probandam
1386 3868 1521 3948 speciem
1553 3866 1711 3930 minimum
1734 3867 1839 3940 vaiet,

529 3958 697 4045 plurimum
720 3962 761 4022 ad
780 3961 996 4024 refellendam.
1059 3957 1171 4039 Itaque
1195 3979 1277 4032 non,
1309 3977 1403 4040 ¹tpuoe
1441 3970 1489 4024 est
1522 3959 1642 4040 artur,
1673 3959 1841 4041 platanus

487 4064 599 4131 παις
634 4063 666 4114 at
707 4050 801 4135 quod
844 4073 911 4115 non
955 4058 1004 4112 est
1046 4049 1167 4126 arbor,
1210 4053 1327 4133 utiquc
1364 4051 1526 4131 platanus
1558 4071 1627 4112 non
1660 4059 1719 4114 est.
1768 4049 1842 4110 Nee

530 4143 626 4229 quod
651 4145 755 4206 virtus
790 4152 856 4216 est,
889 4140 1006 4221 utique
1037 4140 1168 4201 iustitio
1198 4149 1266 4216 ett,·
1301 4151 1332 4204 at
1360 4139 1538 4222 quodnon
1560 4142 1749 4216 estrimes,
1769 4161 1839 4204 non

527 4241 638 4315 potest
670 4251 739 4297 esse
768 4230 914 4294 iustitia.
975 4228 1102 4308 Species
1143 4230 1263 4294 firmam
1302 4231 1522 4316 probationem
1559 4232 1654 4293 habet
1688 4229 1839 4312 generis,

528 4323 683 4385 infirmam
710 4321 944 4386 refutationem.
989 4322 1069 4383 Nam
1103 4321 1199 4406 quod
1232 4335 1281 4388 est
1310 4326 1457 4398 iustitia,
1487 4325 1602 4406 atique
1633 4325 1737 4386 virtut
1771 4335 1841 4402 est,-

528 4415 625 4497 quod
668 4433 736 4477 nou
768 4423 818 4477 est
854 4414 1004 4489 iustitia,
1039 4420 1150 4492 potest
1192 4431 1259 4476 ease
1300 4417 1428 4489 virtus,
1466 4414 1498 4474 si
1525 4421 1573 4475 est
1607 4415 1839 4495 continentia,

486 4527 518 4576 eu
519 4503 707 4584 fortitudo.
781 4505 948 4586 Nunquam
987 4501 1092 4586 itaque
1124 4501 1254 4566 tolletur
1288 4525 1347 4585 per
1371 4504 1524 4585 'speciem
1554 4523 1671 4586 genus,
1715 4501 1776 4566 nisi
1805 4513 1844 4565 ιιι

527 4613 635 4657 omues
661 4594 800 4677 speeies,
831 4616 912 4680 quiae
931 4607 1003 4658 sumt
1024 4593 1136 4679 generi
1156 4595 1329 4672 subiectae,
1366 4608 1586 4660 removeantur
1629 4597 1693 4657 hoe
1716 4597 1839 4658 inodo:

615 4802 641 4851 4.
661 4806 723 4850 eet.
738 4807 877 4862 prouincia.
910 4805 934 4852 9.
950 4805 1092 4866 praedavit]
1114 4807 1147 4851 lta
1165 4807 1226 4853 Cod.
1246 4809 1284 4854 Ci.
1304 4809 1451 4853 Priscisntun
1470 4809 1576 4853 Gratum.
1596 4807 1664 4851 vttt.
1686 4805 1710 4854 6.
1751 4807 1792 4854 12.
1813 4811 1841 4856 l·

665 4877 772 4934 rnargias
791 4877 904 4990 segbitar
928 4889 1001 4938 poem
1010 4889 1060 4936 pro
1087 4875 1124 4922 Μ.
1149 4875 1281 4924 Marcello.
1299 4877 1333 4938 (5.
1355 4877 1393 4936 l.)
1429 4875 1471 4924 20.
1490 4875 1543 4938 aut]
1563 4877 1597 4924 lta
1615 4879 1676 4926 eod.
1719 4877 1762 4925 li.
1780 4879 1841 4940 Lug.

665 4946 795 4990 oratoriis.
840 4960 862 4989 ι.

619 5047 648 5102 d.
669 5043 713 5099 (Ξῖ.
735 5052 764 5098 iu
783 5049 860 5099 Vere.
881 5046 917 5099 ll.
938 5048 973 5104 6..
987 5051 1013 5104 7.

603 5126 650 5179 27.
673 5119 794 5173 laeditur
814 5119 971 5192 deperditas
991 5126 1127 5178 orationis
1146 5120 1232 5176 loeus.
1358 5119 1368 5136 ‘

602 5201 651 5258 51.
671 5195 769 5249 Cicero
788 5193 821 5250 de
841 5196 907 5270 dep.
927 5196 965 5250 ll.
984 5199 1012 5255 9.
