4434 5959
919 581 1012 648 Lus.
1035 580 1110 646 tv.
1603 567 1664 636 351

348 723 397 788 eis
418 723 501 788 liber
521 733 591 799 est,
613 743 677 788 non
698 733 747 787 eet
767 722 874 798 libera
894 734 927 788 st
947 741 1044 786 censu
1065 719 1117 784 rel
1138 719 1271 785 'ceter-iss
1293 729 1342 784 est
1363 717 1461 806 igitur
1482 718 1576 786 liber.
1618 723 1668 786 At

348 838 417 883 non
440 830 488 881 est
503 816 605 880 liber:
628 837 731 901 neque
751 837 848 880 censu
868 815 984 901 igitur,
1008 834 1111 898 neque
1133 813 1248 877 ceteris
1270 813 1474 877 manumissus
1498 825 1559 878 est.
1603 814 1666 902 Sed

346 911 525 976 nomadum
545 920 610 986 eet,
634 929 715 994 quae
736 909 777 973 sit
797 909 847 972 eis
869 911 959 972 unius
981 906 1136 991 cuiusque
1158 908 1335 990 argumenti
1357 919 1388 970 et
1410 928 1545 992 quonam
1568 911 1665 972 tnodo

348 1007 550 1088 proferatur.
594 1005 674 1067 Sunt
696 1002 777 1065 enim
798 1014 1003 1086 argumenta,
1039 1022 1123 1085 quae
1145 1001 1366 1084 praedicativis
1388 1013 1463 1084 apta
1485 1002 1547 1064 sint
1567 1002 1665 1082 syllo-

349 1097 480 1182 gismis,
518 1108 552 1159 ut
573 1117 591 1159 a
613 1095 798 1160 definitione
819 1098 883 1159 sic:
920 1099 973 1162 lus
996 1094 1090 1158 civile
1113 1106 1162 1160 est
1182 1094 1323 1178 aequitas
1345 1094 1515 1159 constituta
1538 1105 1570 1157 et
1591 1097 1693 1160 reli-s

348 1211 436 1274 qna,
458 1189 489 1253 id
513 1210 593 1252 rero
620 1189 696 1251 utile
716 1201 784 1252 est:
817 1188 895 1252 utile
922 1201 970 1253 est
998 1187 1097 1271 igitur
1122 1187 1171 1250 ius
1193 1187 1301 1252 civile.
1357 1188 1437 1250 Item
1461 1209 1477 1251 a
1500 1187 1665 1271 partibnss

349 1283 416 1363 Qni
435 1303 541 1366 neque
562 1302 657 1345 censu
679 1305 782 1367 neque
805 1283 939 1346 vindicta
961 1303 1065 1364 neque
1087 1293 1275 1346 testamento
1298 1292 1345 1344 est
1368 1281 1592 1358 manumissus,
1617 1283 1668 1348 bie

348 1399 392 1440 ex
414 1377 568 1439 servitute
589 1375 672 1438 liber
693 1376 795 1438 lactus
817 1397 880 1440 non
902 1387 966 1450 est;
990 1374 1118 1438 Stichus
1141 1396 1221 1439 vero
1244 1395 1346 1457 nequo
1361 1387 1549 1441 testamento
1565 1398 1667 1463 neque

347 1491 447 1534 censu
468 1489 572 1553 neque
595 1467 731 1532 vindicta
754 1471 960 1534 manumissus
970 1479 1049 1530 cst:
1073 1466 1201 1530 Stiebus
1223 1467 1320 1552 igitur
1342 1467 1423 1530 liber
1444 1488 1508 1532 non
1531 1481 1600 1533 ests
1635 1483 1668 1533 et

347 1562 380 1626 in
404 1562 521 1624 ceteris
556 1563 668 1625 codem
697 1564 807 1626 modo.
858 1562 971 1626 Omnia
1003 1581 1102 1634 vero,
1131 1581 1336 1645 quaecunque
1365 1582 1424 1641 per
1452 1561 1710 1646 categoricumtt

350 1656 574 1738 syllogismum
607 1654 750 1736 proferri
777 1668 928 1742 possunt,
966 1659 1073 1720 eadem
1105 1676 1164 1736 per
1186 1655 1430 1720 conditionalem
1453 1655 1512 1718 dici
1535 1668 1665 1738 queunt.

349 1748 466 1814 Omnis
498 1769 632 1830 namque
662 1748 874 1829 praedicativa
902 1746 1084 1831 propositio
1114 1747 1145 1810 in
1167 1747 1411 1812 conditionalem
1437 1746 1517 1811 verti
1539 1761 1664 1831 potest,

347 1844 414 1906 boc
435 1844 552 1905 modo:
576 1841 687 1906 Omnis
711 1843 808 1906 bomo
830 1842 944 1906 animal
964 1853 1032 1916 est,
1055 1839 1269 1923 praedicativa
1292 1852 1361 1916 est;
1386 1840 1463 1904 baec
1478 1840 1569 1904 facile
1593 1864 1667 1906 ver·

348 1936 428 2000 titur
450 1935 482 1996 in
505 1934 748 1998 conditionalem
771 1937 835 2000 ita:
860 1937 895 1999 Si
917 1937 1014 1998 bomo
1035 1946 1099 2008 est,
1124 1933 1239 1996 animal
1260 1945 1321 1997 est.
1367 1935 1441 1997 Non
1463 1953 1542 1997 vero
1565 1935 1666 2000 omnis

348 2027 574 2092 conditionalis
602 2027 633 2089 in
662 2028 907 2110 praedicativam
933 2029 1015 2091 verti
1042 2039 1168 2110 potest,
1208 2027 1296 2090 velut
1324 2027 1419 2090 baec:
1459 2026 1493 2090 Si
1521 2027 1709 2111 peperit,1s

348 2143 423 2186 ento
456 2119 529 2184 eiro
559 2121 742 2185 concubuit.
801 2125 907 2186 Nemo
939 2121 1019 2184 enim
1052 2121 1157 2184 dicere
1188 2132 1295 2202 potest
1328 2119 1428 2201 ipsum
1452 2120 1614 2201 peperisse
1635 2122 1668 2186 id

348 2237 438 2290 esse,
464 2215 644 2297 quodcum
667 2215 739 2279 viro
761 2217 994 2290 concumbere,
1016 2215 1180 2297 quomodo
1202 2213 1331 2276 dicimus
1354 2212 1509 2276 bominem
1530 2213 1561 2277 id
1583 2235 1666 2292 esse,

349 2312 440 2393 quod
462 2308 576 2370 animal
597 2307 651 2370 sit.
701 2309 775 2373 Alia
797 2309 877 2372 enim
898 2308 983 2372 ratio
1006 2319 1053 2370 est
1075 2307 1108 2370 in
1130 2306 1167 2369 iis
1189 2305 1487 2390 propositionibus,
1520 2329 1602 2391 qnae
1622 2309 1668 2372 ita

348 2402 519 2465 fficttntnr:
554 2403 644 2480 Quae
665 2401 812 2484 peperit,
850 2423 920 2464 cum
944 2401 1014 2464 viro
1037 2400 1220 2464 concubuit.
1277 2401 1367 2464 Haeo
1390 2399 1469 2462 enim
1491 2400 1599 2466 similis
1621 2412 1669 2465 est

350 2497 397 2571 ei,
423 2515 504 2577 quae
526 2493 622 2556 dicit:
648 2495 682 2557 si
704 2494 852 2576 peperit,
877 2517 947 2556 cum
972 2493 1042 2557 viro
1058 2493 1243 2557 concubuit.
1286 2495 1348 2557 Sed
1363 2493 1575 2575 praedicativa
1590 2517 1669 2577 pro·
1679 2499 1711 2552 ²⁰

349 2587 474 2672 positio
495 2587 528 2650 id
549 2606 619 2651 esse
640 2589 815 2652 subiectum
839 2589 931 2663 dicit,
956 2590 1043 2672 quod
1062 2587 1158 2650 suerit
1180 2587 1406 2670 praedicatum.
1459 2585 1669 2652 Conditiona·

348 2683 388 2744 lis
413 2700 493 2745 vero
514 2681 547 2743 id
568 2680 675 2762 pouit,
714 2693 767 2756 ut,
805 2684 832 2744 si
852 2682 904 2756 id,
942 2683 1030 2764 quod
1050 2694 1098 2744 est
1120 2683 1325 2756 antecedens,
1361 2679 1476 2754 luerit,
1500 2683 1670 2745 comitetur

349 2773 550 2849 necessario,
574 2775 662 2855 qnod
683 2775 899 2857 subsequitur.
944 2773 1049 2854 Quum
1073 2795 1150 2838 vero
1172 2773 1385 2856 praedicativa
1410 2785 1457 2836 est
1471 2773 1665 2854 propositio,

350 2867 378 2929 si
399 2887 437 2929 ea
460 2876 606 2928 vertatur
627 2865 659 2929 in
681 2867 945 2943 conditionalem,
970 2867 1029 2929 alia
1050 2866 1196 2929 nimirum
1211 2865 1353 2930 redditur
1367 2864 1561 2948 propositio.
1585 2868 1669 2929 Nam

351 2981 449 3045 qmrm
474 2957 613 3034 dicitnr,
637 2959 750 3024 Omnis
773 2963 871 3026 bomo
892 2959 1005 3023 animal
1027 2972 1092 3036 est,
1117 2959 1184 3040 ipse
1205 2961 1303 3022 bomo
1326 2958 1438 3022 animal
1455 2979 1523 3023 esse
1545 2965 1711 3041 propo-ts

351 3055 457 3124 nitnr3
482 3072 578 3135 quum
602 3072 705 3126 vero,
730 3053 764 3116 Si
785 3054 883 3118 homo
906 3065 972 3129 est,
997 3051 1112 3115 animal
1134 3064 1199 3126 est,
1224 3073 1287 3114 nnn
1310 3051 1342 3113 id
1363 3051 1513 3127 sentitur,
1538 3065 1572 3115 ut
1593 3051 1668 3133 illc,

351 3147 406 3230 qui
430 3147 530 3208 bomo
553 3155 621 3219 est,
655 3147 768 3208 anitual
789 3147 852 3223 sit,
890 3149 947 3222 sed
967 3145 1138 3228 proposito
1160 3165 1229 3207 esse
1260 3145 1414 3207 bominem
1438 3144 1610 3228 consequi,
1633 3151 1682 3210 ιιι

352 3240 394 3302 ιιι
415 3237 543 3300 animal.
588 3237 682 3321 Ergo
704 3239 925 3303 conditionalis
943 3240 1146 3323 syllogismus
1169 3238 1199 3300 in
1223 3237 1438 3301 antecessione
1460 3249 1490 3300 et
1513 3258 1669 3302 consecu-

352 3333 440 3396 tione
462 3332 606 3412 posittts,
631 3331 705 3394 licet
726 3354 784 3414 pet·
806 3334 1040 3408 definitionem,
1062 3332 1135 3394 licet
1157 3352 1216 3414 per
1237 3333 1371 3413 partium
1387 3333 1667 3408 enumerationem,

352 3427 427 3489 lieet
450 3445 510 3505 per
531 3423 786 3508 coniugationem
820 3440 850 3488 et
874 3427 1017 3511 quolibet
1047 3425 1108 3490 alio
1132 3429 1188 3488 liat
1208 3429 1324 3503 modo,
1354 3425 1508 3488 tamenin
1537 3427 1712 3509 propriaat

351 3519 457 3582 forma
477 3537 511 3579 se
534 3517 675 3579 continet
696 3529 727 3580 et
745 3531 793 3580 ιιι
815 3521 1056 3597 conditionalis,
1080 3521 1192 3596 idest,
1217 3531 1307 3584 utens
1328 3521 1457 3603 propria
1477 3521 1669 3597 conditione,

352 3624 386 3674 nt
418 3613 655 3695 quodammodo
688 3622 793 3674 cetera
816 3627 999 3696 argumenta
1022 3635 1097 3678 suae
1121 3613 1217 3678 veluti
1240 3626 1368 3678 naturae
1391 3615 1533 3678 videatur
1554 3619 1671 3679 babere

354 3705 519 3766 subiecta:
543 3714 596 3778 ut,
621 3725 716 3787 quum
738 3704 779 3766 sit
800 3725 817 3767 a
841 3708 1023 3771 delinitione
1039 3719 1277 3792 argumentum,
1300 3707 1326 3770 si
1348 3707 1472 3791 quidem
1496 3729 1555 3790 per
1575 3729 1670 3792 prae·

353 3798 520 3860 dicativant
551 3798 687 3860 formam
709 3798 812 3860 iactus
833 3799 927 3863 suerit
950 3802 1176 3885 syllogismus,
1214 3822 1230 3862 a
1253 3801 1433 3864 delinitione
1455 3802 1579 3862 ductum
1602 3820 1672 3864 esse

354 3891 496 3964 dicatum
532 3891 582 3954 sin
611 3911 687 3955 vero
709 3912 767 3972 per
798 3893 987 3973 hypothesin
1009 3895 1090 3957 iacta
1112 3893 1210 3958 luerit
1231 3893 1481 3978 argumentatio,
1514 3893 1717 3958 conditio-as

355 3987 436 4049 nalie
458 3983 499 4047 sit
519 3983 742 4068 syllogismus,
781 4007 872 4068 quem
896 3987 1053 4048 discernat
1075 3987 1272 4066 assttruptio,
1296 3999 1399 4048 utrum
1422 3989 1461 4050 ab
1484 3989 1672 4050 anteceden-

356 4078 396 4142 tis
418 4098 460 4142 en
481 4097 499 4138 a
521 4077 745 4160 consequentis
768 4090 857 4159 parte
879 4093 1057 4160 promatur.
1112 4078 1186 4159 Quo
1208 4079 1261 4154 lit,
1287 4090 1320 4141 ut
1342 4079 1433 4141 etiam
1457 4079 1562 4160 siper
1586 4089 1672 4142 cete·

355 4192 410 4234 ros
433 4172 524 4234 locos
546 4172 760 4234 conditionale
781 4184 1001 4257 argumentum
1023 4174 1163 4248 seratur,
1202 4183 1304 4234 tamen
1333 4192 1419 4234 suain
1443 4174 1593 4254 quandam
1617 4173 1674 4235 ba·

356 4266 429 4326 beat
452 4264 607 4338 forsitam,
642 4265 894 4349 quandoquidem
928 4267 960 4329 in
982 4264 1197 4328 antecessione
1225 4277 1256 4326 et
1278 4265 1502 4330 consecutione
1525 4275 1572 4326 est
1594 4286 1672 4329 coo·

356 4360 498 4420 stitutus.
557 4361 649 4422 'l'unc
671 4359 751 4420 enirn
774 4358 933 4432 definitio,
959 4371 1090 4440 partes,
1115 4357 1300 4440 coniugatio
1323 4371 1353 4422 et
1375 4371 1478 4420 cetera
1504 4357 1600 4422 veluti
1622 4380 1673 4422 res
1683 4367 1716 4418 tt

356 4449 444 4532 ipsae
466 4451 562 4526 liunt,
601 4465 723 4516 ac'non
746 4452 856 4525 locus,
894 4474 990 4536 qttttm
1015 4451 1157 4514 venerint
1178 4450 1207 4513 in
1232 4451 1461 4525 conditionum
1493 4465 1525 4515 at
1548 4453 1573 4516 si
1596 4473 1675 4517 con·

358 4545 437 4608 ditio
460 4557 560 4622 esset,
599 4568 639 4608 ex
662 4547 737 4628 ipsis
760 4547 935 4628 perlectum
960 4543 1117 4607 videbitur
1140 4557 1370 4628 argumentum.
1426 4547 1525 4624 Qttod
1546 4547 1574 4609 si
1595 4568 1676 4630 pro·

356 4638 549 4718 positionem
568 4637 710 4702 conditio
733 4639 949 4720 copulaverit,
973 4638 1041 4720 ipsa
1064 4637 1189 4721 quidem
1212 4657 1268 4714 ea,
1293 4659 1374 4722 quae
1396 4637 1426 4702 in
1444 4641 1675 4723 propositioni·

358 4731 414 4793 bns
439 4733 660 4808 continentur,
684 4744 757 4794 sunt
782 4732 876 4794 veluti
899 4733 1049 4813 quaedam
1073 4731 1250 4814 argumenti
1272 4744 1401 4814 partes,
1425 4733 1516 4797 locus
1541 4755 1619 4799 vero
1643 4733 1673 4797 in

358 4825 538 4890 conditione
560 4838 608 4889 est
630 4827 834 4890 constitutus.
878 4826 987 4909 Atque
1009 4826 1087 4887 baec
1106 4845 1169 4888 nno
1188 4825 1230 4888 ita
1251 4825 1332 4888 dicta
1358 4837 1450 4903 sunt,
1473 4827 1562 4912 quasi
1581 4827 1673 4892 aliter
1686 4841 1718 4890 ts

432 5047 478 5100 22.
510 5041 585 5115 quod
612 5051 657 5096 est
686 5042 872 5106 antecedens,
896 5037 1008 5112 suerit]
1036 5039 1115 5098 Eine.
1144 5069 1181 5084 -
1206 5042 1280 5114 quod
1303 5043 1469 5097 antecedens
1487 5045 1587 5116 feerit
1605 5040 1674 5101 Edd.

362 5115 408 5178 lt.
425 5119 492 5174 haee
511 5136 568 5172 nnn
585 5122 630 5171 ιιι
647 5117 741 5189 dieta]
761 5119 850 5174 Peste.
868 5144 905 5160 -
923 5115 992 5170 haee
1010 5115 1088 5171 Mn
1106 5117 1184 5174 Eine.
1203 5147 1240 5165 -
1258 5118 1326 5174 hece
1345 5124 1389 5173 tte
1407 5119 1484 5174 dee·
1503 5125 1599 5176 eetert.
