4434 5959
546 543 611 608 ddi
1080 540 1316 610 Botttffltts

544 683 662 749 hiantia
685 683 849 766 suppleas,
873 695 979 748 errata
998 677 1232 766 reprehendas,
1263 682 1305 746 sis
1325 691 1490 764 postremo
1511 677 1615 744 nostri
1632 675 1756 744 laboris
1779 687 1866 740 tuae-

544 801 607 862 que
634 779 864 841 adhortationis
897 791 1059 854 assertor,
1098 799 1194 862 quum
1226 777 1412 858 praesertim
1447 795 1592 838 securum
1622 794 1670 836 me
1700 782 1866 854 peractum

543 875 654 934 reddat
674 871 834 946 officium,
869 893 935 956 quo
959 882 990 934 te
1011 871 1103 934 amiei
1121 873 1226 954 pudor
1248 870 1372 954 dignius
1394 869 1498 951 possit
1524 867 1721 941 convenire,
1755 867 1783 929 si
1806 869 1867 930 dis-

544 967 655 1048 plicet.
714 969 778 1028 Sed
806 968 883 1028 haec
912 965 1007 1028 alias:
1046 986 1129 1028 utino
1151 963 1258 1044 operis
1282 966 1420 1043 suseepti
1438 960 1597 1024 tramitem
1624 981 1867 1044 persequamur.

520 1061 703 1139 ⁵Quoniam
729 1061 874 1124 locorum
897 1058 926 1120 in
947 1058 1044 1140 ipsis,
1069 1060 1109 1122 de
1132 1059 1245 1141 quibus
1266 1059 1445 1142 quaeritur,
1471 1055 1612 1120 terminis
1637 1054 1867 1116 inhaerentium

546 1153 600 1218 alii
621 1165 693 1216 sunt
723 1175 739 1214 a
767 1164 855 1228 toto,
895 1151 947 1214 alii
969 1173 986 1213 a
1011 1151 1173 1234 partibus,
1207 1150 1260 1214 alii
1284 1172 1301 1212 a
1323 1163 1422 1226 uota,
1453 1150 1505 1213 alii
1527 1173 1568 1212 ex
1590 1148 1734 1212 offertis:
1770 1151 1810 1212 de
1829 1171 1868 1211 eo

548 1247 672 1330 quidem
695 1247 788 1320 loco,
812 1245 866 1328 qui
889 1266 907 1306 a
928 1255 998 1308 toto
1023 1255 1071 1306 est
1087 1256 1119 1306 et
1138 1243 1169 1306 in
1195 1243 1379 1308 delinitione
1399 1255 1448 1306 est
1474 1243 1682 1314 constitutus,
1706 1243 1869 1306 sufficien-

548 1351 599 1404 ter
620 1339 766 1403 disseruit
784 1337 951 1420 superiore
973 1348 1121 1399 tractatu.
1167 1338 1260 1400 Nune
1282 1339 1319 1399 de
1340 1337 1478 1417 partium
1501 1339 1738 1402 enumeratione
1763 1341 1868 1403 direre

547 1435 697 1506 instituit,
721 1443 846 1505 restam¹
865 1430 984 1494 ordinis
1006 1431 1086 1492 riam
1105 1430 1225 1493 scilieet
1250 1429 1419 1508 insistens,
1444 1442 1559 1495 utnon
1581 1432 1684 1495 solnm
1703 1435 1867 1514 exemplo,

506 1527 650 1613 itquslis
682 1537 765 1592 esset
790 1525 926 1607 partium
958 1524 1167 1598 enumeratio,
1199 1526 1410 1604 perdoceret,
1448 1543 1559 1586 rerum
1583 1527 1707 1590 ratione
1738 1547 1869 1611 quoque

547 1624 753 1697 ostenderet,
776 1621 940 1705 quomodo
963 1617 1097 1700 partium
1119 1617 1356 1680 enumeratione
1382 1617 1413 1680 in
1436 1619 1766 1702 argumentationibus
1788 1631 1869 1684 esset

546 1719 711 1780 utendum.
1010 1729 1015 1735 '
1454 1753 1457 1764 ·

631 1808 729 1892 (Cap.
759 1808 792 1872 8.
824 1813 875 1884 §§.
906 1804 1072 1883 38-34.)
1113 1801 1304 1869 Partitione
1324 1809 1440 1868 anetem
1460 1803 1511 1867 sie
1531 1839 1573 1854 -
1594 1839 1636 1854 -
1657 1807 1792 1871 distare
1814 1828 1871 1870 vo-

425 1948 427 1952 ·
546 1904 698 1966 lustrent.

506 2003 537 2051 ll
633 1997 751 2060 Sensus
773 1989 952 2056 huiusmodi
970 2002 1037 2055 est:
1076 1991 1218 2067 llerttm,
1244 2010 1324 2072 quae
1344 1991 1487 2072 partibus
1502 1991 1762 2078 coniunguntur,
1788 1993 1871 2056 aliae

547 2088 671 2175 quidem
686 2108 804 2166 patinas
824 2098 854 2149 et
873 2087 966 2150 i'acile
987 2083 1201 2168 intelligibiles
1225 2085 1591 2170 comprehensibilesque
1613 2101 1722 2169 partes
1738 2090 1869 2163 babent,

547 2184 627 2247 aliae
655 2202 733 2244 vero
759 2181 867 2262 plures
890 2179 1114 2260 intellectuque
1136 2178 1291 2240 dilliniles.
1349 2180 1386 2242 ln
1414 2179 1451 2241 iis
1474 2178 1571 2263 igitur
1588 2183 1755 2263 partibus,
1790 2203 1870 2266 quae

547 2287 621 2340 rttnt
641 2295 760 2356 pausae
789 2293 825 2336 se
847 2273 940 2337 facile
962 2275 1021 2336 sub
1047 2270 1284 2352 intelligentiam
1307 2275 1439 2347 rudiunt,
1478 2272 1529 2334 rel
1560 2276 1728 2338 niaximum
1761 2277 1888 2350 vitium,

548 2378 615 2444 est,
649 2366 676 2430 si
703 2364 868 2447 partiendo
900 2364 1016 2447 aliquid
1049 2364 1257 2448 relinquatur.
1315 2365 1351 2427 ln
1376 2365 1411 2426 iis
1435 2385 1533 2442 vero,
1569 2387 1721 2451 quarum,
1747 2373 1782 2431 ut
1804 2371 1871 2450 ipse

505 2468 538 2518 2⁰
549 2461 608 2536 ait,
632 2460 782 2522 infinitior
806 2479 953 2522 uumerus
975 2470 1071 2522 estet
1094 2457 1260 2520 rotrlusior
1277 2457 1483 2538 perspectio,
1510 2458 1610 2522 miuus
1632 2460 1784 2526 vitiosum
1803 2475 1869 2538 est,

548 2553 576 2617 si
595 2575 657 2638 qua
681 2553 869 2616 dividentem
884 2575 958 2634 pars
978 2553 1009 2615 in
1025 2551 1260 2615 enumeratione
1283 2563 1474 2632 praetereat.
1520 2553 1574 2616 Fit
1599 2565 1700 2616 autem
1723 2555 1791 2617 bne
1806 2577 1870 2620 nnn

547 2649 650 2712 solum
672 2668 732 2728 per
750 2667 801 2708 eas
824 2667 895 2720 res,
919 2667 1000 2729 quae
1015 2645 1172 2726 aliquibus
1187 2643 1333 2726 partibus
1349 2657 1514 2722 constant,
1540 2647 1758 2710 verumetiam
1775 2671 1871 2730 saepe

548 2761 607 2823 per
627 2753 733 2822 partes
754 2739 858 2821 ipsas,
891 2738 1018 2822 quasin
1044 2737 1267 2800 distributione
1292 2738 1470 2818 partimur,
1506 2751 1558 2812 ut,
1583 2740 1608 2800 si
1634 2740 1774 2804 hominis
1795 2763 1872 2805 eor-

548 2855 607 2916 pus
624 2833 755 2896 velimus
775 2833 936 2896 intellectu
957 2854 994 2894 ee
1017 2831 1139 2894 ratione
1156 2849 1215 2911 per
1234 2831 1364 2911 propria
1385 2833 1523 2894 membra
1546 2831 1745 2917 disiungere,
1770 2833 1871 2896 faeie·

505 2931 617 2989 ²5mus
639 2926 700 2988 ita:
738 2936 849 3007 caput,
888 2927 1058 2998 humeros,
1094 2943 1220 2998 mentis,
1251 2925 1434 3000 thoracem,
1469 2938 1628 3001 ventrem,
1659 2946 1752 2988 suras
1775 2938 1870 3012 atque

546 3022 657 3101 pedes.
712 3020 757 3082 Et
778 3019 926 3104 quoniam
950 3017 1084 3080 maiores
1104 3027 1210 3097 partes
1232 3017 1420 3098 sumpsimus
1441 3021 1480 3080 ad
1498 3018 1722 3094 dividendum,
1746 3021 1870 3085 ideireo

547 3113 623 3175 nibil
638 3112 892 3195 praetermissum
913 3134 979 3175 esse
997 3112 1138 3182 videtor3
1162 3122 1204 3183 at,
1223 3108 1249 3170 si
1266 3109 1485 3174 minutissimas
1502 3113 1671 3192 particulas
1694 3133 1871 3198 persequa-

547 3227 638 3279 mur,
663 3217 737 3268 tune
759 3206 844 3269 ostili
863 3225 990 3289 quoque
1009 3214 1041 3268 et
1062 3203 1145 3265 labia
1169 3213 1200 3264 et
1229 3223 1319 3265 nares
1342 3214 1435 3287 atque
1458 3225 1551 3269 aures
1569 3227 1740 3290 eartuuque
1760 3219 1869 3288 partes

547 3300 783 3381 persequendae
807 3311 898 3372 sunt,
922 3298 1017 3380 idque
1042 3296 1072 3357 in
1094 3307 1164 3360 toto
1184 3317 1324 3377 corpore
1346 3297 1541 3374 feriendum,
1568 3320 1671 3381 eoque
1695 3303 1793 3364 modo
1810 3300 1870 3362 dii-

505 3391 662 3462 solirilior
682 3392 741 3454 erit
760 3393 913 3474 partitio,
937 3413 1032 3475 quom
1049 3388 1090 3454 sit
1113 3390 1246 3470 partium
1267 3412 1413 3454 numerus
1430 3391 1594 3458 infinitior.
1640 3393 1745 3473 Saepe
1761 3393 1867 3469 etiam,

548 3495 582 3545 ut
603 3484 802 3561 dictumest,
825 3507 878 3548 res
895 3485 982 3567 ipsae
1005 3485 1052 3546 his
1075 3481 1220 3564 partibus
1237 3483 1360 3546 insuetae
1375 3495 1465 3560 sunt,
1490 3507 1623 3567 quarum
1644 3506 1707 3548 non
1730 3485 1772 3548 sit
1790 3484 1871 3547 laci·

548 3575 586 3636 lis
607 3571 780 3658 inspectio,
818 3589 868 3653 ut,
907 3576 933 3639 si
959 3577 1030 3660 quis
1051 3575 1283 3657 stipulationem
1308 3587 1339 3639 et
1361 3577 1549 3642 iudiciorum
1570 3579 1725 3642 formulas
1748 3582 1869 3662 portia·

548 3679 621 3745 tur,
657 3670 709 3732 rel
730 3671 821 3732 etiam
841 3669 1007 3754 siliguras
1029 3669 1198 3752 loquendi,
1234 3689 1315 3753 quae
1339 3667 1490 3756 σχὴιιατα
1514 3673 1630 3737 Graeci
1657 3683 1797 3747 vorant,
1822 3673 1870 3736 di-

547 3760 614 3824 vidi
639 3761 843 3826 accessesit.
887 3765 952 3827 Hie
976 3761 1074 3846 igitur
1094 3760 1121 3822 si
1144 3761 1217 3843 quid
1240 3764 1495 3844 praetermissum
1511 3765 1569 3840 sit,
1595 3785 1657 3828 non
1680 3765 1744 3828 erit
1758 3765 1873 3828 vitium

505 3856 735 3937 sepertientis,
773 3857 845 3941 quia
874 3855 1013 3938 partium
1041 3866 1152 3917 nature
1187 3855 1352 3936 multiplex
1383 3858 1509 3938 saepius
1538 3858 1682 3922 obtendit
1708 3877 1868 3922 errorem.

546 3953 592 4014 At
614 3949 734 4032 siquis
758 3971 860 4034 genus
878 3949 1021 4024 dividat,
1049 3945 1261 4030 perniciosum
1286 3960 1332 4012 est
1348 3949 1490 4033 aliquam
1514 3951 1692 4033 praeterire
1712 3951 1869 4028 lerinam,

548 4043 695 4127 quioniam
723 4043 897 4107 lormarmn
925 4040 1013 4106 linita
1043 4041 1202 4125 quantitas
1224 4053 1286 4105 est.
1329 4044 1409 4105 Nam
1433 4043 1506 4127 quia
1532 4065 1659 4125 semper
1684 4041 1716 4106 in
1742 4057 1871 4107 eontrs-

458 4155 461 4159 ’
546 4138 628 4199 rium
651 4136 849 4214 dividuntur,
889 4147 942 4198 aut
975 4139 1054 4198 ditae
1081 4144 1154 4196 sunt
1177 4155 1303 4216 semper
1325 4135 1447 4218 speeies
1472 4137 1599 4220 generis
1628 4147 1683 4199 aut
1709 4149 1798 4214 tres,
1837 4147 1869 4200 et

546 4239 623 4292 tune
641 4241 725 4303 tres,
749 4252 846 4315 quum
869 4251 905 4296 ea
926 4228 1036 4303 tertia,
1061 4247 1143 4313 quae
1162 4227 1316 4303 sumitur,
1341 4249 1381 4291 ex
1403 4231 1636 4296 contrariorum
1652 4230 1869 4312 permixtione

503 4319 729 4403 superlicitur,
761 4335 814 4398 ut,
844 4323 871 4386 si
893 4325 1034 4388 colorem
1060 4321 1253 4395 dividamus,
1278 4319 1445 4384 dicendum
1466 4335 1514 4386 est
1535 4324 1595 4386 itas
1627 4321 1759 4388 Coloris
1783 4326 1867 4388 aliud

547 4427 596 4478 est
617 4416 740 4490 album,
775 4415 859 4479 aliud
883 4416 1035 4501 nigrum,
1067 4413 1152 4476 aliud
1177 4412 1324 4477 medium.
1376 4415 1412 4478 ld
1439 4417 1572 4479 medium
1595 4439 1636 4480 ex
1658 4417 1722 4480 albi
1744 4419 1867 4484 eoloris

547 4529 585 4570 ae
602 4507 685 4594 nigri
701 4509 927 4575 commistione
946 4509 1146 4572 coniunctum
1163 4517 1232 4580 est,
1256 4508 1400 4590 quamvis
1418 4509 1448 4570 in
1469 4509 1642 4591 qttamlibet
1663 4511 1757 4574 aliam
1775 4515 1867 4577 eolo·

545 4598 591 4662 ris
608 4601 743 4682 speeiem
765 4603 994 4678 transferatur,
1017 4623 1073 4665 seu
1093 4598 1265 4682 purpurei,
1290 4622 1346 4664 seu
1373 4601 1481 4678 rubri,
1506 4623 1562 4666 ssu
1585 4603 1708 4668 viridis.
1754 4605 1866 4690 ltaque

545 4690 573 4756 si
587 4692 648 4756 tale
666 4705 730 4770 est,
755 4697 842 4779 quod
853 4695 984 4770 dividis,
1008 4697 1150 4778 talesque
1162 4707 1233 4756 sunt
1251 4707 1377 4776 partes,
1403 4715 1480 4780 qttas
1496 4700 1536 4760 ad
1550 4697 1737 4762 divisionem
1755 4699 1866 4774 sumis,

503 4813 534 4864 45
545 4808 624 4871 quas
654 4808 717 4852 uon
750 4789 920 4850 dillieulter
940 4787 1145 4869 intelligentia
1176 4790 1440 4870 comprehendat,
1478 4791 1587 4854 vitium
1622 4790 1702 4867 erit,
1741 4793 1866 4878 siquid

545 4879 712 4955 omiseris;
750 4879 856 4957 velut,
890 4880 917 4943 si
953 4881 1067 4943 tutelas
1095 4881 1256 4962 partiaris.
1316 4885 1430 4948 'l'utela
1461 4887 1580 4971 quippe
1612 4899 1767 4971 quattuor
1797 4889 1866 4951 lere

620 5085 667 5141 55.
685 5079 809 5134 ostendit
830 5084 896 5136 lien.
909 5083 996 5136 rsus.
