4434 5959
647 532 709 599 DE
733 533 825 598 DIlS
848 533 910 598 ET
931 532 1376 600 PRAESENSIONIBUS.
1605 534 1668 600 395

247 698 261 740 t
352 690 449 744 terra
463 688 639 762 portento.
692 674 732 738 ln
761 675 821 736 bec
841 673 969 738 caelesti
990 673 1150 760 vertigiue
1179 671 1207 736 si
1228 676 1354 759 quando
1376 673 1492 760 aliquid
1513 674 1670 740 insuetum

247 804 252 830 t
353 793 525 857 rarumque
548 768 888 834 etextraordinarium
910 767 1102 851 suspicitur,
1142 777 1274 831 eventus
1299 767 1461 832 imminens
1484 771 1671 834 mortalibus

249 890 260 926 ·.·
352 865 385 928 in
409 865 592 929 utramlibet
609 875 730 946 partem
753 862 842 944 quasi
857 865 992 948 quodam
1015 859 1290 926 caelitestimonio
1306 862 1561 926 anathematicis
1579 884 1673 946 prae-

247 986 259 1022 i.
352 961 489 1023 dicatur.
532 959 695 1023 lnsuetum
716 977 905 1041 rarumque,
927 956 1074 1041 inquam:
1098 955 1189 1040 quia,
1213 967 1248 1018 ut
1268 957 1312 1020 ait
1331 957 1444 1032 Pluto,
1468 980 1549 1040 quae
1572 960 1671 1042 longo

247 1102 255 1118 .
353 1053 526 1118 intervallo
547 1074 659 1116 rursus
682 1062 855 1134 apparent,
880 1061 979 1114 metus
1002 1061 1034 1112 et
1056 1052 1207 1132 qttaedam
1230 1060 1378 1130 portenta
1400 1049 1596 1135 significant,
1621 1052 1698 1124 vel5

247 1177 256 1214 r
351 1167 428 1210 mox
449 1146 556 1210 futura
580 1146 633 1210 vel
654 1146 770 1210 serius.
827 1145 880 1212 Ex
902 1165 968 1229 quo
1000 1142 1135 1226 intelligi
1170 1145 1287 1220 datur,
1321 1142 1423 1206 sidere
1457 1144 1674 1230 infrequenter

247 1274 248 1278 ,
352 1253 426 1304 orta
448 1263 511 1306 non
533 1241 664 1314 locere,
688 1261 769 1324 quse
790 1239 1002 1322 proveniunt,
1027 1240 1083 1300 secl
1102 1238 1210 1300 lutura
1232 1237 1473 1319 praenuntiare:
1504 1238 1546 1301 ait
1569 1240 1670 1316 enim,

352 1333 547 1419 significant.
590 1333 765 1419 Alioquin,
800 1332 856 1417 qui
876 1333 933 1396 has
955 1332 1062 1394 stellas
1082 1343 1196 1415 putent
1216 1333 1334 1395 habere
1354 1331 1437 1394 hane
1458 1343 1671 1412 potestatem,

246 1472 256 1499 t
354 1439 391 1490 ut
412 1428 559 1492 volentes
581 1426 697 1491 nociva
720 1428 907 1500 decernant,
930 1447 1075 1509 magnam
1097 1425 1187 1488 caelo
1209 1424 1326 1488 laniant
1348 1423 1511 1501 iniuriam,
1536 1427 1569 1490 in
1585 1427 1673 1491 cuius

351 1521 443 1584 velut
464 1519 637 1585 clarissimo
659 1531 771 1584 senatu
793 1541 830 1581 sc
850 1517 1097 1602 splendidissima
1108 1517 1200 1582 curia
1215 1516 1383 1601 opinentur
1397 1521 1515 1585 scelera
1531 1522 1672 1586 facienda
1684 1540 1715 1591 to

247 1656 252 1688 =,
354 1614 503 1689 decerni,
539 1613 643 1700 qualia
671 1613 698 1677 si
727 1613 833 1699 aliqua
861 1613 972 1677 civitas
999 1625 1127 1676 terrena
1157 1611 1364 1689 decrevisset,
1398 1633 1514 1698 genere
1535 1615 1672 1678 humano

247 1750 254 1783 .,.
354 1713 546 1773 decernente
578 1709 705 1772 fuerant
738 1709 919 1773 evertentis.
977 1706 1017 1769 In
1044 1705 1223 1769 huiusmodi
1244 1726 1324 1770 vero
1346 1717 1483 1772 tractatu
1505 1707 1674 1774 Posidonil

354 1815 450 1889 etque
472 1801 545 1866 Iulii
567 1801 719 1878 Firmici,
756 1801 823 1868 sive
844 1800 1041 1884 reliquorum
1064 1799 1373 1873 mathematicorum,
1410 1813 1523 1886 regnat
1545 1802 1670 1868 oratio:

354 1895 519 1978 aruspices
540 1895 650 1973 etiam,
675 1895 836 1960 veriorum
859 1905 1070 1976 aucupatores
1092 1905 1282 1968 eventuum,
1314 1895 1353 1956 ab
1379 1894 1469 1958 aerio
1491 1895 1593 1959 arium
1613 1916 1673 1960 ro-

247 2035 252 2070 .
352 1989 421 2054 latu
440 1993 510 2056 sire
531 2003 627 2057 cantu
648 1994 800 2078 quandam
822 1991 1004 2054 futurorum
1025 1983 1210 2078 πρόγνωσιν
1230 2009 1357 2052 manare
1379 1985 1551 2052 illiserunt.l
1684 2011 1714 2060 ts

479 2159 709 2242 Abrumpitur
728 2158 783 2222 liic
797 2161 1050 2225 Commentum:
1070 2177 1154 2220 nam
1167 2157 1237 2221 alio
1249 2155 1443 2240 pertinent,
1466 2177 1554 2241 quoe
1567 2156 1673 2220 subii-

437 2251 578 2318 ciuutur
598 2253 635 2316 in
656 2254 740 2318 Cori.
764 2254 878 2316 medio
886 2251 977 2345 scre
999 2251 1152 2334 pagina,
1176 2250 1327 2314 secundo
1348 2271 1471 2326 manu,
1495 2259 1556 2312 aut
1582 2263 1673 2315 certe

436 2347 548 2410 literis
567 2347 883 2432 compositioribus:
922 2345 1082 2410 Probatio
1112 2342 1257 2408 veritatis
1287 2355 1335 2407 est
1366 2355 1606 2426 argstmcntum,
1641 2357 1673 2408 et

437 2439 589 2524 probatio
618 2441 796 2505 dilectionis
827 2438 980 2505 exhibitio
1014 2449 1063 2502 est
1084 2439 1206 2521 operis.
1264 2441 1371 2503 Deest
1392 2456 1477 2520 ergo
1499 2436 1673 2519 expositio

437 2556 658 2600 cumeorum
677 2537 859 2600 verborum
880 2532 1074 2609 Ciceronis,
1097 2554 1184 2618 quae
1206 2553 1314 2615 supra
1335 2529 1463 2614 scripta
1484 2543 1565 2596 sunt
1582 2553 1671 2618 pag.

437 2627 513 2692 393.
535 2630 560 2693 l.
582 2629 635 2691 20.
657 2629 812 2693 versibus
829 2650 906 2703 scor,
929 2640 1003 2692 tum
1020 2628 1172 2713 reliquae
1183 2625 1298 2712 portis
1314 2623 1535 2707 micorum,
1558 2646 1582 2688 a
1594 2648 1672 2710 cop.

438 2721 492 2784 20.
514 2723 562 2784 ad
581 2734 790 2786 extremum.
846 2726 960 2805 Quam
979 2723 1190 2794 clausulam,
1228 2719 1260 2783 si
1289 2718 1390 2782 modo
1414 2715 1487 2798 ipse
1509 2719 1672 2783 Boe'tlsius

434 2815 615 2912 pertexuit
646 2815 694 2879 ati
712 2817 828 2897 finem
856 2837 969 2902 opus,
1007 2815 1149 2900 optabili
1166 2811 1328 2906 fortuna
1354 2811 1416 2876 atii
1424 2803 1593 2902 fortasse
1618 2835 1672 2876 re·

434 2909 583 2993 perient.

427 3083 470 3132 12.
488 3086 557 3132 Fert.
568 3081 664 3148 seuit.
701 3083 741 3131 14.
759 3085 821 3145 lug.
840 3085 967 3144 auspices.
985 3086 1058 3133 mn.
1096 3083 1138 3134 ts.
1158 3087 1219 3134 cct.
1237 3083 1462 3144 ffl’OI'NOCHX.
