4434 5959
969 1197 1472 1275 PROOEMIUM.

1119 1410 1330 1426 —

576 1560 762 1700 Oratoris
794 1626 929 1692 officium
960 1638 1008 1690 est
1034 1627 1067 1690 in
1094 1648 1131 1692 ea
1161 1627 1364 1716 quaestiqne,
1393 1650 1474 1712 quse
1503 1639 1648 1692 versatur
1674 1627 1705 1692 in
1739 1629 1883 1712 negotiis

573 1729 736 1802 civilibus,
760 1743 855 1806 posse
878 1720 1036 1803 probabili
1058 1733 1089 1784 et
1112 1733 1185 1803 apta
1207 1725 1245 1784 ad
1267 1725 1514 1804 persuadendum
1536 1723 1681 1786 oratioue
1695 1723 1755 1786 uti.
1800 1726 1885 1786 Sunt

572 1837 674 1888 autem
696 1842 733 1883 e·
754 1823 876 1880 demum
898 1813 1001 1876 civilia
1024 1815 1170 1897 negotia,
1201 1838 1280 1899 quae
1303 1817 1386 1879 nulla
1414 1829 1481 1879 arte
1501 1817 1631 1898 propria
1655 1816 1880 1890 continentur,

572 1931 607 1981 ut
635 1911 845 1998 geometricae
873 1919 905 1970 et
939 1906 1074 1969 musicae
1103 1918 1134 1970 et
1161 1919 1336 1971 ceterarum
1366 1909 1544 1973 huiusmodi
1565 1908 1783 1982 scientiarum,
1821 1911 1883 1972 sed

547 2028 678 2075 tearum
699 2027 803 2069 rernm
825 2013 989 2064 tractatum
1012 2003 1148 2075 babent,
1172 2021 1252 2083 quae
1269 2001 1474 2083 perficiuntur
1488 2024 1527 2064 ex
1550 2002 1700 2084 opinione
1718 2001 1883 2064 communi

571 2115 626 2168 aut
646 2100 771 2183 legibus
793 2107 848 2158 aut
870 2094 1031 2166 moribus,
1070 2105 1101 2156 et
1124 2096 1161 2156 de
1188 2093 1302 2176 quibus
1325 2116 1450 2171 omnes,
1488 2097 1541 2178 qui
1568 2095 1763 2180 aliquatenus
1785 2081 1885 2158 intel*-

570 2199 686 2260 lectum
708 2191 843 2273 aliquem
871 2184 1046 2267 recipiunt,
1071 2196 1102 2248 et
1124 2185 1227 2249 dicere
1248 2199 1279 2250 et
1309 2187 1446 2251 iudicare
1473 2187 1628 2269 possint.¹
1653 2187 1772 2252 Omnes
1793 2188 1883 2250 enim

570 2292 640 2354 lere
662 2298 694 2350 et
716 2295 863 2344 accersere
886 2277 978 2340 alium
1001 2289 1031 2340 et
1052 2299 1193 2362 purgare
1215 2300 1249 2340 se
1269 2277 1357 2360 ipsos
1379 2293 1512 2362 possunt
1533 2292 1563 2342 et
1585 2279 1625 2341 de
1639 2300 1741 2362 aequo
1752 2293 1789 2344 et
1807 2281 1885 2344 utili

570 2382 731 2464 disputare
760 2376 904 2437 videntur
930 2370 990 2433 sibi
1027 2391 1134 2451 posse.
1185 2372 1248 2463 Sed
1280 2371 1342 2434 boc
1370 2371 1422 2434 alii
1444 2383 1554 2434 uatirra
1578 2384 1694 2434 tantum
1721 2375 1787 2436 siue
1811 2375 1885 2436 ulla

528 2487 560 2534 ¹⁰
570 2470 794 2542 observatione
823 2479 876 2531 aut
898 2463 1122 2529 exercitatione
1142 2462 1279 2536 iaciunt,
1310 2464 1390 2527 sicut
1411 2464 1507 2528 ferire
1529 2465 1660 2527 alterum
1682 2477 1713 2528 et
1735 2467 1819 2530 tueri
1845 2489 1883 2530 ,ρ

568 2572 668 2652 ipsum
692 2564 782 2626 etiam
805 2560 860 2644 qui
880 2557 974 2621 armis
995 2556 1103 2618 facere
1125 2575 1188 2618 non
1211 2555 1334 2631 didicit,
1360 2555 1468 2641 aliquo
1491 2558 1584 2620 modo
1600 2568 1724 2638 potest;
1747 2573 1883 2623 natura-

569 2663 615 2724 les
638 2660 717 2722 euim
741 2666 863 2727 motus,
887 2651 1147 2735 quemadmodum
1170 2649 1335 2729 corporis,
1359 2649 1400 2712 ita
1424 2663 1455 2712 et
1476 2649 1569 2713 animi
1591 2662 1682 2724 sunt,
1705 2653 1819 2735 quibus
1848 2665 1883 2715 et

568 2753 661 2818 slirrm
682 2746 828 2814 insectari
850 2757 881 2808 st
902 2764 963 2827 pro
979 2742 1070 2805 nobis
1087 2761 1229 2823 pugnare
1243 2762 1430 2822 possumus:
1454 2741 1508 2804 alii
1527 2754 1629 2804 cirtem
1651 2765 1710 2805 usu
1729 2755 1760 2806 et
1780 2767 1883 2808 exer.

567 2844 718 2909 citatione
746 2839 885 2904 ciuilium
914 2857 1018 2899 rernm
1047 2833 1156 2895 utilius
1185 2845 1216 2895 et
1237 2834 1416 2916 promptius
1438 2846 1567 2898 utuntur
1590 2835 1755 2910 oratioue,
1792 2841 1883 2900 unde

526 2939 683 3007 sslactum
707 2946 765 3011 cst,
791 2943 827 2996 ut
849 2932 1000 3017 quaedam
1026 2927 1266 2990 observationes
1291 2939 1515 3002 nascerentur,
1539 2929 1652 3011 quibus
1680 2929 1823 2994 collectis
1849 2943 1885 2994 et

567 3025 811 3113 comprehensis
833 3033 917 3087 esset
950 3022 1101 3104 quaedam
1133 3017 1297 3100 disciplina
1317 3019 1450 3086 dicendi.
1490 3020 1594 3083 Huius
1615 3021 1663 3085 vis
1684 3033 1806 3085 constat
1829 3023 1884 3086 in-

567 3125 733 3198 ventione,
757 3115 982 3201 dispositione,
1005 3109 1205 3186 elocutione,
1229 3111 1395 3186 memoria,
1420 3113 1688 3194 pronuntiatione.
1731 3114 1883 3178 Primum

566 3229 614 3279 est
642 3217 721 3278 enim
749 3211 891 3276 invenire
919 3208 1006 3292 quod
1035 3203 1138 3277 dicas}
1174 3203 1246 3266 dein
1278 3207 1364 3288 quod
1392 3203 1549 3268 inveneris
1585 3205 1772 3288 disponere;
1807 3220 1882 3271 tum

566 3309 655 3393 quod
672 3303 866 3388 disposueris
889 3312 920 3364 et
948 3298 1095 3363 oratione
1119 3293 1278 3372 vestieris,
1313 3297 1462 3360 memoria
1484 3301 1772 3379 comprehenderes
1802 3301 1884 3364 ulti.

523 3417 649 3468 sumum
672 3419 709 3460 ac
729 3416 899 3471 summurn,
923 3393 1009 3477 quod
1031 3387 1181 3451 memoria
1203 3389 1495 3471 comprehenderis,
1518 3391 1737 3474 pronuntiare.

978 3549 1010 3614 l.
1054 3546 1117 3624 DE
1141 3545 1450 3613 INVENTIONE.
1579 3561 1583 3566 '

650 3672 799 3742 Iuventio
829 3682 878 3734 est
905 3671 1097 3755 excogitatio
1130 3687 1236 3729 rerum
1259 3687 1404 3732 verarum
1427 3681 1480 3732 aut
1501 3669 1752 3749 verisimilium,
1790 3694 1879 3758 quae

564 3791 688 3834 causam
711 3767 908 3851 probabilem
930 3767 1076 3829 reddunt.
1120 3759 1211 3822 Haec
1232 3781 1326 3842 quum
1349 3761 1477 3825 exsistet
1498 3763 1625 3846 iugenio
1641 3763 1734 3848 atque
1747 3778 1879 3844 natura,

563 3876 628 3928 tum
653 3881 733 3924 vero
762 3858 830 3921 sine
856 3857 998 3920 doctrina
1027 3878 1091 3920 noo
1124 3861 1231 3932 potest
1259 3852 1383 3934 perfici.
1438 3856 1533 3930 Nam¹
1550 3867 1583 3919 ut
1607 3857 1743 3938 quidque
1766 3861 1882 3938 ruditu

521 3958 693 4042 ssdigoum
715 3950 894 4035 excogitari
915 3961 968 4013 aut
988 3948 1123 4013 inveniri
1144 3947 1307 4008 commode
1328 3944 1450 4026 possit,
1480 3947 1511 4009 iu
1534 3968 1588 4024 ea,
1612 3948 1644 4010 in
1667 3971 1728 4033 qua
1750 3951 1883 4016 dicendi

562 4051 646 4115 ratio
667 4059 828 4119 versatur,
853 4055 920 4106 erte
935 4044 1112 4105 discendum
1133 4048 1193 4100 est.
1237 4037 1434 4121 Excogitare
1455 4039 1553 4125 igitur
1574 4053 1604 4104 et
1620 4041 1764 4106 iuvenire
1780 4047 1882 4109 debet

562 4156 675 4210 orator
689 4139 887 4224 principium,
905 4136 1132 4203 narrationem,
1156 4149 1332 4211 egressum,
1348 4132 1569 4211 partitionem,
1588 4137 1882 4214 confirmationem,

559 4235 858 4320 reprehensionem,
897 4228 1077 4313 epilogum,
1111 4232 1145 4283 ut
1174 4221 1295 4305 integra
1324 4225 1413 4306 quasi
1443 4226 1589 4289 membris
1610 4239 1735 4290 constet
1753 4230 1881 4310 oratio,

560 4335 600 4394 de
621 4330 736 4412 quibus
757 4323 887 4410 singulis
908 4323 1110 4386 disseremus.
1163 4315 1287 4377 Verum
1309 4336 1372 4378 nou
1394 4315 1473 4380 idem
1500 4329 1548 4380 est
1570 4322 1651 4382 ordo
1673 4335 1883 4404 prosequen-

518 4425 618 4495 sndae
649 4440 687 4482 ec
712 4419 924 4500 proferendae
952 4411 1105 4488 actionis,
1145 4407 1198 4490 qui
1219 4427 1287 4468 esse
1309 4410 1401 4471 debet
1422 4409 1636 4492 disponendae
1659 4425 1752 4495 atque
1775 4415 1883 4477 medi·

559 4516 685 4576 tacdae.
726 4512 765 4574 ln
796 4509 992 4591 proferenda
1021 4520 1155 4587 namque
1177 4497 1303 4562 actione
1332 4521 1427 4583 saepe
1448 4503 1567 4585 primus
1592 4505 1680 4568 locus
1702 4509 1881 4588 prooemio

456 4615 461 4626 '
559 4611 668 4679 detur,
707 4602 819 4666 debinc
840 4603 1026 4685 plerumque
1047 4589 1243 4665 narrationi,
1274 4602 1348 4672 1³0³!
1370 4597 1567 4677 egressibus,
1591 4608 1656 4660 tum
1679 4599 1882 4680 quaestioui-

560 4699 619 4761 bus
640 4709 672 4760 et
701 4693 872 4758 novissime
899 4695 1043 4777 epilogo.
1097 4686 1164 4754 sed
1196 4683 1226 4746 iu
1248 4685 1445 4768 cogitatione
1466 4689 1541 4750 nihil
1563 4689 1719 4773 antiquius
1741 4711 1883 4754 versan-

559 4795 633 4856 dum
654 4801 722 4864 est,
753 4807 847 4871 quam
878 4798 978 4850 status
999 4797 1139 4847 causaet
1175 4776 1207 4840 iu
1238 4796 1303 4859 quo
1332 4778 1477 4861 plerique
1497 4781 1673 4858 falluntur,
1707 4782 1762 4868 qui
1787 4787 1884 4867 quod

518 4884 694 4969 ”primum
716 4880 880 4945 dicendum
901 4880 963 4943 gibi
983 4899 1053 4942 me
1074 4870 1201 4948 vidend,
1224 4868 1257 4930 ld
1276 4869 1413 4952 primum
1434 4875 1617 4960 requirunt,
1641 4877 1673 4940 ld
1694 4887 1762 4952 edi,
1785 4877 1884 4958 pflu-

628 5135 652 5180 1.
672 5135 708 5178 lta
725 5145 752 5178 se
771 5130 880 5175 emendet
897 5131 922 5172 ir
939 5128 1020 5172 codiee
1036 5127 1129 5184 priscas
1150 5127 1280 5184 liberriss,
1300 5127 1339 5186 qai
1357 5131 1412 5172 ente
1434 5125 1564 5182 scripserat
1576 5126 1663 5172 esuis
1681 5139 1726 5184 pro
1752 5129 1877 5190 negotiis.
