<?xml version="1.0" encoding="UTF-8"?>
<!DOCTYPE html PUBLIC "-//W3C//DTD XHTML 1.0 Transitional//EN"
    "http://www.w3.org/TR/xhtml1/DTD/xhtml1-transitional.dtd">
<html xmlns="http://www.w3.org/1999/xhtml" xml:lang="en" lang="en">
 <head>
  <title>
</title>
<meta http-equiv="Content-Type" content="text/html;charset=utf-8" />
  <meta name='ocr-system' content='tesseract 3.04.00' />
  <meta name='ocr-capabilities' content='ocr_page ocr_carea ocr_par ocr_line ocrx_word'/>
</head>
<body>
  <div class='ocr_page' id='page_1' title='image "./operaquaesupers09halmgoog/operaquaesupers09halmgoog_0258.png"; bbox 0 0 4434 5959; ppageno 0'>
   <div class='ocr_carea' id='block_1_1' title="bbox 540 598 1412 671">
    <p class='ocr_par' dir='ltr' id='par_1_1' title="bbox 540 598 1412 671">
     <span class='ocr_line' id='line_1_1' title="bbox 540 598 1412 671; baseline 0.007 -8"><span class='ocrx_word' id='word_1_1' title='bbox 540 598 602 663; x_wconf 64' lang='lat' dir='ltr'><strong>ll?</strong></span> <span class='ocrx_word' id='word_1_2' title='bbox 988 603 1030 671; x_wconf 89' lang='lat' dir='ltr'><strong>C.</strong></span> <span class='ocrx_word' id='word_1_3' title='bbox 1054 601 1209 670; x_wconf 87' lang='lat' dir='ltr'><strong>lULlUS</strong></span> <span class='ocrx_word' id='word_1_4' title='bbox 1231 599 1412 669; x_wconf 78' lang='lat' dir='ltr'>VICTOR</span> 
     </span>
    </p>
   </div>
   <div class='ocr_carea' id='block_1_2' title="bbox 450 743 1864 2143">
    <p class='ocr_par' dir='ltr' id='par_1_2' title="bbox 450 743 1864 1113">
     <span class='ocr_line' id='line_1_2' title="bbox 450 743 1864 833; baseline 0.006 -28"><span class='ocrx_word' id='word_1_5' title='bbox 450 796 451 799; x_wconf 63' lang='grc'>,</span> <span class='ocrx_word' id='word_1_6' title='bbox 538 744 772 824; x_wconf 76' lang='lat' dir='ltr'><strong>iupedimenta.</strong></span> <span class='ocrx_word' id='word_1_7' title='bbox 819 746 924 825; x_wconf 89' lang='lat' dir='ltr'><strong>Quum</strong></span> <span class='ocrx_word' id='word_1_8' title='bbox 951 744 1048 831; x_wconf 86' lang='lat' dir='ltr'><strong>igitur</strong></span> <span class='ocrx_word' id='word_1_9' title='bbox 1067 754 1332 830; x_wconf 76' lang='lat' dir='ltr'><strong>&#39;argumentorum</strong></span> <span class='ocrx_word' id='word_1_10' title='bbox 1354 743 1446 808; x_wconf 86' lang='lat' dir='ltr'><strong>locos</strong></span> <span class='ocrx_word' id='word_1_11' title='bbox 1467 745 1682 828; x_wconf 78' lang='lat' dir='ltr'><strong>perspexeris</strong></span> <span class='ocrx_word' id='word_1_12' title='bbox 1695 759 1733 811; x_wconf 57' lang='lat' dir='ltr'><strong>et⁴</strong></span> <span class='ocrx_word' id='word_1_13' title='bbox 1748 771 1864 833; x_wconf 74' lang='lat' dir='ltr'><strong>quiem·</strong></span> 
     </span>
     <span class='ocr_line' id='line_1_3' title="bbox 540 839 1863 926; baseline 0.006 -28"><span class='ocrx_word' id='word_1_14' title='bbox 540 841 706 901; x_wconf 76' lang='lat' dir='ltr'><strong>admodum</strong></span> <span class='ocrx_word' id='word_1_15' title='bbox 730 840 779 901; x_wconf 79' lang='lat' dir='ltr'><strong>liis</strong></span> <span class='ocrx_word' id='word_1_16' title='bbox 801 839 841 902; x_wconf 92' lang='lat' dir='ltr'><strong>sit</strong></span> <span class='ocrx_word' id='word_1_17' title='bbox 865 842 1031 919; x_wconf 88' lang='lat' dir='ltr'><strong>utendum,</strong></span> <span class='ocrx_word' id='word_1_18' title='bbox 1066 855 1131 904; x_wconf 89' lang='lat' dir='ltr'><strong>tum</strong></span> <span class='ocrx_word' id='word_1_19' title='bbox 1153 851 1302 921; x_wconf 86' lang='lat' dir='ltr'><strong>suscepta</strong></span> <span class='ocrx_word' id='word_1_20' title='bbox 1323 859 1418 901; x_wconf 88' lang='lat' dir='ltr'><strong>causa</strong></span> <span class='ocrx_word' id='word_1_21' title='bbox 1441 840 1617 917; x_wconf 81' lang='lat' dir='ltr'><strong>constitue,</strong></span> <span class='ocrx_word' id='word_1_22' title='bbox 1649 842 1724 926; x_wconf 87' lang='lat' dir='ltr'><strong>quid</strong></span> <span class='ocrx_word' id='word_1_23' title='bbox 1746 844 1863 907; x_wconf 87' lang='lat' dir='ltr'><strong>babeat</strong></span> 
     </span>
     <span class='ocr_line' id='line_1_4' title="bbox 540 932 1862 1021; baseline 0.006 -28"><span class='ocrx_word' id='word_1_24' title='bbox 540 933 634 1008; x_wconf 90' lang='lat' dir='ltr'><strong>boni,</strong></span> <span class='ocrx_word' id='word_1_25' title='bbox 668 932 744 1017; x_wconf 88' lang='lat' dir='ltr'><strong>quid</strong></span> <span class='ocrx_word' id='word_1_26' title='bbox 766 932 857 997; x_wconf 88' lang='lat' dir='ltr'><strong>mali:</strong></span> <span class='ocrx_word' id='word_1_27' title='bbox 889 935 972 996; x_wconf 86' lang='lat' dir='ltr'><strong>nulla</strong></span> <span class='ocrx_word' id='word_1_28' title='bbox 995 934 1077 999; x_wconf 90' lang='lat' dir='ltr'><strong>enim</strong></span> <span class='ocrx_word' id='word_1_29' title='bbox 1098 945 1207 1017; x_wconf 86' lang='lat' dir='ltr'><strong>potest</strong></span> <span class='ocrx_word' id='word_1_30' title='bbox 1229 953 1320 1008; x_wconf 84' lang='lat' dir='ltr'><strong>esse,</strong></span> <span class='ocrx_word' id='word_1_31' title='bbox 1343 954 1424 1015; x_wconf 85' lang='lat' dir='ltr'><strong>quae</strong></span> <span class='ocrx_word' id='word_1_32' title='bbox 1446 954 1510 997; x_wconf 91' lang='lat' dir='ltr'><strong>nnn</strong></span> <span class='ocrx_word' id='word_1_33' title='bbox 1532 936 1649 998; x_wconf 80' lang='lat' dir='ltr'><strong>lrabeat</strong></span> <span class='ocrx_word' id='word_1_34' title='bbox 1671 948 1862 1021; x_wconf 84' lang='lat' dir='ltr'><strong>utromque:</strong></span> 
     </span>
     <span class='ocr_line' id='line_1_5' title="bbox 539 1027 1863 1113; baseline 0.008 -26"><span class='ocrx_word' id='word_1_35' title='bbox 539 1038 570 1087; x_wconf 90' lang='lat' dir='ltr'><strong>et</strong></span> <span class='ocrx_word' id='word_1_36' title='bbox 595 1030 681 1109; x_wconf 79' lang='lat' dir='ltr'><strong>«pind</strong></span> <span class='ocrx_word' id='word_1_37' title='bbox 704 1027 781 1090; x_wconf 86' lang='lat' dir='ltr'><strong>boni</strong></span> <span class='ocrx_word' id='word_1_38' title='bbox 811 1029 923 1102; x_wconf 84' lang='lat' dir='ltr'><strong>habet,</strong></span> <span class='ocrx_word' id='word_1_39' title='bbox 962 1027 994 1091; x_wconf 91' lang='lat' dir='ltr'><strong>id</strong></span> <span class='ocrx_word' id='word_1_40' title='bbox 1023 1029 1233 1111; x_wconf 90' lang='lat' dir='ltr'><strong>amplectere,</strong></span> <span class='ocrx_word' id='word_1_41' title='bbox 1270 1028 1302 1090; x_wconf 92' lang='lat' dir='ltr'><strong>id</strong></span> <span class='ocrx_word' id='word_1_42' title='bbox 1334 1048 1456 1090; x_wconf 84' lang='lat' dir='ltr'><strong>exorna</strong></span> <span class='ocrx_word' id='word_1_43' title='bbox 1478 1039 1509 1090; x_wconf 92' lang='lat' dir='ltr'><strong>et</strong></span> <span class='ocrx_word' id='word_1_44' title='bbox 1531 1041 1746 1113; x_wconf 77' lang='lat' dir='ltr'><strong>exaggera-et</strong></span> <span class='ocrx_word' id='word_1_45' title='bbox 1766 1032 1799 1098; x_wconf 93' lang='lat' dir='ltr'><strong>in</strong></span> <span class='ocrx_word' id='word_1_46' title='bbox 1821 1054 1863 1097; x_wconf 84' lang='lat' dir='ltr'><strong>eo</strong></span> 
     </span>
    </p>

    <p class='ocr_par' dir='ltr' id='par_1_3' title="bbox 514 1119 1863 1206">
     <span class='ocr_line' id='line_1_6' title="bbox 514 1119 1863 1206; baseline 0.006 -25"><span class='ocrx_word' id='word_1_47' title='bbox 514 1128 751 1183; x_wconf 84' lang='lat' dir='ltr'><strong>⁵rommorare.</strong></span> <span class='ocrx_word' id='word_1_48' title='bbox 796 1121 829 1184; x_wconf 85' lang='lat' dir='ltr'>A</span> <span class='ocrx_word' id='word_1_49' title='bbox 852 1121 936 1185; x_wconf 89' lang='lat' dir='ltr'><strong>malo</strong></span> <span class='ocrx_word' id='word_1_50' title='bbox 959 1134 1060 1185; x_wconf 88' lang='lat' dir='ltr'><strong>autem</strong></span> <span class='ocrx_word' id='word_1_51' title='bbox 1086 1122 1227 1206; x_wconf 86' lang='lat' dir='ltr'><strong>vitioque</strong></span> <span class='ocrx_word' id='word_1_52' title='bbox 1249 1141 1362 1183; x_wconf 89' lang='lat' dir='ltr'><strong>causae</strong></span> <span class='ocrx_word' id='word_1_53' title='bbox 1383 1119 1427 1185; x_wconf 82' lang='lat' dir='ltr'><strong>ita</strong></span> <span class='ocrx_word' id='word_1_54' title='bbox 1449 1122 1582 1197; x_wconf 79' lang='lat' dir='ltr'>recede,</span> <span class='ocrx_word' id='word_1_55' title='bbox 1617 1142 1681 1185; x_wconf 90' lang='lat' dir='ltr'><strong>non</strong></span> <span class='ocrx_word' id='word_1_56' title='bbox 1702 1135 1737 1185; x_wconf 94' lang='lat' dir='ltr'><strong>ut</strong></span> <span class='ocrx_word' id='word_1_57' title='bbox 1759 1134 1792 1188; x_wconf 89' lang='lat' dir='ltr'><strong>te</strong></span> <span class='ocrx_word' id='word_1_58' title='bbox 1812 1128 1863 1188; x_wconf 83' lang='lat' dir='ltr'><strong>lu·</strong></span> 
     </span>
    </p>

    <p class='ocr_par' dir='ltr' id='par_1_4' title="bbox 538 1215 1862 1579">
     <span class='ocr_line' id='line_1_7' title="bbox 540 1215 1862 1301; baseline 0.006 -26"><span class='ocrx_word' id='word_1_59' title='bbox 540 1236 616 1297; x_wconf 81' lang='lat' dir='ltr'><strong>gere</strong></span> <span class='ocrx_word' id='word_1_60' title='bbox 636 1224 806 1295; x_wconf 87' lang='lat' dir='ltr'><strong>appareat,</strong></span> <span class='ocrx_word' id='word_1_61' title='bbox 841 1216 899 1277; x_wconf 90' lang='lat' dir='ltr'><strong>sed</strong></span> <span class='ocrx_word' id='word_1_62' title='bbox 928 1225 963 1277; x_wconf 91' lang='lat' dir='ltr'><strong>ut</strong></span> <span class='ocrx_word' id='word_1_63' title='bbox 983 1226 1085 1280; x_wconf 89' lang='lat' dir='ltr'><strong>tntmn</strong></span> <span class='ocrx_word' id='word_1_64' title='bbox 1108 1217 1198 1281; x_wconf 92' lang='lat' dir='ltr'><strong>bono</strong></span> <span class='ocrx_word' id='word_1_65' title='bbox 1220 1215 1277 1280; x_wconf 91' lang='lat' dir='ltr'><strong>illo</strong></span> <span class='ocrx_word' id='word_1_66' title='bbox 1299 1217 1444 1280; x_wconf 88' lang='lat' dir='ltr'><strong>ornando</strong></span> <span class='ocrx_word' id='word_1_67' title='bbox 1466 1226 1498 1279; x_wconf 87' lang='lat' dir='ltr'><strong>ct</strong></span> <span class='ocrx_word' id='word_1_68' title='bbox 1520 1220 1669 1301; x_wconf 86' lang='lat' dir='ltr'><strong>augendo</strong></span> <span class='ocrx_word' id='word_1_69' title='bbox 1690 1220 1862 1283; x_wconf 84' lang='lat' dir='ltr'><strong>nbruatnr.</strong></span> 
     </span>
     <span class='ocr_line' id='line_1_8' title="bbox 539 1307 1862 1395; baseline 0.003 -23"><span class='ocrx_word' id='word_1_70' title='bbox 539 1310 582 1372; x_wconf 89' lang='lat' dir='ltr'><strong>Et</strong></span> <span class='ocrx_word' id='word_1_71' title='bbox 604 1308 630 1372; x_wconf 91' lang='lat' dir='ltr'><strong>si</strong></span> <span class='ocrx_word' id='word_1_72' title='bbox 658 1320 821 1371; x_wconf 87' lang='lat' dir='ltr'><strong>causaest</strong></span> <span class='ocrx_word' id='word_1_73' title='bbox 849 1310 880 1371; x_wconf 93' lang='lat' dir='ltr'><strong>in</strong></span> <span class='ocrx_word' id='word_1_74' title='bbox 903 1310 1119 1395; x_wconf 71' lang='lat' dir='ltr'>argumentis,</span> <span class='ocrx_word' id='word_1_75' title='bbox 1152 1311 1192 1371; x_wconf 87' lang='lat' dir='ltr'><strong>ad</strong></span> <span class='ocrx_word' id='word_1_76' title='bbox 1213 1328 1249 1373; x_wconf 85' lang='lat' dir='ltr'><strong>ea</strong></span> <span class='ocrx_word' id='word_1_77' title='bbox 1271 1318 1304 1372; x_wconf 89' lang='lat' dir='ltr'><strong>te</strong></span> <span class='ocrx_word' id='word_1_78' title='bbox 1324 1307 1522 1391; x_wconf 86' lang='lat' dir='ltr'><strong>potissimum</strong></span> <span class='ocrx_word' id='word_1_79' title='bbox 1546 1320 1728 1383; x_wconf 77' lang='lat' dir='ltr'><strong>converte3</strong></span> <span class='ocrx_word' id='word_1_80' title='bbox 1772 1311 1801 1374; x_wconf 88' lang='lat' dir='ltr'><strong>si</strong></span> <span class='ocrx_word' id='word_1_81' title='bbox 1828 1312 1862 1376; x_wconf 90' lang='lat' dir='ltr'><strong>in</strong></span> 
     </span>
     <span class='ocr_line' id='line_1_9' title="bbox 538 1400 1862 1487; baseline 0.005 -24"><span class='ocrx_word' id='word_1_82' title='bbox 538 1400 775 1478; x_wconf 77' lang='lat' dir='ltr'><strong>consiliatione,</strong></span> <span class='ocrx_word' id='word_1_83' title='bbox 799 1402 922 1467; x_wconf 87' lang='lat' dir='ltr'><strong>insiste.</strong></span> <span class='ocrx_word' id='word_1_84' title='bbox 980 1403 1107 1466; x_wconf 86' lang='lat' dir='ltr'><strong>Summa</strong></span> <span class='ocrx_word' id='word_1_85' title='bbox 1127 1402 1261 1487; x_wconf 86' lang='lat' dir='ltr'><strong>denique</strong></span> <span class='ocrx_word' id='word_1_86' title='bbox 1283 1401 1376 1465; x_wconf 88' lang='lat' dir='ltr'><strong>buius</strong></span> <span class='ocrx_word' id='word_1_87' title='bbox 1398 1402 1526 1486; x_wconf 83' lang='lat' dir='ltr'><strong>generis</strong></span> <span class='ocrx_word' id='word_1_88' title='bbox 1546 1404 1625 1466; x_wconf 86' lang='lat' dir='ltr'><strong>haec</strong></span> <span class='ocrx_word' id='word_1_89' title='bbox 1644 1402 1704 1477; x_wconf 91' lang='lat' dir='ltr'><strong>sit,</strong></span> <span class='ocrx_word' id='word_1_90' title='bbox 1731 1416 1764 1467; x_wconf 90' lang='lat' dir='ltr'><strong>ut</strong></span> <span class='ocrx_word' id='word_1_91' title='bbox 1781 1406 1809 1469; x_wconf 82' lang='lat' dir='ltr'><strong>si</strong></span> <span class='ocrx_word' id='word_1_92' title='bbox 1828 1406 1862 1469; x_wconf 89' lang='lat' dir='ltr'><strong>in</strong></span> 
     </span>
     <span class='ocr_line' id='line_1_10' title="bbox 538 1495 1861 1579; baseline 0.004 -22"><span class='ocrx_word' id='word_1_93' title='bbox 538 1498 717 1561; x_wconf 86' lang='lat' dir='ltr'><strong>relcllendo</strong></span> <span class='ocrx_word' id='word_1_94' title='bbox 744 1495 960 1559; x_wconf 84' lang='lat' dir='ltr'><strong>adversarium</strong></span> <span class='ocrx_word' id='word_1_95' title='bbox 994 1496 1067 1579; x_wconf 89' lang='lat' dir='ltr'><strong>plus</strong></span> <span class='ocrx_word' id='word_1_96' title='bbox 1095 1496 1165 1579; x_wconf 89' lang='lat' dir='ltr'><strong>spei</strong></span> <span class='ocrx_word' id='word_1_97' title='bbox 1192 1495 1251 1570; x_wconf 88' lang='lat' dir='ltr'><strong>sit,</strong></span> <span class='ocrx_word' id='word_1_98' title='bbox 1286 1516 1379 1579; x_wconf 74' lang='lat' dir='ltr'><strong>qna·</strong></span> <span class='ocrx_word' id='word_1_99' title='bbox 1408 1495 1440 1559; x_wconf 91' lang='lat' dir='ltr'><strong>in</strong></span> <span class='ocrx_word' id='word_1_100' title='bbox 1470 1498 1695 1561; x_wconf 82' lang='lat' dir='ltr'><strong>confirmandis</strong></span> <span class='ocrx_word' id='word_1_101' title='bbox 1723 1499 1861 1575; x_wconf 88' lang='lat' dir='ltr'><strong>nostris,</strong></span> 
     </span>
    </p>

    <p class='ocr_par' dir='ltr' id='par_1_5' title="bbox 495 1588 1863 2051">
     <span class='ocr_line' id='line_1_11' title="bbox 495 1588 1861 1678; baseline 0.007 -31"><span class='ocrx_word' id='word_1_102' title='bbox 495 1590 642 1652; x_wconf 76' lang='lat' dir='ltr'><strong>innuunia</strong></span> <span class='ocrx_word' id='word_1_103' title='bbox 665 1590 695 1652; x_wconf 95' lang='lat' dir='ltr'><strong>in</strong></span> <span class='ocrx_word' id='word_1_104' title='bbox 718 1590 805 1653; x_wconf 89' lang='lat' dir='ltr'><strong>illum</strong></span> <span class='ocrx_word' id='word_1_105' title='bbox 839 1590 899 1652; x_wconf 87' lang='lat' dir='ltr'><strong>tela</strong></span> <span class='ocrx_word' id='word_1_106' title='bbox 928 1591 1149 1654; x_wconf 82' lang='lat' dir='ltr'><strong>conferamus:</strong></span> <span class='ocrx_word' id='word_1_107' title='bbox 1186 1588 1213 1653; x_wconf 83' lang='lat' dir='ltr'><strong>si</strong></span> <span class='ocrx_word' id='word_1_108' title='bbox 1239 1599 1349 1653; x_wconf 88' lang='lat' dir='ltr'><strong>nostra</strong></span> <span class='ocrx_word' id='word_1_109' title='bbox 1379 1589 1513 1670; x_wconf 91' lang='lat' dir='ltr'><strong>probari</strong></span> <span class='ocrx_word' id='word_1_110' title='bbox 1542 1590 1667 1654; x_wconf 78' lang='lat' dir='ltr'><strong>facilius</strong></span> <span class='ocrx_word' id='word_1_111' title='bbox 1688 1614 1783 1678; x_wconf 80' lang='lat' dir='ltr'><strong>qsram</strong></span> <span class='ocrx_word' id='word_1_112' title='bbox 1807 1594 1861 1656; x_wconf 89' lang='lat' dir='ltr'><strong>illa</strong></span> 
     </span>
     <span class='ocr_line' id='line_1_12' title="bbox 538 1682 1863 1766; baseline 0.005 -22"><span class='ocrx_word' id='word_1_113' title='bbox 538 1682 688 1766; x_wconf 75' lang='lat' dir='ltr'><strong>redargui</strong></span> <span class='ocrx_word' id='word_1_114' title='bbox 713 1695 865 1763; x_wconf 88' lang='lat' dir='ltr'><strong>possunt,</strong></span> <span class='ocrx_word' id='word_1_115' title='bbox 903 1685 1061 1746; x_wconf 89' lang='lat' dir='ltr'><strong>abducere</strong></span> <span class='ocrx_word' id='word_1_116' title='bbox 1090 1683 1211 1748; x_wconf 89' lang='lat' dir='ltr'><strong>animos</strong></span> <span class='ocrx_word' id='word_1_117' title='bbox 1245 1704 1261 1745; x_wconf 87' lang='lat' dir='ltr'><strong>a</strong></span> <span class='ocrx_word' id='word_1_118' title='bbox 1290 1684 1451 1747; x_wconf 86' lang='lat' dir='ltr'><strong>contraria</strong></span> <span class='ocrx_word' id='word_1_119' title='bbox 1481 1684 1668 1747; x_wconf 76' lang='lat' dir='ltr'><strong>defensione</strong></span> <span class='ocrx_word' id='word_1_120' title='bbox 1689 1699 1720 1749; x_wconf 90' lang='lat' dir='ltr'><strong>et</strong></span> <span class='ocrx_word' id='word_1_121' title='bbox 1742 1690 1780 1749; x_wconf 80' lang='lat' dir='ltr'><strong>sd</strong></span> <span class='ocrx_word' id='word_1_122' title='bbox 1804 1708 1863 1751; x_wconf 86' lang='lat' dir='ltr'><strong>nn·</strong></span> 
     </span>
     <span class='ocr_line' id='line_1_13' title="bbox 537 1776 1862 1863; baseline 0.003 -24"><span class='ocrx_word' id='word_1_123' title='bbox 537 1789 634 1839; x_wconf 85' lang='lat' dir='ltr'><strong>stram</strong></span> <span class='ocrx_word' id='word_1_124' title='bbox 656 1797 810 1840; x_wconf 88' lang='lat' dir='ltr'><strong>conemur</strong></span> <span class='ocrx_word' id='word_1_125' title='bbox 843 1778 1013 1840; x_wconf 88' lang='lat' dir='ltr'><strong>adducere.</strong></span> <span class='ocrx_word' id='word_1_126' title='bbox 1066 1776 1215 1840; x_wconf 81' lang='lat' dir='ltr'><strong>Diximus</strong></span> <span class='ocrx_word' id='word_1_127' title='bbox 1239 1787 1330 1841; x_wconf 87' lang='lat' dir='ltr'><strong>retro</strong></span> <span class='ocrx_word' id='word_1_128' title='bbox 1355 1776 1539 1841; x_wconf 77' lang='lat' dir='ltr'><strong>inventione</strong></span> <span class='ocrx_word' id='word_1_129' title='bbox 1560 1778 1750 1863; x_wconf 80' lang='lat' dir='ltr'><strong>excogitare</strong></span> <span class='ocrx_word' id='word_1_130' title='bbox 1770 1780 1862 1863; x_wconf 85' lang='lat' dir='ltr'><strong>prin·</strong></span> 
     </span>
     <span class='ocr_line' id='line_1_14' title="bbox 537 1868 1861 1957; baseline 0.005 -26"><span class='ocrx_word' id='word_1_131' title='bbox 537 1869 638 1953; x_wconf 88' lang='lat' dir='ltr'><strong>cipia,</strong></span> <span class='ocrx_word' id='word_1_132' title='bbox 663 1870 896 1945; x_wconf 86' lang='lat' dir='ltr'><strong>narrationem,</strong></span> <span class='ocrx_word' id='word_1_133' title='bbox 921 1868 1334 1955; x_wconf 59' lang='lat' dir='ltr'><strong>excessumquaestiones,</strong></span> <span class='ocrx_word' id='word_1_134' title='bbox 1359 1869 1522 1956; x_wconf 87' lang='lat' dir='ltr'><strong>epilogos.</strong></span> <span class='ocrx_word' id='word_1_135' title='bbox 1566 1872 1680 1954; x_wconf 85' lang='lat' dir='ltr'><strong>ltaque</strong></span> <span class='ocrx_word' id='word_1_136' title='bbox 1695 1872 1756 1949; x_wconf 80' lang='lat' dir='ltr'><strong>liis,</strong></span> <span class='ocrx_word' id='word_1_137' title='bbox 1780 1894 1861 1957; x_wconf 83' lang='lat' dir='ltr'><strong>qnae</strong></span> 
     </span>
     <span class='ocr_line' id='line_1_15' title="bbox 536 1962 1860 2051; baseline 0.005 -27"><span class='ocrx_word' id='word_1_138' title='bbox 536 1964 637 2045; x_wconf 87' lang='lat' dir='ltr'><strong>prima</strong></span> <span class='ocrx_word' id='word_1_139' title='bbox 670 1962 702 2026; x_wconf 89' lang='lat' dir='ltr'><strong>in</strong></span> <span class='ocrx_word' id='word_1_140' title='bbox 724 1962 810 2027; x_wconf 89' lang='lat' dir='ltr'><strong>omni</strong></span> <span class='ocrx_word' id='word_1_141' title='bbox 838 1983 933 2027; x_wconf 77' lang='lat' dir='ltr'><strong>carisa</strong></span> <span class='ocrx_word' id='word_1_142' title='bbox 954 1964 1125 2049; x_wconf 80' lang='lat' dir='ltr'><strong>spectanda</strong></span> <span class='ocrx_word' id='word_1_143' title='bbox 1145 1974 1244 2041; x_wconf 82' lang='lat' dir='ltr'><strong>sunt,</strong></span> <span class='ocrx_word' id='word_1_144' title='bbox 1266 1962 1300 2027; x_wconf 87' lang='lat' dir='ltr'><strong>id</strong></span> <span class='ocrx_word' id='word_1_145' title='bbox 1322 1974 1390 2046; x_wconf 82' lang='lat' dir='ltr'><strong>est,</strong></span> <span class='ocrx_word' id='word_1_146' title='bbox 1417 1964 1669 2051; x_wconf 68' lang='lat' dir='ltr'><strong>questionibus,</strong></span> <span class='ocrx_word' id='word_1_147' title='bbox 1693 1965 1860 2051; x_wconf 82' lang='lat' dir='ltr'><strong>disputatis</strong></span> 
     </span>
    </p>

    <p class='ocr_par' dir='ltr' id='par_1_6' title="bbox 495 2054 937 2143">
     <span class='ocr_line' id='line_1_16' title="bbox 495 2054 937 2143; baseline 0.011 -27"><span class='ocrx_word' id='word_1_148' title='bbox 495 2056 596 2119; x_wconf 84' lang='lat' dir='ltr'><strong>ssiam</strong></span> <span class='ocrx_word' id='word_1_149' title='bbox 619 2054 742 2143; x_wconf 87' lang='lat' dir='ltr'><strong>reliqua</strong></span> <span class='ocrx_word' id='word_1_150' title='bbox 763 2055 937 2122; x_wconf 83' lang='lat' dir='ltr'><strong>rideamus.</strong></span> 
     </span>
    </p>
   </div>
   <div class='ocr_carea' id='block_1_3' title="bbox 974 2246 1434 2320">
    <p class='ocr_par' dir='ltr' id='par_1_7' title="bbox 974 2246 1434 2320">
     <span class='ocr_line' id='line_1_17' title="bbox 974 2246 1434 2320; baseline 0 -1"><span class='ocrx_word' id='word_1_151' title='bbox 974 2252 1058 2319; x_wconf 85' lang='lat' dir='ltr'><strong>XV.</strong></span> <span class='ocrx_word' id='word_1_152' title='bbox 1080 2246 1144 2317; x_wconf 76' lang='grc' dir='ltr'><strong>ΒΕ</strong></span> <span class='ocrx_word' id='word_1_153' title='bbox 1166 2251 1434 2320; x_wconf 67' lang='grc' dir='ltr'><strong>ΡΒΙΝΕΙΡΙῐδι</strong></span> 
     </span>
    </p>
   </div>
   <div class='ocr_carea' id='block_1_4' title="bbox 494 2391 1861 2857">
    <p class='ocr_par' dir='ltr' id='par_1_8' title="bbox 537 2391 1861 2668">
     <span class='ocr_line' id='line_1_18' title="bbox 621 2391 1860 2478; baseline 0.004 -21"><span class='ocrx_word' id='word_1_154' title='bbox 621 2394 697 2457; x_wconf 84' lang='grc' dir='ltr'>Νοιι</span> <span class='ocrx_word' id='word_1_155' title='bbox 725 2402 847 2457; x_wconf 87' lang='lat' dir='ltr'><strong>tantum</strong></span> <span class='ocrx_word' id='word_1_156' title='bbox 876 2391 907 2457; x_wconf 90' lang='lat' dir='ltr'><strong>in</strong></span> <span class='ocrx_word' id='word_1_157' title='bbox 936 2393 1148 2476; x_wconf 82' lang='lat' dir='ltr'><strong>prohoemio,</strong></span> <span class='ocrx_word' id='word_1_158' title='bbox 1184 2395 1242 2459; x_wconf 82' lang='lat' dir='ltr'><strong>sed</strong></span> <span class='ocrx_word' id='word_1_159' title='bbox 1261 2393 1295 2457; x_wconf 92' lang='lat' dir='ltr'><strong>in</strong></span> <span class='ocrx_word' id='word_1_160' title='bbox 1324 2393 1412 2459; x_wconf 89' lang='lat' dir='ltr'><strong>omni</strong></span> <span class='ocrx_word' id='word_1_161' title='bbox 1440 2405 1531 2478; x_wconf 85' lang='lat' dir='ltr'><strong>parte</strong></span> <span class='ocrx_word' id='word_1_162' title='bbox 1559 2394 1693 2460; x_wconf 80' lang='lat' dir='ltr'><strong>actionis</strong></span> <span class='ocrx_word' id='word_1_163' title='bbox 1725 2396 1860 2462; x_wconf 76' lang='lat' dir='ltr'><strong>inarime</strong></span> 
     </span>
     <span class='ocr_line' id='line_1_19' title="bbox 537 2486 1861 2574; baseline -0.002 -20"><span class='ocrx_word' id='word_1_164' title='bbox 537 2491 683 2573; x_wconf 87' lang='lat' dir='ltr'><strong>prodest,</strong></span> <span class='ocrx_word' id='word_1_165' title='bbox 706 2498 741 2550; x_wconf 92' lang='lat' dir='ltr'><strong>ut</strong></span> <span class='ocrx_word' id='word_1_166' title='bbox 776 2488 917 2563; x_wconf 88' lang='lat' dir='ltr'><strong>dicturus</strong></span> <span class='ocrx_word' id='word_1_167' title='bbox 940 2487 1118 2563; x_wconf 81' lang='lat' dir='ltr'><strong>intucatur,</strong></span> <span class='ocrx_word' id='word_1_168' title='bbox 1153 2486 1208 2573; x_wconf 84' lang='lat' dir='ltr'><strong>qui</strong></span> <span class='ocrx_word' id='word_1_169' title='bbox 1229 2498 1261 2551; x_wconf 86' lang='lat' dir='ltr'><strong>et</strong></span> <span class='ocrx_word' id='word_1_170' title='bbox 1282 2490 1365 2570; x_wconf 84' lang='lat' dir='ltr'><strong>apud</strong></span> <span class='ocrx_word' id='word_1_171' title='bbox 1388 2510 1480 2574; x_wconf 86' lang='lat' dir='ltr'><strong>quem</strong></span> <span class='ocrx_word' id='word_1_172' title='bbox 1504 2500 1535 2553; x_wconf 90' lang='lat' dir='ltr'><strong>et</strong></span> <span class='ocrx_word' id='word_1_173' title='bbox 1556 2510 1618 2571; x_wconf 90' lang='lat' dir='ltr'><strong>pro</strong></span> <span class='ocrx_word' id='word_1_174' title='bbox 1639 2511 1706 2574; x_wconf 85' lang='lat' dir='ltr'><strong>qun</strong></span> <span class='ocrx_word' id='word_1_175' title='bbox 1728 2502 1761 2551; x_wconf 86' lang='lat' dir='ltr'><strong>ct</strong></span> <span class='ocrx_word' id='word_1_176' title='bbox 1782 2510 1861 2553; x_wconf 89' lang='lat' dir='ltr'><strong>con·</strong></span> 
     </span>
     <span class='ocr_line' id='line_1_20' title="bbox 540 2580 1860 2668; baseline 0.001 -24"><span class='ocrx_word' id='word_1_177' title='bbox 540 2596 588 2647; x_wconf 88' lang='lat' dir='ltr'><strong>tra</strong></span> <span class='ocrx_word' id='word_1_178' title='bbox 612 2602 704 2664; x_wconf 87' lang='lat' dir='ltr'><strong>quem</strong></span> <span class='ocrx_word' id='word_1_179' title='bbox 727 2590 759 2643; x_wconf 93' lang='lat' dir='ltr'><strong>et</strong></span> <span class='ocrx_word' id='word_1_180' title='bbox 780 2602 845 2664; x_wconf 89' lang='lat' dir='ltr'><strong>qun</strong></span> <span class='ocrx_word' id='word_1_181' title='bbox 869 2592 1012 2663; x_wconf 85' lang='lat' dir='ltr'><strong>tempore</strong></span> <span class='ocrx_word' id='word_1_182' title='bbox 1035 2592 1067 2645; x_wconf 85' lang='lat' dir='ltr'><strong>et</strong></span> <span class='ocrx_word' id='word_1_183' title='bbox 1088 2601 1155 2667; x_wconf 86' lang='lat' dir='ltr'><strong>qno</strong></span> <span class='ocrx_word' id='word_1_184' title='bbox 1177 2581 1253 2645; x_wconf 90' lang='lat' dir='ltr'><strong>loco</strong></span> <span class='ocrx_word' id='word_1_185' title='bbox 1275 2593 1307 2644; x_wconf 93' lang='lat' dir='ltr'><strong>et</strong></span> <span class='ocrx_word' id='word_1_186' title='bbox 1329 2604 1394 2667; x_wconf 85' lang='lat' dir='ltr'><strong>qun</strong></span> <span class='ocrx_word' id='word_1_187' title='bbox 1416 2604 1520 2646; x_wconf 89' lang='lat' dir='ltr'><strong>rerum</strong></span> <span class='ocrx_word' id='word_1_188' title='bbox 1543 2595 1626 2668; x_wconf 82' lang='lat' dir='ltr'><strong>statu</strong></span> <span class='ocrx_word' id='word_1_189' title='bbox 1647 2595 1679 2646; x_wconf 89' lang='lat' dir='ltr'><strong>et</strong></span> <span class='ocrx_word' id='word_1_190' title='bbox 1693 2604 1756 2667; x_wconf 79' lang='lat' dir='ltr'><strong>qua</strong></span> <span class='ocrx_word' id='word_1_191' title='bbox 1773 2580 1860 2667; x_wconf 83' lang='lat' dir='ltr'><strong>vulgi</strong></span> 
     </span>
    </p>

    <p class='ocr_par' dir='ltr' id='par_1_9' title="bbox 494 2672 1861 2857">
     <span class='ocr_line' id='line_1_21' title="bbox 494 2672 1858 2759; baseline -0.002 -19"><span class='ocrx_word' id='word_1_192' title='bbox 494 2676 620 2740; x_wconf 75' lang='lat' dir='ltr'><strong>aelerna</strong></span> <span class='ocrx_word' id='word_1_193' title='bbox 643 2674 826 2749; x_wconf 89' lang='lat' dir='ltr'><strong>dicendum,</strong></span> <span class='ocrx_word' id='word_1_194' title='bbox 856 2672 932 2759; x_wconf 85' lang='lat' dir='ltr'><strong>quid</strong></span> <span class='ocrx_word' id='word_1_195' title='bbox 958 2673 1091 2737; x_wconf 88' lang='lat' dir='ltr'><strong>iudicem</strong></span> <span class='ocrx_word' id='word_1_196' title='bbox 1124 2673 1244 2739; x_wconf 86' lang='lat' dir='ltr'><strong>sentire</strong></span> <span class='ocrx_word' id='word_1_197' title='bbox 1265 2674 1415 2739; x_wconf 80' lang='lat' dir='ltr'><strong>credibile</strong></span> <span class='ocrx_word' id='word_1_198' title='bbox 1436 2676 1489 2742; x_wconf 85' lang='lat' dir='ltr'><strong>sit.</strong></span> <span class='ocrx_word' id='word_1_199' title='bbox 1534 2677 1582 2739; x_wconf 88' lang='lat' dir='ltr'><strong>lta</strong></span> <span class='ocrx_word' id='word_1_200' title='bbox 1605 2676 1698 2740; x_wconf 87' lang='lat' dir='ltr'><strong>etiam</strong></span> <span class='ocrx_word' id='word_1_201' title='bbox 1718 2676 1858 2752; x_wconf 82' lang='lat' dir='ltr'><strong>facilius,</strong></span> 
     </span>
     <span class='ocr_line' id='line_1_22' title="bbox 542 2766 1861 2857; baseline -0.001 -25"><span class='ocrx_word' id='word_1_202' title='bbox 542 2770 618 2853; x_wconf 86' lang='lat' dir='ltr'><strong>quid</strong></span> <span class='ocrx_word' id='word_1_203' title='bbox 633 2766 852 2843; x_wconf 79' lang='lat' dir='ltr'><strong>adnitendum,</strong></span> <span class='ocrx_word' id='word_1_204' title='bbox 876 2766 995 2849; x_wconf 89' lang='lat' dir='ltr'><strong>poterit</strong></span> <span class='ocrx_word' id='word_1_205' title='bbox 1022 2766 1158 2833; x_wconf 83' lang='lat' dir='ltr'><strong>institui.</strong></span> <span class='ocrx_word' id='word_1_206' title='bbox 1193 2769 1333 2850; x_wconf 85' lang='lat' dir='ltr'><strong>Oportet</strong></span> <span class='ocrx_word' id='word_1_207' title='bbox 1348 2780 1471 2857; x_wconf 78' lang='lat' dir='ltr'><strong>atatem,</strong></span> <span class='ocrx_word' id='word_1_208' title='bbox 1495 2780 1529 2833; x_wconf 94' lang='lat' dir='ltr'><strong>ut</strong></span> <span class='ocrx_word' id='word_1_209' title='bbox 1540 2770 1670 2833; x_wconf 84' lang='lat' dir='ltr'><strong>aedibus</strong></span> <span class='ocrx_word' id='word_1_210' title='bbox 1687 2789 1724 2830; x_wconf 92' lang='lat' dir='ltr'><strong>ac</strong></span> <span class='ocrx_word' id='word_1_211' title='bbox 1735 2767 1861 2851; x_wconf 86' lang='lat' dir='ltr'><strong>templis</strong></span> 
     </span>
    </p>
   </div>
   <div class='ocr_carea' id='block_1_5' title="bbox 488 2860 1880 4909">
    <p class='ocr_par' dir='ltr' id='par_1_10' title="bbox 488 2860 1880 4909">
     <span class='ocr_line' id='line_1_23' title="bbox 539 2860 1880 2947; baseline -0.001 -21"><span class='ocrx_word' id='word_1_212' title='bbox 539 2861 716 2937; x_wconf 78' lang='lat' dir='ltr'><strong>vestibula,</strong></span> <span class='ocrx_word' id='word_1_213' title='bbox 740 2861 785 2923; x_wconf 88' lang='lat' dir='ltr'><strong>sic</strong></span> <span class='ocrx_word' id='word_1_214' title='bbox 801 2860 906 2925; x_wconf 88' lang='lat' dir='ltr'><strong>causis</strong></span> <span class='ocrx_word' id='word_1_215' title='bbox 920 2860 1089 2943; x_wconf 89' lang='lat' dir='ltr'><strong>principia,</strong></span> <span class='ocrx_word' id='word_1_216' title='bbox 1114 2882 1173 2924; x_wconf 85' lang='lat' dir='ltr'><strong>nec</strong></span> <span class='ocrx_word' id='word_1_217' title='bbox 1190 2864 1313 2947; x_wconf 87' lang='lat' dir='ltr'><strong>magnis</strong></span> <span class='ocrx_word' id='word_1_218' title='bbox 1329 2884 1428 2945; x_wconf 82' lang='lat' dir='ltr'><strong>parva</strong></span> <span class='ocrx_word' id='word_1_219' title='bbox 1444 2885 1502 2927; x_wconf 89' lang='lat' dir='ltr'><strong>nec</strong></span> <span class='ocrx_word' id='word_1_220' title='bbox 1515 2864 1624 2945; x_wconf 85' lang='lat' dir='ltr'><strong>parvis</strong></span> <span class='ocrx_word' id='word_1_221' title='bbox 1638 2883 1752 2947; x_wconf 88' lang='lat' dir='ltr'><strong>magna</strong></span> <span class='ocrx_word' id='word_1_222' title='bbox 1765 2862 1880 2944; x_wconf 82' lang='lat' dir='ltr'><strong>prae-⁴</strong></span> 
     </span>
     <span class='ocr_line' id='line_1_24' title="bbox 536 2954 1862 3039; baseline -0.002 -18"><span class='ocrx_word' id='word_1_223' title='bbox 536 2956 628 3039; x_wconf 82' lang='lat' dir='ltr'><strong>poni.</strong></span> <span class='ocrx_word' id='word_1_224' title='bbox 673 2954 869 3037; x_wconf 87' lang='lat' dir='ltr'><strong>Principium</strong></span> <span class='ocrx_word' id='word_1_225' title='bbox 892 2965 995 3019; x_wconf 81' lang='lat' dir='ltr'><strong>autern</strong></span> <span class='ocrx_word' id='word_1_226' title='bbox 1025 2974 1089 3018; x_wconf 93' lang='lat' dir='ltr'><strong>nnn</strong></span> <span class='ocrx_word' id='word_1_227' title='bbox 1111 2976 1239 3037; x_wconf 87' lang='lat' dir='ltr'><strong>semper</strong></span> <span class='ocrx_word' id='word_1_228' title='bbox 1261 2969 1308 3018; x_wconf 89' lang='lat' dir='ltr'><strong>est</strong></span> <span class='ocrx_word' id='word_1_229' title='bbox 1330 2957 1564 3035; x_wconf 54' lang='lat' dir='ltr'><strong>necessarium„</strong></span> <span class='ocrx_word' id='word_1_230' title='bbox 1600 2960 1680 3020; x_wconf 84' lang='lat' dir='ltr'><strong>Nam</strong></span> <span class='ocrx_word' id='word_1_231' title='bbox 1705 2956 1756 3018; x_wconf 84' lang='lat' dir='ltr'><strong>vel</strong></span> <span class='ocrx_word' id='word_1_232' title='bbox 1778 2968 1862 3019; x_wconf 86' lang='lat' dir='ltr'><strong>tem-</strong></span> 
     </span>
     <span class='ocr_line' id='line_1_25' title="bbox 537 3048 1861 3134; baseline -0.002 -19"><span class='ocrx_word' id='word_1_233' title='bbox 537 3051 625 3133; x_wconf 88' lang='lat' dir='ltr'><strong>poris</strong></span> <span class='ocrx_word' id='word_1_234' title='bbox 643 3049 808 3134; x_wconf 72' lang='lat' dir='ltr'><strong>angustiae</strong></span> <span class='ocrx_word' id='word_1_235' title='bbox 831 3070 896 3112; x_wconf 90' lang='lat' dir='ltr'><strong>non</strong></span> <span class='ocrx_word' id='word_1_236' title='bbox 917 3048 1098 3131; x_wconf 87' lang='lat' dir='ltr'><strong>patiuntur,</strong></span> <span class='ocrx_word' id='word_1_237' title='bbox 1124 3050 1176 3111; x_wconf 83' lang='lat' dir='ltr'><strong>rel</strong></span> <span class='ocrx_word' id='word_1_238' title='bbox 1198 3070 1292 3111; x_wconf 87' lang='lat' dir='ltr'><strong>causa</strong></span> <span class='ocrx_word' id='word_1_239' title='bbox 1311 3071 1469 3131; x_wconf 81' lang='lat' dir='ltr'><strong>perparva</strong></span> <span class='ocrx_word' id='word_1_240' title='bbox 1495 3063 1562 3123; x_wconf 84' lang='lat' dir='ltr'><strong>est,</strong></span> <span class='ocrx_word' id='word_1_241' title='bbox 1585 3052 1637 3112; x_wconf 82' lang='lat' dir='ltr'><strong>vel</strong></span> <span class='ocrx_word' id='word_1_242' title='bbox 1659 3050 1754 3112; x_wconf 83' lang='lat' dir='ltr'><strong>iudex</strong></span> <span class='ocrx_word' id='word_1_243' title='bbox 1769 3073 1861 3113; x_wconf 87' lang='lat' dir='ltr'><strong>mora</strong></span> 
     </span>
     <span class='ocr_line' id='line_1_26' title="bbox 490 3142 1861 3226; baseline -0.001 -18"><span class='ocrx_word' id='word_1_244' title='bbox 490 3142 718 3209; x_wconf 75' lang='lat' dir='ltr'><strong>asollenditnr.</strong></span> <span class='ocrx_word' id='word_1_245' title='bbox 773 3142 873 3207; x_wconf 88' lang='lat' dir='ltr'><strong>Plane</strong></span> <span class='ocrx_word' id='word_1_246' title='bbox 906 3153 1013 3224; x_wconf 86' lang='lat' dir='ltr'><strong>potest</strong></span> <span class='ocrx_word' id='word_1_247' title='bbox 1035 3162 1257 3226; x_wconf 85' lang='lat' dir='ltr'><strong>nonnunquam</strong></span> <span class='ocrx_word' id='word_1_248' title='bbox 1281 3156 1357 3224; x_wconf 88' lang='lat' dir='ltr'><strong>post</strong></span> <span class='ocrx_word' id='word_1_249' title='bbox 1390 3144 1603 3207; x_wconf 86' lang='lat' dir='ltr'><strong>narrationem</strong></span> <span class='ocrx_word' id='word_1_250' title='bbox 1635 3144 1861 3223; x_wconf 85' lang='lat' dir='ltr'><strong>prohoemium</strong></span> 
     </span>
     <span class='ocr_line' id='line_1_27' title="bbox 533 3234 1860 3319; baseline -0.001 -18"><span class='ocrx_word' id='word_1_251' title='bbox 533 3236 622 3319; x_wconf 88' lang='lat' dir='ltr'><strong>poni.</strong></span> <span class='ocrx_word' id='word_1_252' title='bbox 667 3234 703 3299; x_wconf 87' lang='lat' dir='ltr'><strong>si</strong></span> <span class='ocrx_word' id='word_1_253' title='bbox 725 3236 806 3299; x_wconf 88' lang='lat' dir='ltr'><strong>enim</strong></span> <span class='ocrx_word' id='word_1_254' title='bbox 828 3247 875 3298; x_wconf 88' lang='lat' dir='ltr'><strong>est</strong></span> <span class='ocrx_word' id='word_1_255' title='bbox 898 3236 985 3319; x_wconf 78' lang='lat' dir='ltr'><strong>quand</strong></span> <span class='ocrx_word' id='word_1_256' title='bbox 1006 3237 1090 3317; x_wconf 83' lang='lat' dir='ltr'><strong>apud</strong></span> <span class='ocrx_word' id='word_1_257' title='bbox 1103 3236 1314 3317; x_wconf 85' lang='lat' dir='ltr'><strong>suspicionem</strong></span> <span class='ocrx_word' id='word_1_258' title='bbox 1336 3237 1472 3302; x_wconf 90' lang='lat' dir='ltr'><strong>iudicum</strong></span> <span class='ocrx_word' id='word_1_259' title='bbox 1500 3259 1613 3301; x_wconf 73' lang='lat' dir='ltr'><strong>canisae</strong></span> <span class='ocrx_word' id='word_1_260' title='bbox 1636 3237 1772 3312; x_wconf 87' lang='lat' dir='ltr'><strong>officiat,</strong></span> <span class='ocrx_word' id='word_1_261' title='bbox 1796 3236 1860 3318; x_wconf 84' lang='lat' dir='ltr'><strong>ipsi</strong></span> 
     </span>
     <span class='ocr_line' id='line_1_28' title="bbox 534 3328 1860 3416; baseline 0.002 -25"><span class='ocrx_word' id='word_1_262' title='bbox 534 3342 637 3392; x_wconf 83' lang='lat' dir='ltr'><strong>autem</strong></span> <span class='ocrx_word' id='word_1_263' title='bbox 668 3330 900 3412; x_wconf 81' lang='lat' dir='ltr'><strong>expositionem</strong></span> <span class='ocrx_word' id='word_1_264' title='bbox 930 3328 1051 3413; x_wconf 89' lang='lat' dir='ltr'><strong>negotii</strong></span> <span class='ocrx_word' id='word_1_265' title='bbox 1084 3330 1188 3393; x_wconf 84' lang='lat' dir='ltr'><strong>statim</strong></span> <span class='ocrx_word' id='word_1_266' title='bbox 1224 3330 1419 3409; x_wconf 86' lang='lat' dir='ltr'><strong>desiderent,</strong></span> <span class='ocrx_word' id='word_1_267' title='bbox 1453 3354 1622 3416; x_wconf 88' lang='lat' dir='ltr'><strong>possumus</strong></span> <span class='ocrx_word' id='word_1_268' title='bbox 1652 3332 1779 3415; x_wconf 87' lang='lat' dir='ltr'><strong>utrique</strong></span> <span class='ocrx_word' id='word_1_269' title='bbox 1810 3332 1860 3393; x_wconf 85' lang='lat' dir='ltr'><strong>rei</strong></span> 
     </span>
     <span class='ocr_line' id='line_1_29' title="bbox 534 3422 1859 3508; baseline 0.002 -23"><span class='ocrx_word' id='word_1_270' title='bbox 534 3423 750 3499; x_wconf 82' lang='lat' dir='ltr'><strong>satisfacere,¹</strong></span> <span class='ocrx_word' id='word_1_271' title='bbox 773 3435 809 3486; x_wconf 95' lang='lat' dir='ltr'><strong>ut</strong></span> <span class='ocrx_word' id='word_1_272' title='bbox 837 3422 1007 3505; x_wconf 81' lang='lat' dir='ltr'><strong>explanata</strong></span> <span class='ocrx_word' id='word_1_273' title='bbox 1037 3422 1126 3486; x_wconf 92' lang='lat' dir='ltr'><strong>omni</strong></span> <span class='ocrx_word' id='word_1_274' title='bbox 1155 3424 1396 3499; x_wconf 79' lang='lat' dir='ltr'><strong>controversia,</strong></span> <span class='ocrx_word' id='word_1_275' title='bbox 1439 3426 1552 3508; x_wconf 88' lang='lat' dir='ltr'><strong>quibus</strong></span> <span class='ocrx_word' id='word_1_276' title='bbox 1589 3427 1774 3487; x_wconf 86' lang='lat' dir='ltr'><strong>medendum</strong></span> <span class='ocrx_word' id='word_1_277' title='bbox 1809 3437 1859 3490; x_wconf 85' lang='lat' dir='ltr'><strong>est</strong></span> 
     </span>
     <span class='ocr_line' id='line_1_30' title="bbox 533 3514 1861 3603; baseline -0.002 -22"><span class='ocrx_word' id='word_1_278' title='bbox 533 3516 716 3600; x_wconf 81' lang='lat' dir='ltr'><strong>principiis,</strong></span> <span class='ocrx_word' id='word_1_279' title='bbox 749 3516 914 3579; x_wconf 86' lang='lat' dir='ltr'><strong>leniamus.</strong></span> <span class='ocrx_word' id='word_1_280' title='bbox 968 3517 1019 3579; x_wconf 86' lang='lat' dir='ltr'><strong>Ac</strong></span> <span class='ocrx_word' id='word_1_281' title='bbox 1043 3514 1070 3578; x_wconf 91' lang='lat' dir='ltr'><strong>si</strong></span> <span class='ocrx_word' id='word_1_282' title='bbox 1100 3519 1140 3578; x_wconf 89' lang='lat' dir='ltr'><strong>ad</strong></span> <span class='ocrx_word' id='word_1_283' title='bbox 1168 3515 1376 3598; x_wconf 86' lang='lat' dir='ltr'><strong>probationes</strong></span> <span class='ocrx_word' id='word_1_284' title='bbox 1398 3528 1613 3591; x_wconf 88' lang='lat' dir='ltr'><strong>transeamus,</strong></span> <span class='ocrx_word' id='word_1_285' title='bbox 1642 3523 1730 3602; x_wconf 85' lang='lat' dir='ltr'><strong>quod</strong></span> <span class='ocrx_word' id='word_1_286' title='bbox 1756 3540 1861 3603; x_wconf 80' lang='lat' dir='ltr'><strong>geniis</strong></span> 
     </span>
     <span class='ocr_line' id='line_1_31' title="bbox 490 3606 1860 3698; baseline -0.001 -23"><span class='ocrx_word' id='word_1_287' title='bbox 490 3610 651 3675; x_wconf 80' lang='lat' dir='ltr'><strong>tnGraeci</strong></span> <span class='ocrx_word' id='word_1_288' title='bbox 683 3606 799 3698; x_wconf 80' lang='grc' dir='ltr'>μερικὰ</span> <span class='ocrx_word' id='word_1_289' title='bbox 829 3608 1016 3691; x_wconf 87' lang='lat' dir='ltr'><strong>prohoemia</strong></span> <span class='ocrx_word' id='word_1_290' title='bbox 1048 3610 1226 3690; x_wconf 85' lang='lat' dir='ltr'><strong>appellant,</strong></span> <span class='ocrx_word' id='word_1_291' title='bbox 1266 3631 1346 3693; x_wconf 81' lang='lat' dir='ltr'><strong>qiiac</strong></span> <span class='ocrx_word' id='word_1_292' title='bbox 1370 3632 1434 3674; x_wconf 93' lang='lat' dir='ltr'><strong>non</strong></span> <span class='ocrx_word' id='word_1_293' title='bbox 1457 3609 1566 3683; x_wconf 86' lang='lat' dir='ltr'><strong>initio,</strong></span> <span class='ocrx_word' id='word_1_294' title='bbox 1598 3612 1653 3674; x_wconf 88' lang='lat' dir='ltr'><strong>scd</strong></span> <span class='ocrx_word' id='word_1_295' title='bbox 1677 3614 1860 3697; x_wconf 85' lang='lat' dir='ltr'><strong>ubicunque</strong></span> 
     </span>
     <span class='ocr_line' id='line_1_32' title="bbox 534 3700 1860 3787; baseline 0 -20"><span class='ocrx_word' id='word_1_296' title='bbox 534 3725 608 3767; x_wconf 79' lang='lat' dir='ltr'><strong>iussis</strong></span> <span class='ocrx_word' id='word_1_297' title='bbox 642 3702 807 3787; x_wconf 79' lang='lat' dir='ltr'><strong>exegerit,</strong></span> <span class='ocrx_word' id='word_1_298' title='bbox 847 3700 1026 3785; x_wconf 83' lang='lat' dir='ltr'><strong>quibusque</strong></span> <span class='ocrx_word' id='word_1_299' title='bbox 1062 3700 1196 3764; x_wconf 89' lang='lat' dir='ltr'><strong>actionis</strong></span> <span class='ocrx_word' id='word_1_300' title='bbox 1228 3702 1371 3784; x_wconf 90' lang='lat' dir='ltr'><strong>partibus</strong></span> <span class='ocrx_word' id='word_1_301' title='bbox 1403 3708 1697 3767; x_wconf 89' lang='lat' dir='ltr'><strong>accouuundantur.</strong></span> <span class='ocrx_word' id='word_1_302' title='bbox 1750 3705 1860 3786; x_wconf 85' lang='lat' dir='ltr'><strong>Quum</strong></span> 
     </span>
     <span class='ocr_line' id='line_1_33' title="bbox 532 3794 1861 3878; baseline 0.001 -19"><span class='ocrx_word' id='word_1_303' title='bbox 532 3808 635 3859; x_wconf 89' lang='lat' dir='ltr'><strong>autem</strong></span> <span class='ocrx_word' id='word_1_304' title='bbox 659 3796 719 3859; x_wconf 90' lang='lat' dir='ltr'><strong>erit</strong></span> <span class='ocrx_word' id='word_1_305' title='bbox 741 3796 890 3859; x_wconf 87' lang='lat' dir='ltr'><strong>utendum</strong></span> <span class='ocrx_word' id='word_1_306' title='bbox 919 3794 1096 3878; x_wconf 89' lang='lat' dir='ltr'><strong>principio,</strong></span> <span class='ocrx_word' id='word_1_307' title='bbox 1128 3815 1320 3877; x_wconf 86' lang='lat' dir='ltr'><strong>praeparare</strong></span> <span class='ocrx_word' id='word_1_308' title='bbox 1343 3818 1382 3861; x_wconf 86' lang='lat' dir='ltr'><strong>cn</strong></span> <span class='ocrx_word' id='word_1_309' title='bbox 1406 3799 1556 3859; x_wconf 84' lang='lat' dir='ltr'><strong>debemus</strong></span> <span class='ocrx_word' id='word_1_310' title='bbox 1578 3798 1735 3874; x_wconf 89' lang='lat' dir='ltr'><strong>iudicem,</strong></span> <span class='ocrx_word' id='word_1_311' title='bbox 1760 3802 1861 3863; x_wconf 90' lang='lat' dir='ltr'><strong>bene·</strong></span> 
     </span>
     <span class='ocr_line' id='line_1_34' title="bbox 532 3888 1859 3973; baseline -0.002 -19"><span class='ocrx_word' id='word_1_312' title='bbox 532 3892 658 3963; x_wconf 80' lang='lat' dir='ltr'><strong>vulsini,</strong></span> <span class='ocrx_word' id='word_1_313' title='bbox 684 3902 856 3965; x_wconf 89' lang='lat' dir='ltr'><strong>attentum,</strong></span> <span class='ocrx_word' id='word_1_314' title='bbox 892 3890 1027 3953; x_wconf 88' lang='lat' dir='ltr'><strong>docilcm</strong></span> <span class='ocrx_word' id='word_1_315' title='bbox 1050 3888 1212 3952; x_wconf 80' lang='lat' dir='ltr'><strong>faciendo.</strong></span> <span class='ocrx_word' id='word_1_316' title='bbox 1258 3890 1348 3968; x_wconf 85' lang='lat' dir='ltr'><strong>Quae</strong></span> <span class='ocrx_word' id='word_1_317' title='bbox 1370 3901 1474 3953; x_wconf 90' lang='lat' dir='ltr'><strong>tamen</strong></span> <span class='ocrx_word' id='word_1_318' title='bbox 1496 3912 1555 3973; x_wconf 90' lang='lat' dir='ltr'><strong>per</strong></span> <span class='ocrx_word' id='word_1_319' title='bbox 1577 3901 1676 3953; x_wconf 85' lang='lat' dir='ltr'><strong>totam</strong></span> <span class='ocrx_word' id='word_1_320' title='bbox 1699 3890 1859 3955; x_wconf 84' lang='lat' dir='ltr'><strong>actionem</strong></span> 
     </span>
     <span class='ocr_line' id='line_1_35' title="bbox 533 3980 1859 4067; baseline -0.001 -20"><span class='ocrx_word' id='word_1_321' title='bbox 533 3984 737 4048; x_wconf 84' lang='lat' dir='ltr'><strong>custodienda</strong></span> <span class='ocrx_word' id='word_1_322' title='bbox 762 3994 855 4059; x_wconf 71' lang='lat' dir='ltr'><strong>stitit,</strong></span> <span class='ocrx_word' id='word_1_323' title='bbox 879 3985 935 4045; x_wconf 87' lang='lat' dir='ltr'><strong>sed</strong></span> <span class='ocrx_word' id='word_1_324' title='bbox 958 3982 988 4045; x_wconf 91' lang='lat' dir='ltr'><strong>in</strong></span> <span class='ocrx_word' id='word_1_325' title='bbox 1010 3980 1105 4045; x_wconf 91' lang='lat' dir='ltr'><strong>initiis</strong></span> <span class='ocrx_word' id='word_1_326' title='bbox 1129 3980 1318 4064; x_wconf 87' lang='lat' dir='ltr'><strong>praecipue,</strong></span> <span class='ocrx_word' id='word_1_327' title='bbox 1352 3984 1436 4046; x_wconf 94' lang='lat' dir='ltr'><strong>utin</strong></span> <span class='ocrx_word' id='word_1_328' title='bbox 1460 3984 1596 4046; x_wconf 85' lang='lat' dir='ltr'><strong>animum</strong></span> <span class='ocrx_word' id='word_1_329' title='bbox 1619 3983 1728 4047; x_wconf 89' lang='lat' dir='ltr'><strong>iudicis</strong></span> <span class='ocrx_word' id='word_1_330' title='bbox 1750 3986 1859 4067; x_wconf 88' lang='lat' dir='ltr'><strong>possi·</strong></span> 
     </span>
     <span class='ocr_line' id='line_1_36' title="bbox 488 4068 1861 4159; baseline 0.001 -22"><span class='ocrx_word' id='word_1_331' title='bbox 488 4088 518 4139; x_wconf 82' lang='lat'><strong>³⁵</strong></span> <span class='ocrx_word' id='word_1_332' title='bbox 532 4100 599 4143; x_wconf 88' lang='lat' dir='ltr'><strong>mus</strong></span> <span class='ocrx_word' id='word_1_333' title='bbox 622 4068 755 4142; x_wconf 81' lang='lat' dir='ltr'><strong>admitti.</strong></span> <span class='ocrx_word' id='word_1_334' title='bbox 801 4078 983 4140; x_wconf 81' lang='lat' dir='ltr'><strong>Benevolus</strong></span> <span class='ocrx_word' id='word_1_335' title='bbox 996 4087 1049 4137; x_wconf 90' lang='lat' dir='ltr'><strong>aut</strong></span> <span class='ocrx_word' id='word_1_336' title='bbox 1065 4074 1214 4157; x_wconf 90' lang='lat' dir='ltr'><strong>personis</strong></span> <span class='ocrx_word' id='word_1_337' title='bbox 1232 4076 1371 4139; x_wconf 85' lang='lat' dir='ltr'><strong>efficitur</strong></span> <span class='ocrx_word' id='word_1_338' title='bbox 1387 4090 1440 4141; x_wconf 90' lang='lat' dir='ltr'><strong>aut</strong></span> <span class='ocrx_word' id='word_1_339' title='bbox 1462 4077 1576 4141; x_wconf 84' lang='lat' dir='ltr'><strong>causis.</strong></span> <span class='ocrx_word' id='word_1_340' title='bbox 1600 4080 1630 4142; x_wconf 87' lang='grc' dir='ltr'>Α</span> <span class='ocrx_word' id='word_1_341' title='bbox 1651 4076 1814 4159; x_wconf 87' lang='lat' dir='ltr'><strong>personis,</strong></span> <span class='ocrx_word' id='word_1_342' title='bbox 1833 4076 1861 4138; x_wconf 89' lang='lat' dir='ltr'><strong>si</strong></span> 
     </span>
     <span class='ocr_line' id='line_1_37' title="bbox 531 4170 1857 4257; baseline -0.004 -21"><span class='ocrx_word' id='word_1_343' title='bbox 531 4176 665 4236; x_wconf 87' lang='lat' dir='ltr'><strong>ducatur</strong></span> <span class='ocrx_word' id='word_1_344' title='bbox 672 4172 835 4235; x_wconf 81' lang='lat' dir='ltr'><strong>exordium</strong></span> <span class='ocrx_word' id='word_1_345' title='bbox 849 4171 898 4233; x_wconf 84' lang='lat' dir='ltr'><strong>rel</strong></span> <span class='ocrx_word' id='word_1_346' title='bbox 914 4170 953 4231; x_wconf 85' lang='lat' dir='ltr'><strong>ab</strong></span> <span class='ocrx_word' id='word_1_347' title='bbox 969 4182 1077 4234; x_wconf 86' lang='lat' dir='ltr'><strong>actore</strong></span> <span class='ocrx_word' id='word_1_348' title='bbox 1090 4192 1203 4233; x_wconf 84' lang='lat' dir='ltr'><strong>causae</strong></span> <span class='ocrx_word' id='word_1_349' title='bbox 1219 4170 1265 4233; x_wconf 88' lang='lat' dir='ltr'><strong>vel</strong></span> <span class='ocrx_word' id='word_1_350' title='bbox 1277 4173 1315 4233; x_wconf 89' lang='lat' dir='ltr'><strong>ab</strong></span> <span class='ocrx_word' id='word_1_351' title='bbox 1333 4171 1403 4253; x_wconf 84' lang='lat' dir='ltr'><strong>ipso</strong></span> <span class='ocrx_word' id='word_1_352' title='bbox 1418 4172 1594 4257; x_wconf 82' lang='lat' dir='ltr'><strong>litigatore,</strong></span> <span class='ocrx_word' id='word_1_353' title='bbox 1609 4184 1639 4236; x_wconf 91' lang='lat' dir='ltr'><strong>et</strong></span> <span class='ocrx_word' id='word_1_354' title='bbox 1653 4172 1692 4232; x_wconf 87' lang='lat' dir='ltr'><strong>ab</strong></span> <span class='ocrx_word' id='word_1_355' title='bbox 1705 4170 1857 4232; x_wconf 85' lang='lat' dir='ltr'><strong>acciden-</strong></span> 
     </span>
     <span class='ocr_line' id='line_1_38' title="bbox 531 4262 1860 4350; baseline -0.005 -19"><span class='ocrx_word' id='word_1_356' title='bbox 531 4268 615 4331; x_wconf 88' lang='lat' dir='ltr'><strong>tibus</strong></span> <span class='ocrx_word' id='word_1_357' title='bbox 644 4266 811 4350; x_wconf 88' lang='lat' dir='ltr'><strong>unicuique</strong></span> <span class='ocrx_word' id='word_1_358' title='bbox 841 4286 1016 4346; x_wconf 86' lang='lat' dir='ltr'><strong>personae;</strong></span> <span class='ocrx_word' id='word_1_359' title='bbox 1053 4274 1087 4326; x_wconf 91' lang='lat' dir='ltr'><strong>ut</strong></span> <span class='ocrx_word' id='word_1_360' title='bbox 1114 4274 1166 4325; x_wconf 90' lang='lat' dir='ltr'><strong>aut</strong></span> <span class='ocrx_word' id='word_1_361' title='bbox 1195 4262 1330 4347; x_wconf 84' lang='lat' dir='ltr'><strong>dignitas</strong></span> <span class='ocrx_word' id='word_1_362' title='bbox 1353 4266 1511 4349; x_wconf 84' lang='lat' dir='ltr'><strong>allegetur</strong></span> <span class='ocrx_word' id='word_1_363' title='bbox 1538 4278 1594 4329; x_wconf 89' lang='lat' dir='ltr'><strong>aut</strong></span> <span class='ocrx_word' id='word_1_364' title='bbox 1615 4266 1781 4327; x_wconf 82' lang='lat' dir='ltr'><strong>infirmitas</strong></span> <span class='ocrx_word' id='word_1_365' title='bbox 1805 4275 1860 4326; x_wconf 88' lang='lat' dir='ltr'><strong>aut</strong></span> 
     </span>
     <span class='ocr_line' id='line_1_39' title="bbox 531 4356 1860 4440; baseline -0.005 -17"><span class='ocrx_word' id='word_1_366' title='bbox 531 4359 660 4423; x_wconf 83' lang='lat' dir='ltr'><strong>merita:</strong></span> <span class='ocrx_word' id='word_1_367' title='bbox 697 4362 754 4423; x_wconf 87' lang='lat' dir='ltr'><strong>sed</strong></span> <span class='ocrx_word' id='word_1_368' title='bbox 779 4359 1005 4435; x_wconf 81' lang='lat' dir='ltr'><strong>verecundius,</strong></span> <span class='ocrx_word' id='word_1_369' title='bbox 1038 4378 1077 4420; x_wconf 88' lang='lat' dir='ltr'><strong>nc</strong></span> <span class='ocrx_word' id='word_1_370' title='bbox 1100 4356 1248 4419; x_wconf 86' lang='lat' dir='ltr'><strong>invidiam</strong></span> <span class='ocrx_word' id='word_1_371' title='bbox 1271 4380 1497 4440; x_wconf 83' lang='lat' dir='ltr'><strong>provocemus.</strong></span> <span class='ocrx_word' id='word_1_372' title='bbox 1543 4359 1686 4421; x_wconf 89' lang='lat' dir='ltr'><strong>Prosunt</strong></span> <span class='ocrx_word' id='word_1_373' title='bbox 1707 4356 1802 4420; x_wconf 85' lang='lat' dir='ltr'><strong>etiam</strong></span> <span class='ocrx_word' id='word_1_374' title='bbox 1828 4368 1860 4419; x_wconf 82' lang='lat' dir='ltr'><strong>et</strong></span> 
     </span>
     <span class='ocr_line' id='line_1_40' title="bbox 531 4448 1859 4537; baseline -0.002 -23"><span class='ocrx_word' id='word_1_375' title='bbox 531 4453 623 4515; x_wconf 90' lang='lat' dir='ltr'><strong>liberi</strong></span> <span class='ocrx_word' id='word_1_376' title='bbox 652 4464 683 4515; x_wconf 89' lang='lat' dir='ltr'><strong>et</strong></span> <span class='ocrx_word' id='word_1_377' title='bbox 706 4475 799 4517; x_wconf 78' lang='lat' dir='ltr'><strong>sextis</strong></span> <span class='ocrx_word' id='word_1_378' title='bbox 823 4463 854 4517; x_wconf 91' lang='lat' dir='ltr'><strong>et</strong></span> <span class='ocrx_word' id='word_1_379' title='bbox 872 4464 959 4516; x_wconf 86' lang='lat' dir='ltr'><strong>netas</strong></span> <span class='ocrx_word' id='word_1_380' title='bbox 982 4463 1012 4513; x_wconf 89' lang='lat' dir='ltr'><strong>et</strong></span> <span class='ocrx_word' id='word_1_381' title='bbox 1047 4448 1194 4515; x_wconf 90' lang='lat' dir='ltr'><strong>condicio</strong></span> <span class='ocrx_word' id='word_1_382' title='bbox 1217 4462 1248 4513; x_wconf 91' lang='lat' dir='ltr'><strong>ct</strong></span> <span class='ocrx_word' id='word_1_383' title='bbox 1271 4464 1388 4527; x_wconf 85' lang='lat' dir='ltr'><strong>cetera,</strong></span> <span class='ocrx_word' id='word_1_384' title='bbox 1413 4474 1496 4537; x_wconf 89' lang='lat' dir='ltr'><strong>quae</strong></span> <span class='ocrx_word' id='word_1_385' title='bbox 1517 4450 1648 4515; x_wconf 89' lang='lat' dir='ltr'><strong>iudicem</strong></span> <span class='ocrx_word' id='word_1_386' title='bbox 1671 4452 1711 4511; x_wconf 85' lang='lat' dir='ltr'><strong>ad</strong></span> <span class='ocrx_word' id='word_1_387' title='bbox 1734 4450 1859 4513; x_wconf 85' lang='lat' dir='ltr'><strong>iniseri-</strong></span> 
     </span>
     <span class='ocr_line' id='line_1_41' title="bbox 489 4544 1858 4629; baseline 0 -26"><span class='ocrx_word' id='word_1_388' title='bbox 489 4546 669 4608; x_wconf 81' lang='lat' dir='ltr'><strong>tncnrdiam</strong></span> <span class='ocrx_word' id='word_1_389' title='bbox 692 4546 854 4610; x_wconf 87' lang='lat' dir='ltr'><strong>inclinant.</strong></span> <span class='ocrx_word' id='word_1_390' title='bbox 913 4546 1121 4629; x_wconf 88' lang='lat' dir='ltr'><strong>Degustanda</strong></span> <span class='ocrx_word' id='word_1_391' title='bbox 1149 4554 1252 4605; x_wconf 89' lang='lat' dir='ltr'><strong>tamen</strong></span> <span class='ocrx_word' id='word_1_392' title='bbox 1275 4544 1307 4605; x_wconf 92' lang='lat' dir='ltr'><strong>in</strong></span> <span class='ocrx_word' id='word_1_393' title='bbox 1337 4545 1516 4627; x_wconf 87' lang='lat' dir='ltr'><strong>principio,</strong></span> <span class='ocrx_word' id='word_1_394' title='bbox 1552 4566 1616 4608; x_wconf 93' lang='lat' dir='ltr'><strong>nnn</strong></span> <span class='ocrx_word' id='word_1_395' title='bbox 1638 4546 1858 4607; x_wconf 84' lang='lat' dir='ltr'><strong>consumenda</strong></span> 
     </span>
     <span class='ocr_line' id='line_1_42' title="bbox 531 4636 1858 4721; baseline -0.002 -20"><span class='ocrx_word' id='word_1_396' title='bbox 531 4640 633 4703; x_wconf 90' lang='lat' dir='ltr'><strong>latius.</strong></span> <span class='ocrx_word' id='word_1_397' title='bbox 683 4639 873 4702; x_wconf 84' lang='lat' dir='ltr'><strong>Adversarii</strong></span> <span class='ocrx_word' id='word_1_398' title='bbox 904 4658 1031 4721; x_wconf 86' lang='lat' dir='ltr'><strong>quoque</strong></span> <span class='ocrx_word' id='word_1_399' title='bbox 1062 4658 1200 4717; x_wconf 90' lang='lat' dir='ltr'><strong>persona</strong></span> <span class='ocrx_word' id='word_1_400' title='bbox 1223 4659 1326 4719; x_wconf 85' lang='lat' dir='ltr'><strong>prope</strong></span> <span class='ocrx_word' id='word_1_401' title='bbox 1348 4638 1458 4702; x_wconf 88' lang='lat' dir='ltr'><strong>iisdem</strong></span> <span class='ocrx_word' id='word_1_402' title='bbox 1484 4636 1628 4701; x_wconf 81' lang='lat' dir='ltr'><strong>erunibus</strong></span> <span class='ocrx_word' id='word_1_403' title='bbox 1650 4658 1668 4699; x_wconf 90' lang='lat' dir='ltr'><strong>e</strong></span> <span class='ocrx_word' id='word_1_404' title='bbox 1690 4636 1858 4701; x_wconf 87' lang='lat' dir='ltr'><strong>contrario</strong></span> 
     </span>
     <span class='ocr_line' id='line_1_43' title="bbox 530 4729 1859 4815; baseline -0.004 -20"><span class='ocrx_word' id='word_1_405' title='bbox 530 4732 712 4815; x_wconf 86' lang='lat' dir='ltr'><strong>impugnari</strong></span> <span class='ocrx_word' id='word_1_406' title='bbox 734 4732 827 4795; x_wconf 88' lang='lat' dir='ltr'><strong>solet.</strong></span> <span class='ocrx_word' id='word_1_407' title='bbox 881 4734 912 4795; x_wconf 85' lang='grc' dir='ltr'>Α</span> <span class='ocrx_word' id='word_1_408' title='bbox 936 4730 1038 4794; x_wconf 85' lang='lat' dir='ltr'><strong>iudice</strong></span> <span class='ocrx_word' id='word_1_409' title='bbox 1061 4750 1188 4813; x_wconf 86' lang='lat' dir='ltr'><strong>quoquc</strong></span> <span class='ocrx_word' id='word_1_410' title='bbox 1210 4732 1364 4813; x_wconf 88' lang='lat' dir='ltr'><strong>principia</strong></span> <span class='ocrx_word' id='word_1_411' title='bbox 1387 4734 1562 4805; x_wconf 89' lang='lat' dir='ltr'><strong>ducuntur,</strong></span> <span class='ocrx_word' id='word_1_412' title='bbox 1586 4749 1652 4792; x_wconf 92' lang='lat' dir='ltr'><strong>non</strong></span> <span class='ocrx_word' id='word_1_413' title='bbox 1673 4729 1766 4791; x_wconf 89' lang='lat' dir='ltr'><strong>nimis</strong></span> <span class='ocrx_word' id='word_1_414' title='bbox 1789 4730 1859 4791; x_wconf 85' lang='lat' dir='ltr'><strong>lan·</strong></span> 
     </span>
     <span class='ocr_line' id='line_1_44' title="bbox 532 4821 1857 4909; baseline -0.005 -22"><span class='ocrx_word' id='word_1_415' title='bbox 532 4828 635 4889; x_wconf 89' lang='lat' dir='ltr'><strong>dando</strong></span> <span class='ocrx_word' id='word_1_416' title='bbox 658 4848 747 4899; x_wconf 82' lang='lat' dir='ltr'><strong>eiiiu,</strong></span> <span class='ocrx_word' id='word_1_417' title='bbox 779 4825 849 4907; x_wconf 88' lang='lat' dir='ltr'><strong>quia</strong></span> <span class='ocrx_word' id='word_1_418' title='bbox 873 4834 1054 4905; x_wconf 85' lang='lat' dir='ltr'><strong>suspectum</strong></span> <span class='ocrx_word' id='word_1_419' title='bbox 1078 4834 1178 4885; x_wconf 88' lang='lat' dir='ltr'><strong>estet</strong></span> <span class='ocrx_word' id='word_1_420' title='bbox 1200 4822 1285 4905; x_wconf 88' lang='lat' dir='ltr'><strong>parti</strong></span> <span class='ocrx_word' id='word_1_421' title='bbox 1307 4823 1433 4909; x_wconf 88' lang='lat' dir='ltr'><strong>utrique</strong></span> <span class='ocrx_word' id='word_1_422' title='bbox 1456 4844 1639 4896; x_wconf 77' lang='lat' dir='ltr'><strong>commune3</strong></span> <span class='ocrx_word' id='word_1_423' title='bbox 1663 4833 1696 4885; x_wconf 91' lang='lat' dir='ltr'><strong>et</strong></span> <span class='ocrx_word' id='word_1_424' title='bbox 1717 4821 1805 4897; x_wconf 86' lang='lat' dir='ltr'><strong>idco,</strong></span> <span class='ocrx_word' id='word_1_425' title='bbox 1830 4822 1857 4881; x_wconf 91' lang='lat' dir='ltr'><strong>si</strong></span> 
     </span>
    </p>
   </div>
   <div class='ocr_carea' id='block_1_6' title="bbox 608 5044 1730 5241">
    <p class='ocr_par' dir='ltr' id='par_1_11' title="bbox 608 5044 1730 5241">
     <span class='ocr_line' id='line_1_45' title="bbox 620 5044 1730 5109; baseline -0.002 -14"><span class='ocrx_word' id='word_1_426' title='bbox 620 5050 643 5095; x_wconf 74' lang='lat' dir='ltr'><strong>d.</strong></span> <span class='ocrx_word' id='word_1_427' title='bbox 664 5048 849 5107; x_wconf 73' lang='lat' dir='ltr'><strong>consiliatione]</strong></span> <span class='ocrx_word' id='word_1_428' title='bbox 870 5050 905 5094; x_wconf 85' lang='lat' dir='ltr'><strong>ltu</strong></span> <span class='ocrx_word' id='word_1_429' title='bbox 924 5048 984 5093; x_wconf 84' lang='lat' dir='ltr'><strong>Cod.</strong></span> <span class='ocrx_word' id='word_1_430' title='bbox 1026 5046 1067 5099; x_wconf 72' lang='lat' dir='ltr'><strong>ld.</strong></span> <span class='ocrx_word' id='word_1_431' title='bbox 1087 5048 1147 5107; x_wconf 68' lang='lat' dir='ltr'><strong>teg.</strong></span> <span class='ocrx_word' id='word_1_432' title='bbox 1163 5046 1224 5108; x_wconf 71' lang='lat' dir='ltr'><strong>qnid</strong></span> <span class='ocrx_word' id='word_1_433' title='bbox 1239 5055 1264 5095; x_wconf 84' lang='lat' dir='ltr'><strong>et</strong></span> <span class='ocrx_word' id='word_1_434' title='bbox 1281 5046 1357 5107; x_wconf 76' lang='lat' dir='ltr'><strong>apud.</strong></span> <span class='ocrx_word' id='word_1_435' title='bbox 1377 5048 1425 5095; x_wconf 84' lang='grc' dir='ltr'><strong>οι.</strong></span> <span class='ocrx_word' id='word_1_436' title='bbox 1463 5044 1505 5097; x_wconf 66' lang='lat' dir='ltr'><strong>dl.</strong></span> <span class='ocrx_word' id='word_1_437' title='bbox 1525 5049 1586 5097; x_wconf 73' lang='lat' dir='ltr'><strong>cod.</strong></span> <span class='ocrx_word' id='word_1_438' title='bbox 1606 5048 1730 5109; x_wconf 72' lang='lat' dir='ltr'><strong>exigerit.</strong></span> 
     </span>
     <span class='ocr_line' id='line_1_46' title="bbox 608 5167 971 5241; baseline -0.025 -11"><span class='ocrx_word' id='word_1_439' title='bbox 608 5172 653 5229; x_wconf 81' lang='lat'><strong>16·</strong></span> <span class='ocrx_word' id='word_1_440' title='bbox 674 5168 716 5225; x_wconf 88' lang='lat' dir='ltr'><strong>Cl.</strong></span> <span class='ocrx_word' id='word_1_441' title='bbox 737 5167 857 5241; x_wconf 84' lang='lat' dir='ltr'><strong>Quintil.</strong></span> <span class='ocrx_word' id='word_1_442' title='bbox 879 5168 924 5224; x_wconf 88' lang='lat' dir='ltr'><strong>lV.</strong></span> <span class='ocrx_word' id='word_1_443' title='bbox 947 5174 971 5225; x_wconf 84' lang='lat'><strong>1.</strong></span> 
     </span>
    </p>
   </div>
   <div class='ocr_carea' id='block_1_7' title="bbox 0 0 2222 5959">
    <p class='ocr_par' dir='ltr' id='par_1_12' title="bbox 0 0 2222 5959">
     <span class='ocr_line' id='line_1_47' title="bbox 0 0 2222 5959; baseline 0 0"><span class='ocrx_word' id='word_1_444' title='bbox 0 0 2222 5959; x_wconf 95' lang='lat' dir='ltr'><strong> </strong></span> 
     </span>
    </p>
   </div>
  </div>
 </body>
</html>
