4434 5959
939 631 1031 694 nm.
1055 631 1103 694 11.
1401 648 1405 655 ·
1602 630 1662 695 157
1720 610 1724 619 “

357 771 606 835 consultatione
637 771 728 834 ciuili
756 772 857 834 liniret
880 772 917 833 in
937 792 973 833 ae
995 770 1180 833 sententiae
1201 770 1393 835 dictionem.
1452 772 1544 856 Ergo
1567 794 1661 857 quiam

354 868 462 949 agitur
484 868 516 927 in
536 878 646 929 serratu
669 868 708 927 de
730 867 855 955 hornine
877 867 1044 945 probando
1069 866 1117 925 vel
1144 866 1371 946 improbando,
1409 887 1471 929 nou
1498 867 1662 929 delibera-

351 963 421 1024 tivo
441 960 556 1020 exinde
590 962 718 1020 dicenda
749 971 813 1032 cst,
845 960 914 1039 quia
937 960 1032 1019 habet
1054 959 1225 1021 sententiae
1248 961 1435 1033 dirtioncm3
1459 964 1512 1022 sed
1535 961 1658 1022 iuridi-

348 1056 446 1116 cinlis
469 1075 560 1114 caiisa
583 1054 700 1129 magis,
724 1053 801 1133 qiua
825 1053 864 1113 de
880 1053 1004 1114 homine
1020 1054 1188 1132 probando
1205 1053 1476 1137 irnprobandoque
1492 1064 1659 1115 tractatur.

431 1149 536 1210 Nune
558 1147 599 1207 de
618 1146 783 1226 praemiis
803 1145 1070 1224 consideremus]
1124 1148 1208 1207 Hine
1234 1152 1307 1208 dare
1330 1158 1497 1227 praecepta
1531 1147 1686 1226 incipit,⁵

350 1262 430 1324 quase
453 1242 607 1300 servanda
631 1251 724 1310 saint,
749 1260 842 1320 quaram
869 1238 1039 1317 praemium
1063 1240 1277 1319 postulamus:
1316 1244 1401 1323 quod
1426 1241 1526 1302 solum
1550 1262 1661 1321 super-

351 1346 418 1398 erat
441 1335 481 1395 de
508 1333 729 1395 constitutione
750 1330 936 1393 iuridiciali
960 1343 1108 1404 tractata,
1148 1345 1181 1394 ut
1206 1347 1314 1394 natura
1340 1334 1430 1415 acqui
1450 1346 1480 1394 et
1508 1336 1587 1395 recti
1609 1344 1661 1394 aut

350 1417 483 1500 praemii
505 1430 558 1479 aut
578 1437 698 1497 poenae
724 1418 808 1478 ratio
825 1426 1023 1498 queaeramu-
1050 1417 1115 1479 Dat
1140 1419 1328 1498 exemplum,
1349 1420 1379 1478 in
1403 1438 1466 1501 quo
1490 1419 1660 1498 praemium

349 1512 549 1593 postulatur,
572 1510 609 1570 de
632 1530 689 1581 co,
714 1508 769 1592 qui
783 1508 973 1588 triumphurn
998 1512 1097 1591 petit:
1123 1522 1197 1591 post
1217 1516 1302 1595 quod
1322 1514 1497 1593 cantuplum
1517 1513 1660 1573 admonet

351 1625 453 1686 nequae
476 1605 527 1663 hic
549 1623 650 1685 neque
672 1602 702 1663 iu
721 1601 946 1681 deprecatione
971 1624 1030 1663 nos
1050 1604 1132 1666 lacta
1157 1605 1340 1667 intentione
1362 1618 1392 1667 et
1416 1604 1609 1688 depulsione
1628 1615 1658 1665 et
1673 1622 1703 1669 m

352 1710 423 1758 nata
452 1694 638 1779 quaestione
670 1707 722 1755 aut
743 1693 896 1756 rationem
921 1695 1080 1776 inquirere
1103 1707 1156 1758 arat
1185 1698 1396 1779 depulsionem
1427 1699 1575 1774 rationis,
1605 1700 1660 1760 scd

350 1790 451 1871 ipsam
474 1808 544 1849 esse
565 1787 826 1861 indicationem,
861 1809 941 1869 quiae
973 1788 1013 1849 sit
1045 1789 1202 1871 quiaestio.
1247 1792 1284 1853 ln
1318 1792 1560 1872 deprecatione,
1597 1793 1660 1855 boc

352 1884 469 1945 modos
492 1882 699 1961 oporteatne
710 1878 807 1966 affici
822 1901 951 1960 poenos
972 1880 1003 1943 in
1018 1882 1147 1961 praemii
1164 1882 1337 1963 petitione:
1361 1888 1569 1967 Oportentue
1583 1882 1661 1945 dori

347 1973 557 2058 proemium.
574 1974 695 2036 Dividit
704 1996 785 2057 ergo
795 1974 1105 2055 dicendainprarnrii
1114 1976 1265 2056 petitione
1278 1977 1484 2060 inquattuor:
1502 1977 1660 2042 inbenefi-

350 2071 411 2144 cin,
424 2067 636 2142 inhominem,
650 2068 681 2129 iu
691 2067 823 2149 praemii
832 2087 942 2148 geniis,
959 2066 989 2128 iu
1001 2069 1166 2131 sacrrltates
1179 2091 1187 2131 a
1212 2070 1462 2155 quibussingulis
1474 2084 1580 2153 partes
1590 2092 1660 2133 cer·
1673 2084 1703 2134 ts

351 2161 476 2242 iasipse
487 2160 655 2242 supponit;
671 2161 825 2242 simulque
837 2160 943 2221 docuit
951 2160 1042 2223 locos
1050 2181 1243 2236 communes,
1260 2184 1341 2246 quos
1356 2175 1474 2225 tantum
1484 2166 1513 2226 in
1528 2164 1572 2225 bis
1584 2184 1660 2244 par·

351 2256 434 2317 tibus
457 2275 498 2315 ex
521 2264 672 2338 quattuor
691 2255 860 2326 habemus,
883 2253 914 2313 in
937 2252 1067 2333 praemii
1089 2275 1206 2337 genere
1225 2267 1256 2317 et
1278 2256 1309 2316 in
1332 2256 1545 2319 facilitatibus.
1589 2258 1659 2319 Hae

351 2348 431 2410 enirn
451 2350 531 2410 duae
552 2360 658 2428 partes
680 2347 812 2409 affectus
836 2354 942 2407 tenent
970 2356 1001 2406 et
1023 2356 1155 2426 possunt
1180 2348 1338 2410 audientes
1362 2349 1506 2429 publicae
1529 2347 1659 2410 rationis

353 2442 526 2522 praemium
549 2452 581 2501 et
601 2440 733 2501 facultas
759 2437 927 2520 plurimum
954 2460 1169 2504 commovere.
1228 2442 1280 2504 Ac
1309 2444 1348 2503 de
1382 2440 1657 2506 constitutionibus

355 2535 479 2616 quidem
502 2532 576 2596 satis
598 2533 712 2595 dictum
735 2543 796 2595 est.
1669 2555 1701 2605 ρο

437 2630 542 2693 Nune
560 2626 601 2688 de
618 2626 663 2689 iis
676 2625 935 2701 controversiis,
957 2646 1043 2709 qraoe
1057 2624 1093 2687 in
1116 2625 1244 2706 scripto
1258 2638 1457 2700 versantur,
1480 2628 1659 2691 dicendum

350 2719 498 2803 videtur]
553 2718 808 2784 constitutiones
829 2718 1015 2783 rationales
1036 2738 1105 2781 esse
1128 2730 1239 2781 sentias
1261 2720 1341 2781 etin
1369 2720 1471 2800 prium
1496 2722 1658 2786 docuimus

351 2825 382 2877 et
401 2815 487 2895 ipsas
507 2834 576 2875 esse
598 2811 802 2894 principales.
846 2814 921 2875 Hoc
943 2813 1203 2895 quemadmodum
1220 2812 1447 2893 compleremus
1463 2814 1494 2875 iu
1511 2815 1655 2887 diceudo,

352 2906 522 2988 superiore
550 2916 683 2967 tractatu
711 2902 838 2966 doctrit:
872 2906 927 2966 sed
952 2903 1024 2987 quia
1050 2917 1122 2967 aunt
1144 2916 1307 2986 practerea
1331 2926 1444 2988 genera
1469 2919 1657 2967 coutrover-

351 3000 488 3074 siarum,
512 3020 593 3082 quae
611 3008 778 3059 versantur
799 2995 986 3079 inscripto,
1011 3018 1090 3081 quae
1102 2986 1243 3104 sneidunt
1258 2998 1552 3073 constitutionibus,
1577 3020 1656 3080 quam
1667 3022 1699 3072 25

348 3093 415 3173 ipsa
432 3091 571 3175 quinque
595 3103 689 3164 sunt3
711 3090 889 3154 necessario
914 3092 1006 3153 etiam
1027 3093 1066 3153 de
1084 3089 1133 3153 bis
1149 3094 1202 3153 dat
1224 3104 1405 3172 praecepta.
1451 3095 1529 3155 Sunt
1554 3105 1655 3154 aruem

351 3185 594 3250 controversiae
615 3185 772 3269 quinque,
810 3184 1016 3265 ambiguitas,
1047 3184 1197 3266 scriptum
1221 3197 1253 3247 et
1276 3186 1436 3255 voluutas,
1472 3190 1557 3268 leges
1580 3206 1659 3247 con·

351 3279 487 3351 icariae,
511 3276 710 3341 ratiocinatio
733 3290 764 3339 et
786 3276 939 3339 delinitio.
984 3277 1099 3357 Scripti
1121 3288 1221 3339 autern
1236 3278 1454 3341 controversia
1471 3291 1536 3353 est,
1561 3300 1655 3360 quum

351 3370 381 3433 in
400 3390 591 3454 quocunque
619 3369 739 3450 scripto
761 3370 897 3430 nascitur
918 3369 1157 3442 controversia3
1182 3382 1215 3432 ut
1235 3368 1266 3431 in
1288 3370 1426 3452 legibus,
1452 3374 1654 3449 testamentis,

351 3465 470 3545 pactis,
501 3463 611 3525 edictis
632 3474 662 3525 et
683 3460 816 3535 ceteris,
839 3463 972 3545 quaein
994 3464 1149 3545 scriptura
1173 3476 1256 3526 scint.
1302 3465 1395 3548 Ergo
1411 3463 1654 3545 principalisest
1671 3487 1703 3537 30
1805 3490 1809 3501 ·

351 3555 537 3640 ambiguitas
559 3557 645 3639 (quia
660 3556 701 3618 ita
727 3557 867 3619 ordinem
894 3554 982 3633 lecit)
1005 3556 1092 3619 cuins
1115 3557 1253 3620 delinitio
1276 3558 1410 3621 adbibita
1433 3569 1501 3619 est:
1525 3560 1650 3640 (iurant,

352 3649 432 3732 quid
455 3649 783 3731 senseritseriptor,
807 3648 989 3710 obscurum
1009 3660 1060 3711 est
1066 3670 1079 3720 ,·
1100 3648 1172 3711 ideo
1196 3649 1266 3733 qiua
1288 3649 1376 3711 dnos
1393 3661 1454 3711 out
1470 3653 1588 3732 plures
1601 3672 1658 3715 res

339 3741 548 3824 wignr'ficat.
592 3741 677 3805 Huic
696 3740 871 3822 exemplum
894 3742 997 3806 dedit:
1021 3745 1170 3806 uiliores
1184 3744 1280 3806 daret
1299 3765 1381 3807 uasa
1394 3746 1524 3806 caelato
1535 3743 1656 3817 uarori,

353 3854 437 3917 puae
462 3837 570 3896 vellet.
626 3832 781 3913 Quoniam
810 3838 858 3911 (ut
879 3834 1026 3913 diximus)
1047 3836 1287 3899 constitutiones
1310 3858 1372 3900 non
1395 3848 1484 3909 sunt,
1509 3839 1563 3899 scd
1582 3836 1658 3899 inci·

446 3974 472 4025 7.
491 3976 524 4019 ut
541 3976 645 4019 natura
663 3972 743 4037 aequi
761 3976 790 4017 et
808 3972 877 4018 recti
895 3970 964 4035 cen]
985 3970 1130 4040 Perpetem
1151 3969 1253 4022 editum
1275 3968 1375 4023 luerat:
1396 3978 1522 4022 tractata
1541 3980 1590 4021 ant
1603 3989 1660 4021 na-

355 4050 419 4095 tura
442 4047 523 4112 aequi
542 4054 570 4093 et
590 4046 660 4093 recti
678 4057 733 4095 cet.
755 4042 814 4108 (Sic
833 4046 917 4094 eriam
936 4042 1004 4095 Cod.
1023 4042 1098 4115 Bas.)
1119 4043 1247 4097 Nostram
1259 4044 1479 4098 emendationem
1493 4045 1656 4098 confirm-ant

351 4118 418 4171 baec
435 4118 521 4171 Tullii
542 4116 637 4169 rerba:
668 4116 852 4169 iuridicialem
878 4134 989 4169 coruom
1011 4135 1068 4169 esse
1095 4117 1266 4186 dicebamus,
1292 4124 1323 4172 in
1343 4139 1398 4191 qua
1422 4128 1503 4193 aeqrd
1520 4128 1551 4173 et
1568 4124 1656 4189 iniqrd

352 4201 470 4257 mesra,
487 4197 606 4261 praemii
624 4200 675 4243 aut
689 4207 797 4261 poenae
816 4196 891 4242 ratio
909 4202 1096 4262 quaereretur.
1118 4194 1206 4247 carr.

423 4277 471 4323 ,10
489 4268 659 4335 intentione]
680 4266 739 4318 lloo
758 4282 815 4331 est,
833 4272 1016 4320 accinctione.
1036 4268 1119 4321 Cara.

421 4339 494 4395 lbid.
515 4341 681 4410 depulsione]
705 4340 735 4392 ld
748 4356 789 4393 est
811 4338 979 4405 delaecione,
998 4346 1123 4395 criminis
1139 4340 1300 4394 infitiatione
1311 4380 1319 4405 ,
1332 4338 1495 4394 relocatione
1506 4358 1560 4401 cet.
1572 4343 1656 4397 Cara.

423 4420 469 4473 25.
488 4434 557 4483 quae
570 4415 697 4467 tricident
709 4417 963 4483 constitutionibus]
990 4414 1017 4467 id
1030 4432 1089 4480 eat,
1111 4431 1172 4467 sant
1185 4416 1266 4469 veluti
1281 4419 1391 4489 quidam
1403 4426 1495 4468 status
1507 4418 1657 4473 incidentes

351 4503 377 4541 et
390 4495 550 4554 accesserit,
573 4506 697 4561 respecta
713 4489 807 4542 habito
824 4489 857 4541 sd
867 4499 960 4542 steten
971 4492 1134 4553 rationales,
1147 4506 1214 4561 quor
1230 4492 1274 4543 hic
1285 4506 1363 4543 vocat
1374 4492 1547 4563 principales.
1570 4496 1660 4548 Cara.

423 4570 468 4621 27.
486 4568 669 4633 ambiguitas]
700 4564 815 4618 Graecis
843 4566 1030 4645 ἀμφιβολία.
1079 4565 1151 4619 vide
1183 4566 1383 4639 Hermogenem
1410 4571 1439 4620 ln
1464 4567 1605 4641 Opuscnlo
1625 4568 1659 4619 de

354 4645 476 4691 statuam
494 4640 640 4693 divisione.
660 4640 748 4695 Carr-

426 4713 498 4769 lbtd.
519 4721 653 4784 seriptum
671 4723 700 4767 et
717 4714 865 4785 voluntas]
887 4708 980 4791 ῥητὸν
998 4710 1052 4771 καὶ
1070 4710 1201 4772 διάνοια.
1223 4717 1312 4769 Care.

428 4794 473 4848 28.
491 4793 569 4858 leges
587 4793 759 4858 contrariae]
778 4790 951 4866 ἀντωνυμία.
972 4790 1059 4843 ctae.

429 4863 501 4916 lbld.
521 4864 715 4935 ratiocinatio]
737 4864 946 4939 συλλογισμός.
963 4866 1050 4917 Care.

428 4937 498 4992 lbid.
518 4938 660 5011 definitio]
682 4938 801 5009 supple,
820 4940 928 5005 legalis.
949 4941 1019 4991 Nam
1040 4939 1092 4991 alia
1114 4955 1154 4991 cst
1175 4938 1297 4993 definitio
1317 4946 1456 5015 pertinent
1477 4940 1509 4996 nd
1530 4948 1662 4995 ratianu-

359 5010 409 5062 Iern
425 5014 502 5065 illurn
522 5023 644 5077 statum,
661 5018 707 5084 qni
727 5012 890 5084 definitivas
908 5012 1068 5084 appellatur.
1090 5019 1175 5067 tlara.

428 5094 471 5145 29.
491 5097 522 5140 nt
531 5094 560 5139 ln
569 5088 687 5157 legibus]
710 5090 853 5159 l‘erperarn
869 5087 1007 5161 legebatur
1016 5098 1066 5140 out
1076 5109 1086 5147 ,·
1095 5094 1156 5159 quis
1166 5094 1271 5143 scilieet
1284 5090 1406 5143 ultimam
1420 5088 1605 5163 praecedentia
1618 5111 1663 5144 ro-

354 5160 443 5215 rabatt
457 5162 793 5235 (controversiolam
806 5163 897 5217 scriba
911 5169 1056 5237 imperitus
1067 5170 1219 5219 iteraverat.
1233 5165 1319 5219 carr.
1340 5166 1491 5239 (arrectiora
1506 5170 1573 5220 Cod.
1589 5168 1661 5241 ttae.)
