4434 5959
548 600 609 665 ³08
1084 608 1321 675 sonantes

547 748 633 830 quod
655 746 687 809 in
710 744 780 827 ipso
797 748 924 823 haeret,
964 750 1002 810 de
1024 770 1089 833 qno
1117 750 1294 835 quaeritur.
1353 748 1528 830 Quaeritur
1549 770 1628 814 vero
1649 752 1689 812 de
1711 752 1866 813 arcendae

549 860 647 921 austae
670 841 756 914 iure,
782 844 821 903 nb
844 842 961 905 allecto
982 842 1119 918 scilicet,
1144 842 1175 906 id
1197 854 1263 917 est,
1287 864 1304 905 a
1327 843 1465 917 maiore,
1489 845 1576 926 quod
1599 843 1739 906 refertur
1760 845 1801 904 ad
1823 844 1864 917 id,

548 935 635 1013 quod
658 932 757 994 minus
780 944 839 996 est.
884 936 1065 998 Notandum
1089 958 1190 1011 vero,
1216 938 1303 1019 qnod
1324 936 1451 997 'stallius
1474 936 1638 999 maximam
1660 936 1866 1019 propositio-

548 1045 617 1087 nem
641 1027 908 1109 argtuuentatioui
939 1026 1085 1103 inclusit,
1123 1020 1187 1095 boc
1214 1032 1331 1093 modo:
1371 1029 1468 1109 Quod
1495 1029 1525 1091 in
1552 1050 1587 1092 re
1616 1031 1736 1091 maiore
1764 1030 1865 1103 valet,

524 1121 651 1183 evaleat
676 1120 705 1181 iu
729 1118 869 1193 aniuore;
907 1121 1162 1204 creciacensis
1184 1122 1271 1185 nisus
1293 1124 1598 1206 argumentationem
1620 1121 1804 1203 expedivit,
1836 1133 1868 1182 ut

550 1212 745 1275 manifestius
774 1226 926 1295 appareat
954 1215 1004 1288 id,
1042 1218 1131 1299 quod
1159 1217 1262 1295 primo
1293 1214 1454 1279 volumine
1481 1228 1764 1279 commemoratum
1800 1226 1866 1287 est,

548 1306 604 1369 has
627 1307 774 1367 maximas
788 1306 1028 1389 propositiones
1040 1308 1229 1393 aliquotiens
1248 1309 1371 1393 quidem
1388 1308 1714 1393 argumentationibus
1733 1306 1867 1379 includi,

548 1398 632 1461 utin
654 1400 812 1479 praesenti
828 1413 1021 1465 monstratur
1042 1404 1210 1483 exemplo,
1235 1402 1313 1463 alias
1337 1421 1416 1465 vero
1435 1402 1519 1464 vires
1542 1400 1868 1483 argumentationibus

548 1494 641 1565 dare,
666 1504 700 1553 ιιι
723 1493 754 1554 in
782 1493 1003 1574 superioribus
1034 1495 1189 1577 exetnplis
1216 1495 1374 1558 locorum.
1426 1495 1522 1575 Quod
1543 1495 1570 1558 si
1590 1495 1672 1556 idem
1695 1506 1867 1556 couverte-

506 1602 616 1650 tumtts
639 1586 835 1665 exemplum,
872 1588 1035 1648 dicemusa
1074 1587 1170 1667 Quod
1196 1586 1227 1670 in
1257 1608 1295 1649 re
1317 1588 1438 1650 minore
1461 1588 1560 1662 salet,
1596 1586 1699 1649 valeat
1721 1587 1816 1649 etiam
1838 1584 1868 1648 in

548 1678 684 1752 maiore;
722 1691 753 1741 at
776 1678 809 1742 in
835 1680 913 1741 urbe
937 1699 1017 1761 aqua
1050 1693 1195 1744 arcetur:
1231 1679 1385 1765 regentur
1411 1680 1510 1765 igitur
1530 1680 1622 1743 fines.
1673 1680 1737 1742 Hic
1763 1691 1867 1739 tamen

548 1771 690 1856 quaestio
720 1782 935 1852 permutatur,
975 1774 1037 1835 boc
1067 1776 1188 1837 modo:
1234 1773 1409 1854 Quaeritur
1430 1774 1531 1847 enim,
1569 1795 1607 1837 au
1632 1772 1666 1835 in
1686 1775 1766 1836 urbe
1788 1770 1867 1833 lines

548 1876 695 1949 oporteat
718 1865 800 1949 regi.
845 1866 908 1929 Sed
933 1882 950 1930 a
973 1865 1092 1932 minore
1116 1866 1249 1930 sumitur
1272 1878 1503 1949 argttmentum‚
1523 1867 1554 1929 id
1575 1878 1640 1941 est,
1665 1868 1706 1928 ab
1727 1866 1866 1928 arcenda

548 1980 645 2043 aqna;
671 1970 704 2021 ut
723 1959 765 2021 sit
786 1960 838 2021 blo
861 1980 990 2043 quoque
1012 1970 1231 2042 argumentum
1259 1963 1299 2022 ab
1318 1980 1377 2034 eo,
1400 1963 1488 2042 quod
1509 1959 1539 2024 in
1565 1960 1637 2043 ipso
1659 1971 1727 2035 est,
1749 1959 1866 2030 idest,

504 2055 587 2115 stab
607 2073 664 2126 eo,
703 2054 790 2136 quod
808 2063 855 2115 est
879 2054 909 2113 io
933 2053 1082 2137 regendis
1100 2053 1233 2126 batibus,
1257 2053 1297 2116 ab
1318 2054 1435 2118 allecto
1460 2054 1599 2131 scilicet,
1623 2055 1745 2126 idest,
1770 2073 1788 2113 a
1812 2050 1869 2111 mi·

547 2168 640 2211 nore.
685 2147 722 2208 ld
745 2148 844 2221 eninr,
868 2148 955 2229 quod
977 2145 1077 2209 minsas
1099 2158 1166 2221 est,
1191 2146 1338 2210 allectum
1360 2158 1426 2220 est;
1459 2147 1537 2211 illud
1559 2168 1693 2232 namque
1715 2144 1866 2226 respicit,

547 2243 586 2303 ad
610 2242 696 2325 qnod
717 2250 932 2329 comparatur.
986 2242 1050 2304 Hie
1072 2261 1202 2326 quoque
1224 2240 1359 2303 maxima
1383 2241 1566 2323 propositio
1588 2262 1606 2303 a
1629 2241 1738 2304 'l'ullio
1760 2239 1869 2323 posita

492 2366 498 2380 ·
547 2345 615 2406 est,
650 2352 749 2414 eaque
772 2342 844 2394 est:
880 2331 977 2412 Quod
998 2334 1077 2396 enim
1100 2334 1130 2397 in
1152 2355 1189 2397 re
1214 2334 1336 2398 minore
1359 2335 1463 2410 valet,
1501 2336 1606 2397 valeat
1626 2334 1719 2397 etiam
1743 2334 1774 2397 io
1802 2354 1869 2395 ma·

546 2428 630 2489 iore.
675 2424 865 2506 Aparibus
890 2447 968 2489 nero
990 2426 1026 2488 lit
1048 2427 1191 2490 similiter
1218 2428 1430 2509 coutparatio.
1475 2429 1616 2491 Necesse
1636 2440 1685 2489 cst
1709 2426 1811 2498 euim,
1836 2434 1870 2485 ut

504 2534 536 2583 ιι
549 2521 651 2582 valeat
673 2522 832 2603 aequitas,
857 2538 938 2602 quae
959 2522 1090 2601 paribus
1112 2520 1143 2583 in
1166 2523 1262 2584 rebus
1285 2523 1372 2602 paria
1395 2520 1464 2583 iura
1487 2520 1657 2584 desiderat.
1703 2517 1869 2598 Usncapio

547 2626 593 2676 est
620 2612 747 2694 adeptio
780 2613 909 2676 dominii
938 2634 996 2695 per
1018 2614 1286 2679 continuationem
1315 2614 1416 2677 iustae
1437 2612 1650 2695 possessionis
1672 2610 1790 2674 biennii
1814 2621 1870 2671 aut

547 2706 679 2772 alieuius
701 2707 866 2789 temporis.
911 2708 1124 2771 Plurimarum
1148 2707 1245 2791 igitur
1266 2728 1370 2770 rerum
1395 2708 1548 2789 usucapio
1578 2727 1678 2769 annisa
1710 2715 1779 2777 est,
1813 2713 1867 2774 ut,

546 2800 663 2886 siquis
684 2801 729 2865 eis
751 2821 833 2865 auno
856 2802 1007 2866 continuo
1030 2802 1127 2864 luerit
1149 2823 1240 2874 ttsus,
1277 2801 1311 2863 id
1333 2800 1521 2862 firmaiuris
1546 2799 1734 2862 auctoritate
1760 2796 1869 2879 possi·

546 2899 635 2971 deal,
661 2897 748 2959 velut
765 2916 831 2958 rem
855 2897 1015 2958 tnobilem.
1073 2891 1177 2959 Fundi
1200 2914 1279 2956 vero
1304 2894 1456 2975 usucapio
1479 2892 1596 2955 biennii
1616 2890 1773 2973 tensporis
1792 2911 1868 2971 spa·

501 2990 593 3054 attio
615 2990 815 3061 continetura
838 2991 876 3051 de
898 2988 1029 3051 aedibus
1052 2989 1081 3051 in
1104 2989 1177 3072 lege
1200 2986 1275 3049 nibil
1290 2986 1462 3068 ascriptum
1478 2999 1538 3050 est.
1583 2986 1758 3066 Quaeritur
1770 3005 1866 3067 ergo,

547 3105 621 3146 ttsus
653 3081 774 3144 aedium
804 3100 912 3159 unone
940 3102 1022 3145 anno
1051 3102 1089 3143 au
1118 3082 1245 3145 biennio
1273 3081 1431 3163 capiatur.
1489 3080 1654 3144 Facieutus
1687 3098 1704 3139 a
1732 3078 1868 3159 paribus

546 3175 869 3257 argumentationem,
904 3184 935 3236 et
958 3173 1106 3257 quoniam
1139 3174 1342 3237 immobilium
1365 3194 1464 3258 aequa
1487 3172 1649 3255 possessio
1671 3184 1738 3248 est,
1769 3174 1867 3233 aedes

547 3289 627 3331 vero
651 3267 829 3331 immobiles
851 3278 943 3341 stant,
980 3278 1016 3332 ιιι
1038 3267 1165 3331 biennio
1188 3268 1306 3331 sinodus
1326 3267 1529 3349 usucapitur,
1554 3267 1595 3329 ita
1618 3265 1712 3328 etiam
1734 3275 1869 3347 oportet

547 3364 639 3424 aedes
663 3380 836 3442 usucapere
859 3359 987 3423 biennio
1010 3361 1236 3441 possidentem.
1285 3361 1438 3444 Aequitas
1460 3361 1540 3423 enim
1564 3360 1693 3441 paribus
1716 3358 1749 3421 in
1772 3360 1868 3419 rebus

505 3452 636 3541 aoparia
660 3452 728 3515 iura
750 3452 919 3519 desiderat.
973 3454 1063 3533 Quae
1093 3455 1184 3517 etiam
1216 3454 1350 3517 maxima
1373 3454 1557 3536 propositio
1584 3475 1600 3515 a
1624 3452 1734 3516 'stellio
1756 3452 1869 3513 claris-

547 3548 624 3611 sitnc
646 3549 840 3630 positaest,
856 3550 922 3615 ,secl
942 3549 1120 3630 exemplum
1143 3549 1319 3611 restrictius
1341 3549 1456 3611 dictum
1478 3561 1526 3611 est
1548 3568 1607 3611 nec
1628 3545 1869 3627 promptissime

547 3644 586 3703 ad
609 3641 857 3724 intelligendum.
901 3641 950 3703 lta
974 3632 1106 3723 natuque
1129 3642 1191 3717 ait,
1228 3653 1280 3717 ut,
1305 3642 1453 3726 quioniam
1484 3663 1558 3703 ttstts
1580 3640 1755 3703 attetoritas
1776 3637 1869 3700 fuudt

548 3732 707 3797 biennium
731 3746 796 3807 est,
820 3734 862 3796 sit
884 3734 976 3797 ctiam
1000 3734 1133 3797 reditun.
1192 3737 1257 3798 Hic
1282 3735 1382 3817 igitur
1403 3734 1523 3797 aedium
1546 3754 1620 3797 usus
1641 3730 1868 3794 auctoritatem

547 3827 676 3890 biennio
698 3827 768 3891 lieri
791 3826 904 3901 sentit,
942 3829 998 3891 sed
1020 3828 1152 3892 atllecit:
1189 3830 1236 3893 Aa
1261 3828 1391 3911 iulege
1411 3828 1514 3889 aedes
1537 3848 1605 3891 non
1624 3827 1866 3909 appellantur,

504 3932 581 3987 atet
597 3920 668 4005 [sio]
692 3934 773 3985 aunt
788 3933 979 3985 ceterorum
999 3921 1165 3997 omnium,
1182 3942 1329 4005 quornm
1347 3942 1484 3983 annaeus
1500 3934 1552 3985 eet
1571 3942 1669 3983 usam.
1713 3918 1779 3980 Hic
1794 3936 1870 3976 rnr-

547 4036 600 4077 ans
627 4018 719 4079 aedes
747 4017 777 4077 in
808 4014 845 4077 iis
878 4015 1004 4078 videtur
1026 4036 1164 4097 ponere,
1189 4036 1271 4099 quae
1295 4035 1398 4076 annito
1425 4034 1484 4076 usu
1511 4013 1696 4094 capiuntur,
1711 4024 1763 4074 ‘et
1787 4030 1868 4071 con·

547 4108 645 4171 cludit
668 4108 741 4171 nibil
766 4106 916 4170 deliniens
938 4108 1015 4171 nisit
1051 4110 1172 4173 Valent
1192 4108 1369 4191 aeqraitos,
1405 4128 1493 4190 patae
1515 4106 1659 4187 poribus
1687 4104 1724 4165 in
1748 4102 1867 4165 onauis

543 4203 650 4284 paria
672 4202 752 4265 iuro
777 4202 963 4265 desiderat.
1006 4202 1070 4263 Sed
1102 4202 1227 4263 videtur
1256 4203 1296 4262 ita
1327 4200 1470 4266 dictum:
1505 4198 1663 4277 Qttoniam
1676 4195 1866 4260 immobiles

548 4308 620 4357 stunt
641 4300 752 4367 aedes,
779 4306 811 4355 nt
834 4294 967 4368 fundus3
1006 4294 1132 4359 biennio
1156 4316 1235 4356 vero
1258 4295 1374 4356 lundus
1397 4293 1597 4373 ttsucapitur:
1621 4294 1715 4355 aedes
1736 4308 1869 4373 quoque

504 4398 538 4449 tt
548 4388 677 4451 biennio
696 4388 931 4469 ttsoteapieutur.
987 4390 1030 4451 Et
1052 4388 1111 4450 sibi
1134 4389 1202 4469 ipse
1224 4410 1332 4450 rursus
1355 4386 1511 4468 opponit:
1548 4387 1610 4448 Sed
1635 4387 1666 4447 in
1689 4386 1762 4467 lege
1787 4387 1868 4444 dsto-

549 4482 649 4543 decint
674 4482 848 4544 talutlartuu
881 4484 919 4543 de
942 4480 1069 4543 aedibus
1099 4481 1174 4543 nihil
1198 4480 1369 4562 ascriptum
1399 4491 1464 4548 est,
1503 4491 1534 4541 et
1554 4480 1638 4540 iuter
1660 4498 1714 4540 eas
1737 4478 1868 4539 relictae

548 4586 619 4635 sum
643 4594 693 4635 res
716 4572 929 4636 taciturnitate
951 4573 1047 4653 legis,
1088 4596 1220 4655 aptarum
1245 4586 1293 4636 est
1316 4595 1389 4639 naut
1411 4594 1546 4634 annuus.
1605 4574 1685 4633 Natu
1709 4592 1808 4653 qttum
1828 4572 1868 4630 de

549 4670 647 4729 luudo
669 4668 902 4746 praescriberet
926 4667 975 4727 len
999 4666 1116 4728 biennii
1141 4668 1387 4749 atstscapiouesu,
1426 4665 1523 4728 taetrit
1545 4667 1659 4738 aedes,
1693 4674 1725 4724 et
1748 4660 1787 4725 iis
1808 4682 1869 4742 po·

622 4854 648 4904 5.
672 4846 800 4918 deinceps
818 4866 867 4913 ea,
901 4866 971 4918 patae
990 4865 1055 4913 arg.
1076 4846 1247 4912 expediunt,
1275 4854 1308 4896 ut
1329 4847 1405 4898 liius.
1460 4848 1504 4900 17.
1523 4842 1562 4893 ed
1580 4839 1666 4912 quod]
1687 4846 1753 4893 ten.
1778 4870 1809 4882 -
1830 4838 1868 4891 d

547 4922 579 4975 ιιι
596 4922 670 4992 quand
696 4924 762 4977 Base
800 4951 835 4963 -·
861 4921 900 4973 ad
924 4922 955 4971 ld
979 4920 1018 4971 ed
1042 4921 1116 4989 prend
1143 4924 1228 4974 l'arlt.
1276 4925 1321 4976 20.
1353 4920 1489 4989 Ustacnpa‘o
1515 4945 1531 4955 -
1559 4947 1579 4959 -
1606 4946 1625 4957 -
1650 4923 1789 4983 temporis
1806 4917 1868 4968 add.

549 5000 618 5052 alter
639 4996 700 5053 eod.
720 4996 914 5070 Sangalleutlt.
953 5002 996 5055 23.
1016 4998 1061 5067 id]
1083 4997 1160 5049 Eine.
1182 4998 1269 5049 Paris.
1285 5012 1383 5045 -eus
1404 5000 1531 5047 bast.-
1550 5000 1578 5041 et
1598 4992 1665 5042 Ven.
1692 4995 1739 5049 52.
1764 5010 1868 5042 auau-

547 5082 670 5127 αιτιοι
679 5073 757 5127 ΕΙιιι.
781 5078 825 5133 55.
837 5078 1008 5123 aeactnra'rata
1021 5072 1087 5127 Ven.
1114 5070 1160 5129 δἰ.
1170 5076 1210 5121 ste
1220 5087 1277 5123 om.
1289 5071 1356 5121 litus
1381 5072 1456 5121 Besa.
1467 5065 1527 5119 lbld
1547 5074 1726 5117 ceterorum-
1737 5066 1865 5135 quorun]

550 5152 615 5203 Ven.
625 5180 641 5191 -
651 5157 956 5217 ceterarum-querare
971 5148 1047 5209 Eine.
1057 5161 1120 5205 curu
1128 5161 1216 5197 attero
1225 5143 1287 5198 cod.
1298 5144 1379 5215 ειυς.
1389 5174 1406 5186 -
1417 5150 1574 5195 ceterarum
1585 5170 1629 5183 --
1637 5158 1756 5211 quornm
1771 5147 1864 5195 uteri.
