4434 5959
949 587 1040 652 nto.
1063 587 1093 652 1.
1370 563 1378 585 ’
1624 584 1664 648 es

350 751 457 796 uxore
486 726 620 792 mantus
648 747 713 792 non
744 727 865 792 debuit.
907 728 974 791 lam
1007 727 1083 812 quid
1110 727 1141 790 iu
1171 725 1391 790 controversia
1420 723 1478 801 sit,
1512 747 1553 788 ex
1574 721 1664 788 iudi·

350 825 489 888 cntione
509 820 689 907 colligitur,
713 821 745 884 id
766 833 834 896 est,
856 822 915 886 Aa
931 831 1021 884 recte
1035 822 1174 884 Orestes
1190 830 1334 882 matrem
1353 817 1536 889 occiderit,
1560 837 1665 900 quum

350 917 415 980 itta
432 912 572 999 patrem
602 913 764 978 occiderit
794 913 941 980 Orestis.
995 912 1101 992 Quare
1123 911 1314 974 accurtatoris
1337 911 1407 975 talis
1430 910 1489 972 crit
1511 911 1660 992 partitio:

350 1007 582 1100 interfectam
604 1020 749 1070 matrem
776 1026 799 1068 n
814 1006 899 1084 filio
924 1026 1002 1068 cum
1022 1005 1223 1068 adversario
1248 1005 1331 1068 ntihi
1354 1002 1530 1080 conuenit,
1560 1025 1666 1087 quum

351 1105 415 1166 itta
434 1101 598 1165 occiderit
621 1102 930 1184 Agamemnonemr
964 1119 1011 1160 an
1031 1119 1055 1159 a
1067 1096 1153 1174 stlio
1174 1097 1283 1160 occidi
1304 1097 1472 1173 debuerit,
1510 1096 1690 1180 prenestini

352 1206 420 1258 est.
464 1193 525 1258 Rei
546 1213 626 1256 vero
648 1191 718 1254 talis
739 1190 799 1254 erit
813 1188 966 1273 partitio:
988 1189 1216 1279 interfectum
1233 1211 1257 1251 a
1276 1192 1549 1276 Clytaemnestra
1569 1192 1666 1274 Aga·

352 1305 567 1351 memnonem
600 1285 771 1348 convenit:
804 1304 851 1347 nn
877 1305 901 1346 a
920 1282 1006 1361 salio
1040 1285 1318 1369 Clytaemnestra
1349 1282 1503 1346 debuerit
1538 1283 1663 1358 occidi,

352 1381 511 1466 quaestio
531 1390 596 1442 est.

436 1478 535 1558 Quae
554 1484 670 1536 cutem
687 1470 836 1553 partitio
854 1491 971 1534 rerum
993 1471 1213 1536 distributam
1233 1468 1381 1534 continet
1402 1469 1664 1552 expositionem,

352 1571 437 1632 baec
460 1567 585 1630 habere
607 1565 702 1628 debet
729 1562 944 1639 breuitatem,
967 1565 1233 1639 absolutionem,
1252 1558 1475 1645 paucitatem]
1519 1561 1559 1624 In
1580 1561 1708 1626 omnitt

353 1661 594 1737 distributione,
625 1657 692 1721 sive
717 1678 813 1740 quam
841 1657 936 1718 babet
960 1668 1072 1718 orator
1097 1657 1129 1719 in
1151 1655 1297 1720 membris
1327 1655 1447 1738 negotii
1470 1654 1539 1718 sive
1572 1677 1666 1741 quam
1702 1655 1705 1662 '
1801 1715 1807 1741 x

353 1754 385 1817 in
406 1751 573 1824 membris,
611 1772 692 1834 qnae
717 1750 785 1824 ipse
810 1748 927 1812 format
957 1761 988 1812 ct
1012 1747 1103 1832 fingit
1136 1749 1283 1824 dicende,
1321 1767 1451 1812 serrare
1474 1749 1567 1811 debet
1588 1749 1666 1812 haee

256 1866 257 1873 ¹
354 1847 437 1923 tria,
471 1845 682 1919 brevitatem,
716 1841 966 1918 absolutionem,
1003 1841 1204 1923 paucitatem.
1250 1839 1395 1906 Brevitas
1415 1840 1446 1903 in
1468 1843 1573 1906 verbis
1595 1853 1664 1907 csta

355 1939 518 2004 absolutio
540 1939 570 2002 in
592 1949 681 2002 toto:
703 1934 843 2019 paucitas
864 1934 895 1997 in
918 1936 1095 2020 generibus.
1235 1949 1238 1954 '

440 2032 597 2098 Brevitas
621 2042 694 2103 eat,
731 2049 836 2112 quum
861 2027 928 2092 nisi
957 2029 1187 2092 necessarium
1216 2030 1348 2092 nullum
1379 2030 1568 2094 assumitur
1592 2041 1728 2093 ver-tt·

354 2128 451 2208 bam]
494 2128 540 2190 Ut
560 2125 587 2188 si
609 2123 655 2186 sic
667 2122 862 2206 partiamur:
886 2121 1048 2185 Dicemus
1062 2121 1103 2184 de
1124 2121 1310 2186 decumano
1320 2119 1522 2214 frumento,
1546 2123 1666 2187 deinde

354 2221 398 2284 de
416 2230 547 2301 empto,
568 2228 743 2300 postremo
764 2215 805 2277 de
821 2213 1021 2285 aestimator
1041 2234 1130 2277 nune
1147 2215 1297 2278 dicemus
1318 2213 1359 2278 de
1376 2216 1564 2280 decumano
1583 2214 1667 2298 fru-

356 2324 491 2384 mentoe
511 2311 656 2385 deinde,
677 2309 737 2372 ubi
759 2307 871 2370 maius
893 2319 945 2370 est
965 2307 1116 2384 crimen,
1146 2309 1187 2372 ele
1208 2331 1268 2382 eo,
1299 2308 1392 2392 quod
1415 2311 1500 2372 solet
1521 2309 1668 2391 publicis

351 2405 480 2488 pretiis
505 2401 702 2484 comparari
708 2423 720 2472 ,·
747 2413 942 2482 postremo,
973 2400 1031 2463 ubi
1060 2401 1147 2463 ninii
1170 2399 1318 2464 auaritia
1349 2402 1469 2466 Verria
1502 2401 1668 2466 intactum

355 2497 518 2582 reliquit,
540 2496 691 2558 dicemus
703 2493 808 2555 etiam
828 2493 870 2554 cte
890 2492 1279 2587 aestimatofrumento.
1324 2495 1415 2559 Haec
1436 2495 1541 2581 itaque
1556 2487 1709 2578 super-tt

355 2589 423 2652 flua
443 2591 616 2652 verborum
636 2585 670 2648 in
691 2585 848 2649 brevitate
868 2586 1048 2667 partitionis
1071 2588 1171 2651 vitare
1192 2589 1358 2664 debemus,
1382 2600 1415 2652 ut
1436 2589 1557 2654 animus
1577 2590 1665 2653 audi·

356 2682 442 2746 toris
463 2702 528 2745 non
550 2680 675 2755 verbis,
698 2681 756 2742 sed
775 2680 871 2747 rebus
893 2679 1001 2760 potius
1022 2693 1209 2762 occupetur.

442 2778 539 2840 Haec
559 2773 596 2836 in
615 2777 680 2837 hoe
698 2791 822 2854 genere
843 2771 971 2835 idcirce
991 2785 1042 2836 eet
1063 2771 1170 2856 utilis]
1227 2774 1265 2839 In
1288 2769 1350 2840 boe
1373 2797 1515 2861 genere,
1546 2775 1666 2856 idest,

357 2871 389 2934 in
413 2867 652 2943 distributione,
689 2864 830 2928 brevitas
853 2864 937 2928 utilis
959 2869 1066 2930 estad
1089 2866 1210 2932 animos
1240 2868 1418 2934 auditorum
1447 2890 1511 2934 non
1543 2867 1667 2949 verbis,

359 2965 418 3028 aed
437 2964 534 3026 rebus
555 2959 663 3042 potius
684 2959 897 3039 occupandos.
1677 2968 1710 3019 es

442 3054 625 3120 Absolutio
656 3063 727 3126 est,
760 3073 824 3134 per
850 3072 953 3135 quom
981 3054 1114 3130 omnia,
1152 3075 1238 3140 quae
1266 3055 1420 3119 incidunt
1449 3056 1491 3120 in
1509 3075 1668 3131 emanata,

356 3169 512 3234 genera,
535 3147 576 3212 de
600 3145 722 3232 quibua
737 3145 920 3209 ‘dicendum
944 3157 1012 3222 eat,
1035 3146 1284 3230 amplectimur]
1328 3149 1571 3214 Absolutionem
1592 3160 1669 3212 tunc

356 3243 513 3317 iacimus,
549 3239 576 3304 si
595 3239 718 3317 omnia,
755 3259 836 3323 qnae
871 3238 1010 3303 incidunt
1043 3239 1076 3304 in
1114 3261 1261 3316 eausam,
1298 3242 1470 3324 partientes
1500 3245 1667 3326 ponamus.

359 3337 471 3410 Ha‘ec,
495 3355 576 3419 quae
592 3332 749 3406 incidunt,
773 3329 875 3395 omnia
891 3353 974 3396 nttnc
993 3335 1159 3416 speciebus
1174 3334 1288 3398 confici
1300 3347 1450 3417 possunt,
1474 3357 1556 3400 nttnc
1571 3359 1668 3421 gene·

358 3429 463 3492 ribus.
509 3425 664 3508 Quoniam
687 3437 790 3488 autern
813 3425 986 3506 specierum
1003 3427 1103 3491 maior
1117 3439 1165 3491 est
1180 3426 1365 3503 multitudo,
1390 3431 1555 3514 angtrstior
1571 3439 1711 3514 gene-it

358 3541 429 3583 raam
452 3519 502 3582 vis
522 3531 554 3582 et
576 3531 685 3582 natura
707 3517 839 3602 (quippe
859 3540 954 3600 quum
977 3541 1077 3602 genus
1095 3521 1207 3584 multas
1225 3519 1255 3584 in
1277 3541 1311 3584 se
1332 3521 1452 3603 speeies
1476 3527 1593 3602 teneat)
1615 3521 1670 3607 qui

358 3613 436 3676 iacit
449 3611 652 3694 partitionem
668 3615 707 3674 de
723 3611 889 3694 speciebus
903 3613 1047 3676 erunibus
1065 3633 1175 3676 causae
1187 3612 1413 3690 incidentibus,
1437 3616 1669 3680 absolutionem

358 3707 484 3790 quidem
507 3714 630 3778 serrat,
655 3706 744 3788 quod
765 3725 873 3768 omnes
892 3703 1012 3785 specics
1033 3705 1066 3767 in
1082 3705 1252 3788 partitione
1274 3707 1446 3790 proponit,
1468 3711 1524 3772 sed
1545 3695 1667 3791 peecat,

357 3799 447 3882 qnod
468 3796 644 3880 specierum
673 3795 769 3860 latior
794 3794 973 3862 distributio
1002 3811 1067 3874 est,
1099 3811 1131 3862 et
1155 3799 1185 3862 iu
1213 3800 1386 3881 partitione
1418 3803 1548 3884 amplius
1576 3827 1668 3889 quam

356 3901 514 3974 quattuor
533 3899 640 3970 partes
662 3887 789 3952 omuino
811 3909 964 3954 essenon
987 3893 1115 3956 debent.
1159 3893 1252 3977 Ergo
1274 3905 1308 3958 ut
1330 3895 1487 3962 absolutio
1509 3898 1538 3960 in
1563 3899 1713 3966 distri-st

354 3981 490 4048 butione
512 3982 622 4044 meiius
643 3992 804 4055 servetur,
836 3981 957 4062 species
977 3984 1049 4049 illae
1071 3988 1112 4048 ad
1133 4005 1251 4070 genera
1272 3991 1484 4052 reservandae
1509 4001 1602 4066 snat,
1634 4001 1670 4054 ut

356 4073 467 4157 paneis
490 4073 682 4158 generibus,
710 4093 804 4155 quum
826 4073 948 4155 specics
976 4099 1085 4142 omnes
1111 4078 1271 4161 complexi
1291 4081 1463 4155 fuerimus,
1493 4083 1671 4148 absolutio·

358 4187 431 4230 nem
460 4166 680 4240 conficiamus,
717 4168 805 4249 qnod
831 4166 953 4245 omnia,
990 4183 1023 4233 et
1055 4173 1259 4254 paucitatem,
1300 4175 1386 4255 quod
1415 4193 1549 4258 genera,
1588 4197 1668 4258 quae

358 4259 500 4322 incidunt
521 4259 552 4320 in
574 4279 717 4335 eausam,
755 4257 786 4320 in
808 4260 1029 4327 distributione
1059 4266 1270 4330 collocamus:
1304 4287 1343 4330 ne
1367 4277 1419 4330 aut
1442 4266 1517 4330 utile
1539 4267 1670 4351 aliquod

359 4373 462 4436 genus
482 4361 718 4434 praetereamus
740 4363 794 4416 aut
815 4367 928 4437 postea
950 4377 1061 4421 causae
1083 4360 1184 4442 (quod
1205 4372 1254 4423 cst
1276 4359 1432 4440 vitiosius)
1453 4360 1635 4426 inieramus.
1679 4379 1711 4431 to

432 4607 461 4662 d.
481 4601 659 4672 adversario]
679 4603 727 4656 cd.
746 4605 809 4657 Bas.
830 4608 890 4658 Aac.
911 4629 944 4646 ·-·
963 4605 1140 4660 adversariis
1160 4607 1235 4662 Cett.
1256 4606 1309 4664 Oa.

395 4767 405 4807 t
436 4681 519 4805 {⁸⁰⁸
544 4697 563 4728 a
574 4675 644 4750 filie
669 4676 757 4732 occidi
774 4679 911 4748 debuerit]
947 4683 977 4735 in
997 4679 1149 4735 basileensi
1169 4682 1291 4737 editione
1310 4682 1427 4756 legiter:
1447 4683 1499 4738 sed
1514 4703 1551 4748 aa
1569 4703 1588 4738 a
1599 4684 1668 4758 filie

361 4769 418 4808 ee.
462 4769 520 4805 aar.

430 4829 464 4886 6..
477 4825 526 4880 tlei
544 4829 624 4895 nero]
644 4828 700 4884 τοῦ
720 4824 900 4902 φεύγοντος,
921 4843 951 4882 nt
970 4829 1071 4886 Graeci
1090 4830 1230 4898 dicerent,
1257 4831 1309 4888 boe
1329 4847 1369 4886 eat
1389 4833 1474 4900 illins,
1491 4840 1538 4908 qui
1558 4852 1667 4890 canaam

360 4901 443 4963 dicit,
462 4905 510 4974 qni
529 4918 673 4974 persenam
694 4917 852 4956 accusatam
871 4907 901 4955 in
920 4903 1025 4957 indicio
1044 4904 1173 4962 delendis.
1196 4907 1277 4962 Cara.

431 4980 480 5033 27.
500 4975 534 5027 de
552 4977 659 5047 qenins]
687 4975 756 5031 cod.
775 4977 838 5032 Bae.
859 5003 895 5022 -·
913 4978 1060 5050 dequibus
1075 4990 1174 5052 postea
1193 4980 1260 5037 Edd.
1280 4981 1353 5038 Tum
1382 4983 1431 5040 cd.
1452 4985 1515 5040 Bas.
1533 5005 1540 5040 t
1558 4991 1668 5062 caspie..

362 5057 463 5105 etim
480 5055 511 5102 a'n
527 5057 695 5120 partitione.
715 5051 769 5105 Οι.

435 5127 481 5184 st.
502 5129 609 5194 teneat]
630 5126 680 5181 Cd.
700 5128 763 5181 Bas.
787 5155 817 5170 -
838 5133 983 5182 contineat
1002 5127 1070 5184 tit.
1090 5129 1145 5185 Os.

449 5225 575 5270 utinm
591 5227 670 5270 uae.
686 5230 733 5270 va,
747 5229 772 5270 v.
786 5232 807 5271 s.
1116 5281 1119 5293 Ι
1399 5209 1418 5270 b
