4434 5959
920 624 1009 689 LlB.
1031 622 1080 687 11.
1604 628 1665 695 tis

441 761 545 843 Quod
563 761 657 825 illius
678 763 729 826 rei
747 784 853 847 neque
873 762 1141 842 administratio]
1186 764 1285 841 Qtism
1309 750 1504 827 sdversarius
1527 765 1614 829 dicit.

441 854 541 919 Nihil
562 855 651 917 enim
668 856 957 938 prohibetseetam
972 860 1080 939 legem
1101 858 1248 937 exempli
1266 860 1340 919 loco
1357 859 1500 939 ponere]
1543 860 1663 922 Fictam

357 949 539 1022 materiam,
562 948 594 1010 id
617 962 681 1025 est,
705 952 863 1012 thetieam
886 952 1005 1033 legem,
1030 949 1096 1011 sine
1119 950 1207 1009 certa*
1225 970 1373 1029 persone.

442 1042 573 1103 Deinde
595 1042 626 1103 si
645 1042 680 1104 in
698 1046 773 1125 tege
793 1042 859 1105 erit
883 1066 929 1105 ex
943 1042 1105 1126 antbiguo
1125 1042 1372 1121 controuersia]
1416 1045 1490 1105 Nou
1510 1044 1540 1105 in
1561 1044 1665 1129 eliqua

360 1135 418 1198 elie
441 1132 610 1214 scriptura.
1675 1154 1689 1205 ς

438 1228 521 1291 Alia
541 1228 575 1288 in
598 1228 671 1309 lege
692 1238 830 1291 casuum
851 1249 924 1291 esse
938 1229 1113 1307 doceatur]
1135 1227 1172 1290 ld
1189 1240 1253 1301 est,
1279 1231 1438 1311 quornodo
1454 1241 1486 1290 tu
1502 1230 1663 1313 intelligis.

441 1322 652 1384 Permultum
679 1334 793 1383 autem
817 1322 980 1403 proficiet
1008 1321 1094 1384 illud
1113 1322 1357 1402 demonstrare]
1404 1323 1558 1405 Adiungit
1580 1326 1664 1387 alind

357 1425 560 1497 praeceptum
591 1435 660 1476 esse
688 1414 969 1489 considerandmn3
1006 1418 1264 1499 quemadmodum
1288 1415 1383 1477 scribi
1408 1428 1515 1494 posset
1538 1418 1576 1477 ab
1599 1438 1660 1493 eo,
1732 1418 1740 1437 ⁶

358 1507 412 1590 qui
434 1508 582 1588 scripsit,
607 1507 631 1568 si
652 1507 696 1569 sic
717 1509 883 1580 sensisset,
908 1510 1167 1590 quemadmodum
1190 1508 1263 1569 dicit
1285 1506 1496 1570 adversarius.

441 1605 502 1665 Ex
523 1601 652 1683 scripto
671 1613 705 1663 et
729 1603 895 1664 sententia
912 1602 1145 1666 controuersia
1161 1602 1328 1681 consistit]
1372 1601 1508 1684 chales
1533 1611 1663 1663 contro·
1675 1614 1706 1663 tu

359 1695 481 1757 versiae
499 1707 571 1756 sunt
595 1694 749 1777 quinque,
781 1717 862 1779 quiae
887 1707 975 1757 extra
998 1696 1238 1757 constitutiones
1260 1706 1409 1755 tractatus
1431 1715 1505 1757 suos
1527 1696 1663 1758 hebent:

358 1808 397 1851 ex
421 1788 469 1851 bis
499 1788 621 1849 'l'ullius
649 1790 780 1870 primam
810 1790 957 1851 tractavit
985 1788 1241 1869 ambiguitatum
1278 1787 1427 1867 scriptum
1456 1800 1487 1850 et
1519 1787 1665 1851 voluntas

358 1902 441 1944 nunc
468 1880 659 1961 explicetur.
716 1882 872 1962 Scriptum
902 1895 1003 1944 etitem
1033 1902 1126 1943 etune
1158 1880 1302 1961 accipere
1334 1882 1484 1942 debemus
1512 1878 1665 1963 quidquid

358 1987 411 2038 aut
433 1973 465 2035 in
488 1973 613 2056 legibus
645 1984 697 2035 eut
722 1973 752 2035 in
781 1974 973 2037 testamentis
996 1986 1048 2035 sut
1079 1973 1188 2035 edictis
1218 1987 1271 2035 um
1298 1971 1329 2034 in
1361 1973 1504 2035 omnibus
1537 1973 1663 2055 scriptis

358 2066 558 2153 intelligitur.
602 2068 676 2130 Hoc
690 2068 831 2130 delinivit
851 2069 911 2131 its:
933 2072 1046 2150 Quum
1056 2069 1144 2128 alter
1159 2066 1269 2127 utitur
1286 2067 1411 2143 verbis,
1436 2088 1522 2150 quae
1535 2069 1664 2149 scripto
1676 2083 1706 2131 1⁵

358 2174 459 2234 stent,-
494 2161 575 2222 alter
595 2160 758 2242 scriptoris
778 2162 961 2222 sententiam
978 2161 1204 2239 interpretatur
1222 2170 1252 2220 et
1271 2162 1310 2220 ad
1331 2159 1381 2234 id,
1406 2162 1492 2241 quod
1514 2158 1664 2241 scriptum

359 2268 427 2328 est,
462 2254 596 2317 animum
626 2252 792 2315 scribentis
818 2253 972 2334 adiungit.
1030 2252 1117 2313 Idem
1143 2263 1264 2326 tamen,
1289 2252 1342 2334 qui
1369 2252 1521 2325 sententia
1543 2254 1662 2328 utitur,

359 2347 477 2429 duplici
500 2349 595 2409 modo
617 2347 729 2408 asserit
751 2344 935 2409 sententiam
957 2344 1140 2427 scriptoris;
1163 2356 1214 2405 suu
1230 2344 1309 2407 enim
1325 2366 1449 2426 semper
1463 2344 1538 2407 dicit
1553 2344 1665 2426 scripti

360 2442 427 2505 eius
461 2462 554 2502 tintus
588 2442 782 2523 eundemque
814 2460 937 2503 sensum
972 2444 1057 2510 e‘sse3
1091 2448 1144 2500 aut
1172 2441 1210 2499 ad
1244 2450 1365 2518 tempus
1393 2448 1447 2499 snt
1479 2458 1519 2499 ex
1549 2449 1665 2501 eventu

359 2534 460 2616 accipi
493 2544 643 2614 oportere
679 2534 726 2607 id,
762 2539 850 2616 quod
884 2531 980 2593 sensit
1014 2529 1087 2604 ille,
1118 2531 1171 2613 qut
1204 2530 1342 2611 scripsit.
1397 2530 1707 2613 Deteremplmnuo

359 2629 620 2713 qineinsdmodmn
643 2647 736 2689 unium
760 2639 791 2688 et
811 2624 892 2686 idem
914 2645 1038 2705 semper
1060 2623 1253 2707 intelligatur
1268 2626 1298 2685 in
1314 2625 1465 2685 sententia
1480 2625 1646 2706 scriptoris
1653 2648 1666 2698 ‚⁰

359 2745 455 2808 qustum
481 2722 574 2781 heres
595 2723 747 2783 secundus
776 2719 935 2781 institutus
956 2717 1182 2799 interpretetur
1208 2739 1241 2780 se
1271 2720 1413 2779 heredem
1437 2737 1505 2780 esse
1530 2720 1662 2794 iustum,
1721 2748 1724 2759 ·

358 2818 426 2878 sive
443 2827 534 2876 natus
557 2814 638 2876 lilius
661 2824 761 2887 esset,
795 2824 830 2874 ut
855 2812 881 2874 is
898 2814 989 2873 heres
1012 2821 1116 2884 esset,
1151 2810 1205 2893 qui
1229 2822 1319 2873 aetus
1341 2810 1463 2873 lueret:
1486 2812 1553 2873 sive
1575 2824 1665 2873 natus

357 2931 423 2974 non
445 2908 576 2982 luisset,
607 2918 641 2967 ut
662 2907 738 2968 alius
760 2906 862 2967 nullus
891 2916 973 2966 esset
995 2924 1087 2984 quam
1108 2904 1193 2985 ipsc,
1223 2906 1277 2987 quii
1299 2908 1452 2967 sccundus
1474 2917 1521 2965 est
1543 2905 1665 2967 institu-

357 3014 421 3064 tus.
464 3003 558 3063 Hanc
578 2999 761 3063 sententiam
779 3020 869 3061 tinam
892 3007 1044 3061 memorat
1065 3007 1096 3059 et
1118 3018 1244 3078 semper
1258 2999 1384 3061 eandem
1401 3019 1481 3060 esse.
1526 2998 1706 3061 Arvernis

359 3116 456 3178 quum
478 3095 631 3157 sententie
652 3092 819 3173 scriptoris
843 3093 884 3154 ita
907 3090 1097 3172 exponitur,
1135 3103 1168 3153 ut
1191 3112 1231 3153 ex
1251 3091 1337 3153 fecto
1357 3103 1408 3153 eiu
1429 3112 1468 3151 cx
1492 3104 1605 3152 eventu
1627 3093 1665 3152 sd

359 3200 483 3268 tempus
501 3186 733 3267 interpretenda
752 3184 809 3257 sit,
834 3187 926 3246 docet
942 3203 1050 3246 omnes
1069 3186 1128 3245 sub
1142 3184 1304 3268 qualitate
1326 3184 1537 3265 assumptiva
1559 3196 1664 3264 partes

252 3348 253 3356 χ
359 3280 393 3343 in
415 3282 479 3342 hoc
500 3298 615 3361 genere
634 3276 807 3340 contineri:
841 3276 872 3339 in
895 3297 956 3359 qna
978 3278 1209 3360 compensatio
1231 3290 1279 3341 est
1299 3290 1352 3340 em
1377 3279 1499 3341 relatio
1528 3276 1665 3338 criminis

360 3383 414 3434 ent
434 3370 579 3434 remotio
600 3382 653 3432 eut
675 3370 860 3433 concessio.
918 3371 957 3432 ln
980 3371 1028 3433 bis
1053 3371 1133 3434 enim
1163 3371 1307 3436 omnibus
1342 3373 1507 3453 speciebus
1533 3390 1666 3432 ossum·

355 3466 473 3549 ptinae
492 3464 668 3547 qualitatis
688 3464 867 3525 necessario
889 3462 941 3524 lex
959 3464 1137 3545 praecedit:
1162 3486 1241 3549 qttee
1256 3486 1350 3549 quum
1368 3464 1518 3546 scriptum
1540 3465 1662 3537 babent,
1677 3482 1708 3531 30

360 3556 491 3621 babebit
513 3567 545 3619 et
565 3555 769 3630 sententiam,
792 3576 884 3636 quem
905 3554 950 3629 is,
975 3555 1030 3640 qni
1047 3576 1082 3619 es
1100 3558 1217 3634 utitur,
1242 3557 1316 3620 dicit
1336 3560 1375 3621 ed
1393 3569 1514 3639 tempus
1541 3578 1666 3619 accom-

361 3651 497 3713 modari.
540 3649 801 3729 Detexemplum
821 3659 851 3712 et
871 3649 964 3711 docet
984 3668 1048 3712 non
1070 3650 1110 3712 ad
1127 3650 1209 3714 idem
1230 3662 1373 3732 spectare
1395 3653 1427 3713 in
1446 3651 1495 3712 bis
1515 3652 1666 3732 exemplis

360 3741 544 3806 sententiam
562 3742 745 3823 scriptoris,
769 3744 825 3803 sed
841 3762 881 3803 ex
899 3750 1045 3822 tempore
1061 3762 1188 3825 semper
1205 3742 1350 3827 intelligi.
1393 3745 1475 3808 Post
1493 3744 1572 3807 haec
1590 3746 1667 3806 sub·

358 3836 461 3920 iungit
481 3848 669 3919 praecepte,
693 3834 807 3920 quibus
825 3833 872 3897 uti
892 3827 1050 3911 debetis,
1074 3835 1129 3921 qui
1149 3836 1298 3918 scriptum
1314 3836 1471 3911 defendit,
1494 3848 1525 3900 et
1543 3837 1587 3911 is,
1612 3834 1666 3920 qui

359 3929 481 4010 scripto
494 3950 527 3991 se
548 3939 667 3991 tuetur.
710 3927 791 3989 Sunt
804 3938 906 3989 autem
918 3930 1015 3991 brec:
1037 3928 1143 3991 lendes
1164 3928 1348 4009 scriptoris;
1371 3928 1544 3996 communis
1560 3930 1663 4004 loeus,
1677 3940 1709 3992 36

360 4020 392 4084 in
414 4042 481 4106 qno
509 4023 642 4086 docetur
666 4019 742 4083 nibil
766 4040 785 4083 e
811 4019 964 4084 iudicibus
994 4022 1133 4105 spectari
1158 4034 1308 4105 oportere
1337 4022 1396 4085 nisi
1430 4022 1602 4103 scriptum
1635 4033 1667 4084 et

455 4263 485 4319 5.
506 4259 639 4313 tlsetieeni
656 4262 758 4330 legem]
779 4259 869 4313 idest
886 4260 994 4333 legem,
1014 4277 1082 4333 quse
1102 4279 1131 4314 se
1151 4261 1249 4315 hebent
1270 4267 1355 4316 tuerer
1379 4260 1520 4317 eutnsdern
1543 4260 1668 4313 theseos.-

363 4352 397 4389 en
415 4350 507 4390 entem
526 4334 614 4388 thesis
634 4336 669 4387 eb
687 4334 835 4409 hypothesi
851 4334 957 4400 differt,
980 4335 1053 4407 qnod
1074 4334 1160 4387 thesis
1183 4354 1269 4407 neque
1292 4354 1435 4411 personum
1459 4352 1561 4389 certem
1583 4355 1668 4407 neque

363 4408 456 4465 henas
476 4429 563 4483 neque
582 4410 649 4464 stirs
664 4414 903 4474 circumeuntia,
922 4426 990 4482 qeee
1006 4416 1035 4463 tn
1056 4409 1202 4483 hypothesi
1215 4418 1409 4479 continentur,
1430 4412 1561 4467 includet.
1582 4414 1668 4467 Cure.

455 4492 482 4545 8.
499 4488 606 4557 posset]
626 4486 694 4539 cod.
713 4488 773 4539 Bas.
794 4514 830 4529 -
846 4490 939 4556 pessit
958 4484 1026 4540 Edd.
1046 4485 1100 4538 Οι.

367 4586 372 4593 ·
439 4566 484 4620 st.
503 4564 729 4629 constitutiones]
748 4561 808 4613 tlon
820 4578 871 4626 eet,
890 4568 985 4612 statue
1002 4560 1176 4627 rationales,
1196 4578 1264 4633 quos
1283 4560 1449 4635 principales
1469 4575 1546 4615 vocet
1568 4565 1668 4615 Victo-

364 4638 450 4690 rinus.
468 4636 551 4690 Cere.

439 4718 484 4771 27.
503 4726 598 4762 onnes
620 4708 671 4760 eui
695 4708 827 4780 qnettteie
853 4714 1018 4781 eesnmpttve
1040 4713 1151 4779 partes]
1182 4706 1214 4761 ld
1244 4725 1301 4773 eu,
1334 4726 1429 4762 omnes
1454 4708 1514 4763 tllee
1541 4726 1670 4781 queuuor

364 4791 485 4859 spectes,
505 4800 574 4855 qnee
587 4798 650 4837 eant
664 4783 714 4837 snb
725 4784 862 4854 qualitate
874 4790 1066 4854 assumptiva.-
1087 4787 1133 4838 blc
1153 4799 1242 4837 eutem
1259 4800 1398 4857 perperam
1414 4784 1554 4857 legebatur
1573 4792 1669 4851 (etiam

365 4866 394 4914 tn
418 4861 487 4915 eet.
518 4860 609 4925 lies.):
637 4858 687 4910 neb
714 4860 850 4929 qualitate
883 4864 1072 4929 assumptivae
1102 4864 1213 4929 partis,-
1245 4860 1316 4931 quod
1351 4864 1445 4930 ntique
1471 4860 1670 4915 emendandum

365 4951 433 4991 eret.
471 4936 558 4989 Gerr.

440 5014 487 5069 55.
508 5011 578 5062 seue
596 5016 690 5060 autem
708 5006 791 5067 leeee,⁸
810 5005 907 5057 laudes
924 5012 1071 5075 scriptoris
1089 5010 1155 5074 eeu]
1177 5008 1321 5079 Perpetem
1343 5008 1446 5061 editum
1466 5006 1568 5063 heret:
1600 5012 1672 5063 Sunt

364 5093 457 5136 eutem
475 5083 529 5135 leae
546 5082 643 5136 laudm
659 5088 816 5153 scriptoris.
835 5080 889 5153 (sie
902 5088 986 5134 etism
999 5081 1057 5135 cod
1074 5084 1154 5146 Bes,
1170 5083 1215 5135 sed
1231 5086 1295 5137 eie.
1310 5100 1393 5138 reete.
1409 5086 1476 5151 Os.)
1503 5084 1573 5137 Nem
1593 5104 1672 5158 pron.

366 5160 611 5214 demonstretirum
625 5156 741 5211 relermr
752 5156 786 5209 ed
800 5154 964 5231 praecedens
978 5176 1004 5211 s.
1014 5166 1166 5229 praecepta
1174 5178 1184 5217 ,-
1199 5159 1375 5231 igiturlegere
1384 5158 1574 5233 eportetinee.
1586 5164 1671 5217 Cere.
