4434 5959
420 1480 643 1591 ANICH
674 1484 926 1593 MANLH
948 1485 1282 1594 SEVERINI
1312 1485 1623 1593 ΒΟΕΤΗΠ

848 1799 1193 1866 commoranti

673 2056 733 2131 IN
766 2056 1092 2133 CICERONIS
1128 2057 1364 2132 TOPICA.

352 2479 508 2560 (Boethii
535 2480 797 2543 commentarios
817 2504 921 2566 praem
942 2482 1139 2545 accuratim
1161 2502 1264 2565 qnam
1288 2481 1324 2545 in
1349 2479 1471 2545 ceteris
1491 2504 1677 2565 expressae

442 2574 675 2656 cognovissem
695 2574 730 2637 in
757 2578 965 2657 Topicorrrm
984 2576 1133 2638 editione
1154 2576 1329 2649 Parisino,
1352 2577 1450 2639 caim
1475 2575 1583 2637 index
1603 2587 1676 2639 eet:

444 2668 494 2729 M.
518 2668 614 2729 'l'uliii
638 2666 804 2731 Ciceronis
827 2672 864 2730 ad
886 2668 928 2733 C.
955 2670 1138 2731 'l'rebatinm
1161 2667 1424 2730 iurisconsnitnm
1453 2668 1591 2749 Topica.
1634 2669 1673 2730 ln

440 2764 548 2823 endem
565 2762 708 2824 Severini
729 2762 832 2824 Boiitii
848 2763 922 2841 (eir)
938 2761 1236 2825 commentariorum
1249 2762 1319 2822 libri
1335 2760 1401 2823 Ill.
1434 2760 1672 2825 Bartholomnei

444 2853 570 2946 Lntpmi
607 2854 846 2916 Enarrationee.
877 2853 940 2919 ca.
973 2853 1237 2939 Hegendorphini
1270 2854 1410 2917 Scholia.
1442 2854 1572 2918 Antonii
1601 2856 1673 2917 Go-

444 2945 533 3009 veeni
562 2949 820 3010 eornrrrentarins.
877 2949 999 3028 Quibus
1028 2948 1087 3011 inm
1113 2959 1241 3029 praeter
1269 2946 1400 3009 aliorum
1422 2948 1590 3011 editionem
1619 2969 1674 3009 rc·

441 3039 536 3102 cessit
570 3041 813 3103 commentarius
842 3040 953 3104 incerti
989 3042 1156 3105 authoris:
1194 3062 1264 3102 cnm
1301 3039 1563 3105 annotatiuncniis
1600 3040 1673 3125 qni·

441 3136 572 3196 brundam
603 3133 671 3195 Viti
701 3134 921 3216 Amerpachii,
958 3133 989 3197 in
1012 3134 1074 3195 fine
1104 3131 1177 3195 iibri
1205 3132 1346 3195 adiectis.
1401 3133 1550 3209 Parisiis,
1590 3135 1674 3214 apud
1756 3122 1765 3135 ⁰

442 3228 598 3289 Thomna
620 3226 812 3291 Richardnm
836 3229 931 3291 1554.
954 3228 1007 3290 1..
1041 3231 1128 3289 hanc
1150 3226 1367 3310 potissimam
1387 3225 1582 3291 Parieinam
1601 3228 1673 3289 edi-

441 3321 570 3382 tionem
591 3332 731 3383 noetrae
742 3316 1021 3409 fondamentum
1043 3340 1118 3383 erre
1143 3318 1246 3381 nolui.
1290 3320 1348 3383 Ad
1367 3339 1469 3403 qaam
1491 3322 1673 3383 emendan-

442 3412 524 3475 dam
545 3413 731 3495 pini-imam
762 3414 915 3477 valebant
935 3414 1094 3477 lectiones
1120 3412 1242 3495 optimi
1268 3414 1396 3477 codicia
1427 3413 1674 3479 Eiariedieneie

443 3507 584 3569 membr.
608 3510 682 3570 Sec.
708 3510 748 3569 Χ.
773 3508 805 3568 i.
829 3509 878 3570 N.
901 3508 976 3570 att.
998 3508 1042 3569 ab
1063 3506 1193 3571 Oreiiio
1222 3528 1297 3569 meo
1318 3507 1501 3589 diiigenter
1520 3505 1672 3571 excurri.
1792 3580 1798 3594 .

444 3602 628 3663 Praeterea
656 3600 796 3663 adtribui
809 3600 983 3663 ‘editiones
1007 3598 1140 3663 Boethii
1161 3620 1304 3682 opernm
1331 3602 1494 3664 Venetam
1525 3620 1561 3661 a.
1588 3600 1672 3663 1197

444 3694 580 3756 -1199.
592 3693 672 3783 joi.
702 3704 736 3756 et
756 3692 968 3756 basileenses
993 3694 1100 3766 duae,
1123 3696 1270 3755 aiteram
1292 3714 1327 3756 a.
1352 3694 1447 3755 1516.
1468 3694 1614 3753 aiteram
1635 3713 1670 3755 a.

445 3790 538 3849 1570.
568 3786 627 3849 tol.
670 3790 825 3869 Quorum
854 3786 1022 3849 libroram
1054 3798 1092 3847 at
1123 3806 1256 3849 omnem
1282 3785 1438 3849 iectionis
1469 3784 1671 3847 varietatem

442 3879 655 3953 exhiberem,
692 3879 876 3960 impetrare
904 3900 927 3941 a
948 3902 1000 3943 me
1025 3900 1092 3942 non
1114 3878 1234 3962 potiri,
1258 3880 1404 3951 veritur,
1429 3898 1471 3940 ne
1491 3881 1572 3961 plne
1592 3877 1672 3939 inde

442 3975 548 4039 taedii
571 3997 674 4059 qaam
700 3974 860 4037 utilitati-e
888 3972 1007 4037 lectori
1026 3970 1229 4059 afferretur.
1284 3973 1350 4035 Sed
1371 3972 1428 4035 nbi
1453 3970 1497 4033 ab
1525 3969 1672 4032 editione

443 4069 604 4133 Parisino
625 4068 786 4143 discessi,
810 4088 879 4152 qna
899 4065 1104 4128 anctoritate
1127 4066 1249 4128 doctrin
1270 4065 1307 4127 id
1317 4062 1493 4155 fecerim,
1521 4066 1672 4145 pleram-

442 4184 507 4245 que
528 4161 688 4225 indicari.
734 4164 888 4245 Denique
913 4158 1033 4220 addidi
1045 4156 1297 4248 fragmentum
1325 4156 1459 4221 Boethii
1482 4158 1522 4219 de
1552 4154 1619 4217 diis
1640 4166 1674 4217 et

441 4256 741 4336 praesensionibus
763 4276 786 4317 a
807 4258 845 4318 0.
878 4255 919 4316 Β.
948 4253 1076 4325 Hario,
1118 4256 1162 4317 t'.
1190 4254 1263 4325 CL,
1291 4270 1362 4312 nna
1389 4272 1466 4311 cnm
1487 4254 1540 4315 lo.
1563 4254 1671 4312 Larer.

445 4349 537 4433 Lydi
571 4349 611 4411 de
639 4351 780 4412 orrentia
823 4348 910 4411 libro
947 4368 995 4408 ex
1029 4366 1098 4408 emo
1126 4345 1240 4407 codice
1267 4344 1378 4426 Regio
1401 4342 1531 4405 editam
1560 4343 1671 4407 Paris.

446 4441 540 4504 182³.
594 4446 671 4525 Quo
679 4439 828 4532 factam
852 4451 926 4515 eet,
956 4450 993 4501 ut
1015 4438 1085 4501 iam
1106 4440 1143 4501 iri
1163 4436 1402 4501 commentarii
1421 4436 1600 4522 aliquanto
1621 4436 1674 4497 in·

444 4534 611 4617 tegriorer
632 4556 735 4619 priam
755 4546 858 4597 antea
878 4544 1083 4617 appareant.
1128 4534 1246 4611 Bam.)
