4434 5959
947 604 1041 670 LIB.
1063 604 1112 670 11.
1610 603 1671 672 17⁵

361 738 529 823 perceptio
551 743 702 822 quaedam
724 739 756 804 iu
777 763 826 805 me
848 743 963 809 estrei
986 743 1072 820 eius,
1096 743 1147 808 cui
1169 763 1284 809 nomen
1304 755 1353 809 est
1372 743 1529 821 studium,
1552 743 1578 810 si
1598 765 1672 827 per·¹

361 844 512 908 severat3
534 838 588 897 sed
611 847 645 898 ut
666 835 801 899 studium
823 836 1018 923 intelligam,
1042 839 1118 900 illud
1139 839 1242 903 debeo
1257 839 1477 916 considerare,
1501 840 1585 922 quod
1602 838 1672 919 ipso

363 927 471 991 studio
500 927 644 1008 petitur:
683 939 717 991 ut
749 929 911 993 literatura
940 942 993 993 aut
1018 930 1214 1012 geometria:
1251 934 1336 1014 quod
1358 930 1384 994 si
1405 943 1589 1016 perceptum
1611 931 1671 993 sit:

361 1021 489 1084 liabitus
520 1023 624 1085 studio
651 1034 821 1104 perceptus
852 1035 912 1086 est.
956 1025 1047 1106 Ergo
1082 1035 1191 1086 ustrira
1215 1023 1358 1086 aecideus
1381 1023 1513 1108 qualitas
1535 1031 1602 1095 est,
1639 1033 1673 1086 ut

363 1112 485 1176 animae
512 1114 564 1175 vel
597 1114 729 1194 corpori
759 1113 811 1177 vel
842 1117 1056 1178 extrinsecus:
1090 1127 1123 1178 et
1153 1115 1294 1180 accidens
1327 1117 1366 1177 ab
1397 1127 1469 1180 ortu
1498 1137 1534 1178 ac
1557 1114 1669 1177 natali:
1699 1115 1713 1164 ⁵

362 1207 475 1270 accidit
488 1219 591 1269 autem
607 1205 682 1267 utari
695 1218 747 1269 aut
761 1207 913 1282 irminae3
929 1230 998 1272 nam
1014 1229 1130 1270 marem
1145 1217 1275 1271 essesut
1286 1207 1431 1270 feminam
1443 1229 1505 1272 uou
1516 1206 1577 1268 iaur
1590 1206 1671 1268 inter

363 1303 529 1364 commoda
560 1309 775 1380 computatur.
818 1302 958 1366 Affectio
983 1311 1031 1364 est
1060 1300 1203 1363 accidens
1232 1299 1365 1384 qualitas
1389 1299 1441 1363 vel
1468 1310 1597 1380 repente
1621 1298 1671 1362 vel

362 1405 480 1474 sponte
501 1394 553 1455 vel
581 1394 686 1455 studio
715 1415 790 1457 mox
818 1395 977 1468 desitura;
1001 1416 1069 1456 narn
1099 1394 1126 1456 si
1149 1404 1323 1475 permanet,
1360 1393 1394 1456 fit
1421 1392 1566 1455 habitus:
1590 1391 1671 1454 dicta

363 1486 513 1560 allectio,
548 1487 633 1567 quod
660 1485 772 1548 alliciat
794 1487 956 1570 qualitate.
1010 1488 1053 1550 Et
1075 1487 1135 1550 erit
1156 1487 1282 1552 allectio
1303 1486 1454 1566 incipieus
1476 1485 1599 1547 habitus
1621 1485 1671 1546 vel

363 1578 481 1640 virtus.
540 1579 615 1642 Nou
638 1578 719 1640 enim
743 1579 846 1642 omnia
869 1580 908 1641 ad
938 1579 1055 1642 exitum
1084 1581 1226 1642 tendunt.
1284 1579 1486 1650 Habitusest
1508 1577 1713 1659 perceptiotl

363 1670 568 1754 qualitatum:
591 1692 661 1732 nam
680 1672 924 1753 baeepercepta
947 1672 1128 1753 philosophi
1144 1672 1301 1734 dixerunt.
1345 1672 1414 1734 Hae
1435 1670 1601 1756 qualitates
1621 1672 1672 1735 vel

363 1765 532 1828 commoda
560 1774 632 1826 srrut
653 1763 704 1826 uel
726 1763 943 1828 incommoda:
979 1787 1060 1847 quae
1081 1763 1228 1847 quoniam
1252 1764 1351 1826 tribus
1385 1763 1483 1826 modis
1509 1764 1671 1847 qualitates

363 1855 532 1930 eveniunt,
568 1856 664 1918 multa
695 1855 743 1918 his
773 1859 937 1920 commoda
967 1858 1019 1921 vel
1049 1857 1251 1921 incommoda
1279 1855 1486 1920 communiter
1511 1856 1670 1920 eveniunt.

363 1951 488 2012 Verum
509 1970 569 2030 per
589 1949 786 2012 existentiam
806 1970 861 2025 ea,
890 1970 971 2035 quae
993 1949 1156 2024 evenient,
1179 1961 1394 2013 secernentur.
1438 1948 1519 2010 Nam
1541 1949 1599 2011 alia
1622 1949 1671 2012 vis

363 2041 396 2104 in
418 2063 459 2106 eo
481 2044 669 2118 cornmodo,
690 2045 778 2127 quod
796 2062 853 2124 per
872 2056 1013 2105 naturam
1037 2055 1105 2116 est;
1126 2041 1185 2104 alia
1207 2043 1239 2106 in
1261 2063 1321 2117 eo,
1344 2043 1431 2126 quod
1451 2062 1509 2122 per
1530 2041 1714 2104 affectio-ts

363 2155 456 2208 uem;
496 2133 557 2197 alia
577 2134 608 2196 iu
631 2154 691 2209 eo,
724 2137 810 2217 quod
831 2155 890 2216 per
911 2135 1062 2198 habitum.
1106 2135 1241 2198 Habitus
1262 2155 1325 2200 uon
1347 2145 1452 2217 potest
1474 2155 1561 2211 esse,
1587 2137 1673 2219 quod

365 2248 431 2292 uon
453 2227 537 2290 aliud
558 2239 607 2290 est
627 2239 723 2311 atque
743 2227 837 2303 illud,
861 2229 949 2312 quod
968 2229 1121 2291 habetur:
1145 2249 1214 2290 uam
1238 2227 1313 2310 quia
1334 2226 1417 2310 iguis
1438 2227 1536 2302 calet,
1561 2237 1673 2308 piuant

363 2321 463 2406 aliqui
485 2321 625 2383 habitum
652 2341 740 2395 esse,
778 2320 851 2405 quia
872 2333 1058 2402 perpetuum
1080 2320 1140 2384 sit:
1177 2341 1272 2404 quum
1294 2320 1357 2383 hoe
1381 2319 1484 2401 ipsum
1508 2319 1589 2402 ignis
1612 2320 1671 2396 sit,

364 2425 400 2476 ut
422 2414 546 2476 caleat:
568 2411 673 2498 itaque
694 2410 800 2493 potius
823 2423 934 2476 natura
955 2424 1015 2476 est.
1059 2413 1210 2476 Habitum
1230 2411 1317 2476 multi
1339 2433 1402 2477 uou
1425 2410 1485 2478 uisi
1504 2413 1563 2476 deo
1580 2401 1672 2488 darit3

365 2519 397 2569 et
418 2526 529 2570 verum
551 2519 613 2569 est.
661 2505 720 2568 llle
742 2505 822 2569 enim
842 2505 938 2568 habet
959 2505 1062 2568 ouruia
1086 2518 1252 2588 percepta.
1303 2506 1349 2570 At
1374 2526 1452 2569 vero
1473 2505 1571 2568 homo
1592 2513 1715 2568 uun-tt

365 2620 459 2683 quam
481 2598 524 2660 ita
546 2598 621 2681 quid
644 2611 827 2680 perceptum
858 2599 974 2675 habet,
1010 2608 1044 2660 ut
1069 2618 1133 2660 nou
1155 2596 1186 2660 in
1209 2597 1357 2680 profectu
1387 2597 1524 2681 quotidie
1546 2594 1604 2660 sits
1642 2607 1674 2661 et

364 2693 449 2754 hune
470 2692 649 2772 proiectum
664 2691 810 2753 dixerunt
831 2685 954 2778 ὁρμήν,
977 2689 1093 2763 idest,
1118 2690 1375 2772 progressionem
1397 2693 1561 2774 quandam,
1580 2713 1673 2774 quatu

364 2777 470 2868 ὁρμὴν
490 2781 630 2844 habitum
659 2782 818 2845 dixerunt.
871 2785 964 2866 Ergo
989 2801 1052 2864 pro
1076 2781 1307 2846 existimatione
1338 2782 1464 2845 maioris
1492 2785 1674 2865 perceptio·
1748 2791 1752 2796 '

364 2875 414 2937 nis
439 2873 472 2936 in
498 2875 624 2937 homine
656 2874 796 2937 habitum
828 2873 1049 2959 intelligimusa
1085 2886 1120 2936 ut
1148 2875 1175 2937 si
1203 2874 1368 2938 allectione
1396 2877 1527 2959 quadam
1556 2875 1674 2959 aliquid

364 2965 436 3048 quis
458 2978 551 3050 agat,
585 2979 619 3028 ut
640 2979 751 3030 orator
770 2965 802 3028 iu
822 2966 898 3030 loro
919 2988 984 3030 non
1005 2966 1185 3048 perlectus,
1216 2979 1318 3030 tamen
1341 2967 1368 3030 si
1388 2967 1419 3030 iu
1441 2989 1479 3032 eo
1502 2979 1548 3030 est
1570 2968 1673 3050 aliqua
1683 2979 1715 3028 25

364 3058 572 3142 progressio,
611 3059 735 3120 habitus
757 3058 898 3134 dicetur3
934 3071 965 3122 et
992 3070 1078 3122 certe
1105 3079 1167 3141 pro
1190 3061 1356 3124 commodo
1378 3081 1436 3124 suo
1461 3061 1509 3122 vel
1533 3060 1672 3124 habitum

365 3151 419 3213 vel
441 3151 639 3215 allectionem
661 3149 774 3226 l'aciet3
811 3174 925 3216 nomeu
953 3175 994 3216 es
1026 3153 1127 3216 altero
1150 3153 1225 3216 erit.
1269 3154 1306 3216 Iu
1328 3155 1422 3216 rebus
1444 3152 1524 3216 euius
1547 3153 1673 3216 nomina

364 3254 439 3308 sunt
460 3256 566 3319 certa,
600 3266 680 3329 quae
702 3245 835 3310 alterum
856 3245 1050 3330 signifieeut3
1072 3258 1106 3308 ut
1129 3245 1332 3321 iracundus,
1362 3245 1486 3308 habitus
1508 3260 1572 3322 est;
1602 3249 1674 3311 ira·

363 3350 439 3413 tus,
463 3337 658 3402 affectionisa
683 3351 714 3401 et
735 3341 813 3401 haec
835 3333 932 3428 ὁρμή,
957 3361 1052 3422 quum
1073 3339 1177 3402 studio
1199 3351 1230 3402 et
1252 3339 1412 3423 diligentia
1435 3340 1559 3415 evenit,
1583 3340 1674 3404 habi-

364 3441 416 3494 tus
438 3441 505 3504 est;
538 3453 633 3514 quum
657 3432 858 3506 naturaliter,
889 3442 1010 3498 natura.
1052 3431 1193 3494 Studium
1215 3443 1262 3494 est
1282 3445 1383 3496 autern
1407 3435 1457 3496 vel
1481 3432 1716 3515 'adipiscenditt

364 3523 483 3606 aliquid
504 3525 554 3588 rel
579 3523 732 3586 retinendi
752 3528 914 3598 voluutas;
935 3524 989 3599 id,
1013 3545 1076 3606 quo
1104 3525 1153 3588 vel
1177 3525 1306 3606 adipisci
1326 3527 1444 3611 aliquid
1466 3525 1515 3588 vel
1536 3527 1674 3591 retinere

365 3619 511 3693 optamus
533 3615 586 3678 sel
616 3617 727 3697 adepta
751 3615 932 3680 retinemus.
984 3615 1098 3679 Victus
1129 3628 1176 3680 est
1198 3618 1250 3680 vel
1275 3621 1361 3702 quod
1390 3620 1458 3702 ipse
1480 3622 1575 3684 Ιιοιιιο
1608 3621 1675 3703 agit

365 3706 416 3767 sel
438 3708 526 3790 quod
548 3706 634 3770 eirca
654 3709 755 3789 ipsum
778 3707 904 3792 agitur:
938 3707 1105 3794 onauiaque
1126 3711 1239 3787 habet,
1271 3733 1352 3796 quae
1375 3726 1502 3786 natura,
1527 3711 1671 3790 habitus,

461 3866 490 3915 1.
509 3887 548 3900 -
562 3865 724 3932 praeceptio
745 3858 814 3913 eod.
832 3861 896 3914 Bas.
916 3861 984 3914 Mos
1003 3859 1071 3914 cod.
1091 3863 1154 3916 Bas.
1173 3863 1269 3916 itidem
1285 3871 1463 3934 praeceptum
1481 3895 1500 3907 -
1519 3893 1538 3906 -
1552 3881 1674 3935 praece-

383 3940 438 3987 tus.
457 3935 511 3990 Os.
945 3933 951 3940 ’

361 3951 382 4005 p
456 4012 484 4066 9.
503 4007 576 4078 quod
592 4005 726 4080 afficiat]
747 4011 834 4063 Antea
846 4006 1003 4080 legebatur:
1021 4006 1144 4081 inficiat.
1158 4011 1240 4064 Care.
1261 4008 1386 4085 (inficiat
1401 4015 1483 4064 etiam
1497 4008 1565 4066 cod.
1576 4010 1673 4066 lius.et

364 4083 430 4136 Aac.
448 4109 487 4124 ·-
506 4081 576 4137 eod.
597 4085 660 4136 Bas.
677 4091 833 4154 permearet.
851 4082 936 4137 Eud:
957 4111 992 4125 -
1007 4093 1181 4154 permaneat.
1202 4085 1254 4138 On.

440 4161 488 4214 ld.
508 4159 558 4210 vel
578 4160 683 4226 vietam]
717 4157 792 4226 Quid
817 4158 872 4211 lroe
900 4161 930 4210 ln
953 4156 1017 4211 loeo
1046 4161 1181 4231 significet
1200 4165 1306 4228 vietus,
1337 4159 1418 4234 paulo
1438 4175 1500 4232 post
1520 4157 1674 4234 explicabi-

364 4244 419 4284 tur.
440 4233 527 4287 Care.

439 4312 484 4364 tt.
503 4333 538 4349 -
548 4311 709 4378 praeceptio
727 4337 747 4350 -
765 4336 784 4350 -
798 4313 951 4378 praerepta
969 4322 1062 4360 rursus
1083 4307 1150 4362 cod.
1170 4309 1232 4362 Bas.
1253 4311 1344 4378 sicque
1365 4312 1449 4362 ettam
1470 4305 1549 4362 tolca.

439 4383 485 4438 16.
504 4407 541 4422 -
559 4383 632 4432 nitas
651 4397 693 4434 rer
712 4378 780 4435 Cod.
799 4383 861 4434 Bes.
881 4381 969 4434 Tum:
986 4403 1025 4436 =
1042 4400 1125 4453 quum
1143 4387 1231 4452 ipsum
1250 4388 1327 4451 iguis
1345 4381 1395 4433 troc
1414 4387 1462 4434 stt.
1483 4383 1537 4436 Os.

438 4459 484 4513 25.
502 4453 574 4508 hune
588 4454 748 4526 profectum
776 4454 911 4508 dixerunt
929 4474 1103 4528 ποοκοιιην,
1138 4457 1166 4510 td
1195 4475 1252 4524 ess,
1276 4461 1500 4527 progressionem
1519 4455 1675 4528 praendere:

362 4529 414 4580 ulii
431 4528 569 4599 habitum]
589 4531 735 4602 Perpersm
754 4529 896 4620 leqelsatur
914 4509 1010 4582 enies:
1029 4529 1101 4582 Ιιιιιιι
1116 4531 1278 4603 profectum
1296 4532 1429 4584 dimerserat
1442 4533 1560 4609 ορμῄν,
1579 4531 1678 4600 idest,

359 4609 600 4674 progressionem,
620 4623 701 4676 quam
720 4605 820 4682 ὁρμην
839 4603 961 4656 murem
980 4603 1124 4660 dixerunt.
1174 4607 1256 4677 Quod
1276 4603 1480 4660 emendavimus
1501 4625 1533 4660 es
1554 4605 1675 4661 editions

362 4679 523 4733 dastleenst.
550 4682 634 4733 Caes.
680 4680 731 4732 llas
762 4693 855 4732 samen
879 4675 1248 4754 manifesta,tnrerpotatto.
1295 4685 1386 4750 Nam,
1420 4697 1449 4735 ur
1477 4682 1675 4748 concedamus,

361 4757 521 4827 προκοπὴν
540 4759 639 4807 rectius
660 4753 689 4807 h.
708 4753 727 4807 l.
748 4770 808 4807 esse
827 4753 988 4806 vocabulum
1008 4771 1090 4826 quam
1109 4757 1218 4833 ὁρμήν,
1233 4775 1341 4830 semper
1360 4773 1452 4811 tamen
1472 4756 1581 4810 debebis
1600 4774 1678 4810 esse:

360 4843 444 4894 quarn
468 4823 627 4904 προκοπὴν
654 4827 778 4881 habitum
810 4827 958 4880 dixerunt:
988 4845 1072 4900 quum
1099 4831 1142 4883 lais
1170 4850 1212 4885 us.
1240 4833 1407 4898 declaretur,
1433 4848 1550 4905 quanam
1571 4837 1676 4886 rarione

361 4909 448 4954 estem
466 4901 593 4966 homini,
614 4919 672 4956 nou
691 4902 743 4956 dee
763 4901 834 4970 soll,
855 4901 965 4956 habttus
986 4902 1071 4956 tribul
1097 4909 1195 4976 possit.
1233 4911 1288 4961 Cur
1307 4923 1399 4960 aurem
1420 4924 1476 4960 non
1495 4911 1677 4960 immutarunt

362 4979 447 5027 estam
472 4993 541 5030 vers.
570 4980 615 5034 29.
646 4976 748 5056 ὀρμὴῗ
769 4976 842 5050 quod
861 4981 951 5050 tpsum
978 4976 1095 5050 probas,
1126 4977 1198 5034 ldem
1218 4987 1303 5037 etiam
1322 4983 1350 5037 la.
1369 4981 1388 5036 l.
1408 4981 1583 5037 retinendum
1601 4998 1678 5044 esses

360 5065 527 5120 quanquam
547 5052 625 5104 Asu:
645 5060 675 5104 et
692 5051 847 5104 himmerit
861 5050 965 5123 pulsos
982 5070 1064 5124 queem
1081 5061 1121 5110 st.
1141 5054 1198 5111 02.

434 5129 482 5186 sa.
500 5125 542 5197 aa]
560 5125 649 5181 -ιι
665 5135 709 5182 m
726 5124 797 5183 cm.
815 5126 879 5184 uu.
898 5132 964 5184 ιω.
