4434 5959
528 618 588 682 tte
1035 614 1324 682 VICTORINUS

525 764 624 836 etan)
655 757 766 820 deinde
796 766 904 839 partes
930 753 1103 830 orationis:
1141 756 1324 831 exordium,
1359 756 1592 831 narrationem,
1616 760 1837 841 partitionem,

525 852 821 923 confirmationem,
859 848 1155 931 reprehensionem,
1191 848 1443 923 conclusionem:
1480 871 1545 932 quo
1576 864 1673 933 pacto
1706 855 1839 916 tractari

525 946 711 1013 cottrcuiret
744 943 1049 1026 argumentationes,
1087 942 1306 1025 syllogismum
1328 954 1359 1007 et
1378 943 1606 1008 inductionem:
1639 946 1690 1007 bic
1714 957 1837 1009 tautum

524 1042 593 1123 ipsa
616 1042 762 1112 inventa,
786 1038 900 1112 idest,
926 1046 1110 1119 argumenta
1133 1034 1218 1117 ipsa,
1252 1059 1314 1099 nou
1340 1036 1566 1117 expolitionem
1589 1049 1641 1101 aut
1666 1040 1838 1103 sentcntiae

499 1134 707 1198 ⁵dictionem.
752 1130 1005 1197 Constitutione:
1031 1150 1140 1193 omnes
1161 1130 1315 1193 iudicioli
1335 1129 1368 1193 in
1393 1151 1510 1215 genere
1531 1152 1695 1195 causarum
1719 1142 1837 1195 tracta·

524 1232 655 1292 buntur.

609 1322 710 1385 Nune
721 1338 745 1381 a
757 1314 962 1381 coniecturali
972 1314 1214 1379 constitutione
1221 1314 1502 1398 proficiscemur,
1526 1317 1624 1382 cutm
1639 1320 1840 1399 exemplum

524 1414 570 1478 sit
588 1416 651 1477 ltoc
671 1408 881 1494 expositum]
925 1410 1088 1473 Secundus
1108 1407 1189 1472 liber
1211 1408 1480 1472 confit-mationem
1507 1420 1538 1471 et
1559 1411 1837 1492 reprehensionem

524 1507 600 1590 ipsis
623 1504 899 1569 constitutionibus
922 1502 1109 1584 applicavit,
1139 1524 1234 1584 quum
1256 1502 1375 1584 primus
1405 1501 1486 1565 liber
1507 1504 1696 1587 generaliter
1713 1524 1837 1566 omnem

481 1603 513 1651 ¹⁰
524 1599 683 1663 materiam
693 1596 839 1662 omnibus
848 1594 979 1657 dederit.
993 1595 1043 1657 Ac
1049 1592 1154 1675 primo
1163 1596 1201 1657 de
1209 1595 1404 1665 coniectura
1410 1596 1564 1677 proponit
1573 1595 1762 1678 exemplum,
1772 1614 1838 1658 non

519 1694 624 1775 ipsutn
644 1692 824 1772 exemplum
840 1698 1046 1751 tractaturus:
1063 1686 1210 1769 quoniam
1223 1687 1253 1749 iu
1269 1684 1417 1770 ex‘etnplo
1433 1710 1495 1751 nou
1516 1688 1619 1752 omnia
1638 1688 1743 1752 inesse
1761 1709 1839 1770 pos·

521 1797 610 1860 seint,
625 1806 705 1869 quae
716 1786 830 1845 cadunt
841 1782 1125 1852 incouiectumtm.
1149 1782 1262 1845 Omnia
1280 1782 1358 1845 enim
1370 1784 1525 1864 exempla,
1540 1781 1658 1865 quaein
1666 1782 1837 1845 coniectu·

521 1900 599 1943 ron:
612 1880 737 1941 veniunt
751 1877 804 1939 vel
815 1875 919 1939 venire
930 1884 1080 1955 possunt,
1104 1874 1324 1956 praecipienda
1333 1875 1469 1937 lucrant.
1493 1876 1531 1938 In
1546 1876 1738 1959 argumentis
1751 1896 1835 1957 ergo

522 1974 562 2036 de
584 1972 779 2035 coniectura
806 1968 867 2032 erit
898 1967 1101 2049 praeceptio:
1146 1966 1220 2049 qiua
1252 1967 1431 2049 exetuplum
1467 1966 1499 2031 in
1529 1969 1632 2031 thema
1669 1968 1837 2051 quodlibet

480 2065 767 2136 ticouiecttunle,
806 2063 894 2146 quod
919 2059 1128 2123 necessarium
1149 2058 1265 2134 fuerit,
1295 2061 1388 2125 iacile
1411 2061 1529 2143 poterit
1553 2061 1715 2124 devocari.
1759 2062 1837 2125 Hoc

523 2171 625 2222 autetn
646 2156 714 2218 fieri
736 2176 753 2217 a
776 2153 885 2218 Tullio
907 2154 1119 2238 intelligamus
1138 2154 1232 2215 etiam
1253 2152 1285 2216 in
1309 2154 1453 2218 omnibus
1476 2153 1777 2229 constitutionibus,
1803 2166 1837 2217 ut

523 2250 701 2331 exetnplum
723 2249 890 2313 cuiuslibet
911 2247 1145 2311 constitutionis
1160 2249 1231 2323 det,
1254 2268 1317 2311 non
1341 2260 1442 2310 tauten
1464 2248 1565 2331 ipsum
1594 2258 1708 2310 tractet
1727 2266 1836 2309 exent-

520 2345 621 2428 plum.
673 2342 851 2425 Proposito
881 2341 989 2426 itaque
1022 2341 1169 2421 exemplo
1207 2341 1427 2405 coniecturali
1459 2344 1627 2405 secundum
1663 2353 1836 2423 praecepta

520 2436 616 2520 primi
636 2435 729 2509 libri,
752 2438 844 2497 docet
860 2456 941 2518 quae
963 2434 1003 2498 sit
1027 2433 1187 2510 intentio,
1211 2454 1291 2518 quae
1312 2435 1486 2515 depulsio:
1510 2432 1685 2518 exquibus
1708 2434 1835 2496 duobus

477 2542 600 2614 eoquae
621 2529 662 2592 sit
683 2528 889 2591 constitutio:
925 2526 1036 2591 deiude
1056 2526 1220 2602 admonet,
1254 2530 1339 2612 quod
1360 2528 1391 2590 in
1413 2530 1609 2592 coniectura
1630 2548 1693 2589 non
1716 2548 1834 2589 conce·

520 2626 634 2686 detur:
669 2623 861 2705 eademque,
885 2642 967 2705 quae
989 2621 1132 2705 quaestio
1159 2632 1226 2696 est,
1249 2618 1317 2702 ipsa
1341 2631 1389 2682 est
1409 2620 1578 2696 iudicatio,
1603 2619 1832 2686 occideritne.

519 2716 558 2779 Iu
580 2716 775 2779 ιοηίιιιιινιι
796 2714 875 2777 enim
896 2714 1013 2777 factum
1032 2736 1095 2776 uon
1118 2714 1318 2788 conceditur:
1342 2715 1421 2777 unde
1444 2734 1508 2777 uon
1531 2725 1646 2796 potest¹
1662 2734 1703 2775 ex
1733 2715 1833 2777 dedu·

519 2808 624 2873 ctione
645 2806 779 2872 rationis
800 2820 832 2871 et
853 2808 1044 2871 refutatione
1065 2806 1153 2870 nasci
1175 2817 1248 2888 post
1271 2808 1485 2892 quaestionem
1511 2806 1641 2889 primam
1659 2807 1717 2870 alia
1734 2828 1834 2892 quae.

518 2902 600 2980 etio,
636 2924 717 2987 quae
748 2901 862 2965 dicitur
891 2900 1054 2965 iudicatio.
1113 2900 1281 2983 Subiungit
1308 2910 1383 2981 post
1415 2900 1658 2965 admonitionem
1693 2902 1767 2961 darc
1796 2920 1833 2961 se

476 3010 508 3057 ιι
521 3007 690 3078 praecepta
712 2995 785 3058 huie
805 2994 1025 3060 constitutioni
1045 3005 1078 3056 et
1092 3006 1350 3078 argumentorum
1376 2994 1465 3057 locos
1487 3015 1595 3058 omnes
1617 2994 1833 3057 coniecturae

518 3085 763 3182 conveqientes:
787 3110 828 3152 ex
851 3088 964 3171 quibus
987 3087 1019 3151 in
1041 3088 1212 3171 quamlibet
1234 3086 1480 3161 coniecturum,
1504 3088 1559 3172 qui
1579 3084 1745 3150 necessarii
1761 3084 1833 3157 [ιιι-Ι

518 3181 602 3255 rint,
640 3184 891 3244 devocabuntur.
947 3183 1027 3245 Sunt
1056 3180 1156 3265 igitur
1185 3180 1400 3245 coniecturae
1427 3179 1490 3243 loci
1511 3180 1545 3241 bi
1567 3180 1775 3261 principales:
1810 3198 1830 3239 a

518 3293 629 3349 carisa,
654 3293 671 3336 a
694 3296 847 3355 pet-sona,
872 3296 889 3337 a
911 3274 1011 3340 lacto.
1068 3274 1101 3338 A
1125 3284 1308 3349 causaest,
1333 3276 1539 3357 quamobrem
1563 3272 1617 3333 liat
1638 3274 1774 3357 aliquid,
1797 3280 1832 3333 et

518 3385 600 3448 quae
633 3364 716 3447 parit
742 3366 949 3431 voluntatem.
1006 3368 1057 3431 De
1082 3388 1177 3429 causa
1205 3366 1285 3430 euim
1309 3366 1452 3451 loquitur
1479 3364 1630 3440 bominis,
1666 3386 1728 3428 non
1758 3364 1829 3427 rei:

476 3472 581 3545 etqua
614 3478 705 3521 causa
743 3460 888 3523 volumus
921 3464 1077 3541 probare,
1117 3482 1181 3543 quo
1210 3460 1311 3525 voluit
1343 3460 1448 3523 lacere
1475 3458 1520 3535 is,
1559 3456 1609 3521 cui
1641 3458 1832 3521 intenditur·

517 3551 648 3613 iactum.
691 3553 836 3617 Persona
862 3565 963 3616 autem
988 3552 1089 3617 omnis
1116 3554 1167 3616 illa
1192 3566 1256 3628 est,
1281 3575 1361 3637 quae
1382 3554 1498 3616 iecisse
1519 3553 1649 3616 dieitur:
1678 3553 1741 3615 boc
1761 3564 1829 3627 est,

517 3644 587 3707 sola
608 3665 648 3706 ex
672 3644 756 3707 omui
783 3644 849 3708 vita
875 3667 935 3727 per
966 3647 1114 3709 attributa
1142 3646 1289 3729 personis
1322 3659 1444 3728 sumpta
1479 3646 1669 3729 approbatio
1702 3648 1741 3708 ad
1777 3644 1827 3721 id,

518 3739 605 3820 quod
622 3737 807 3813 intenditur,
837 3738 966 3803 iactum.
1012 3740 1058 3803 At
1080 3760 1160 3804 vero
1183 3761 1200 3801 a
1222 3740 1308 3803 lacto
1334 3742 1540 3823 probationes
1563 3741 1723 3802 habebunt
1744 3738 1830 3801 iacta

516 3829 568 3894 illa
587 3830 711 3908 omnia,
735 3854 817 3917 quae
838 3835 978 3916 probant
992 3832 1108 3896 iactum
1124 3833 1222 3909 illud,
1246 3837 1326 3897 unde
1349 3831 1494 3897 iudiciuin
1511 3844 1572 3897 est.
1616 3834 1695 3895 Natu
1710 3832 1831 3894 iactum

609 4056 636 4105 1.
654 4046 752 4099 deiude
767 4057 866 4119 parter
883 4054 1035 4118 orationis]
1075 4053 1221 4125 Perpetem
1241 4048 1346 4106 iuerat:
1371 4050 1470 4104 deinde
1485 4070 1554 4123 para
1573 4057 1720 4106 orationis.
1744 4053 1828 4105 carr.

519 4122 647 4188 (Rectam
666 4121 731 4176 leet.
751 4123 832 4177 babet
854 4122 923 4178 Cod.
945 4126 1006 4178 Βιι.
1026 4125 1091 4193 Οι.)

609 4199 637 4255 lt.
661 4216 713 4268 quo
736 4207 821 4269 paeto
851 4204 974 4251 tractari
1005 4204 1169 4252 conveniret
1201 4206 1487 4269 argumentationes.
1510 4240 1517 4253 .
1538 4238 1546 4253 .
1572 4198 1615 4251 irie
1640 4209 1748 4252 taurum
1767 4204 1831 4271 ipsa

514 4276 658 4327 invento.
681 4312 689 4328 .
709 4311 717 4326 .
736 4291 792 4325 nort
819 4274 1026 4345 expolitionem]
1061 4273 1281 4349 Subintelligitur
1311 4275 1422 4330 verbum
1447 4284 1573 4343 tractat,
1593 4274 1674 4348 idque
1693 4294 1727 4329 ιι
1745 4291 1830 4349 prae-

516 4345 687 4402 cedentibus.
706 4348 789 4401 Care.

591 4427 637 4479 12.
655 4439 674 4472 o
692 4423 874 4475 concremati
885 4428 1083 4477 coustittuione
1102 4462 1110 4478 .
1132 4463 1140 4479 .
1162 4465 1169 4482 .
1193 4466 1200 4482 .
1221 4424 1254 4477 de
1267 4431 1425 4478 coniectura
1444 4462 1566 4479 .....
1586 4430 1616 4477 iu
1628 4426 1828 4491 coniecturam]

515 4497 627 4549 Statum
636 4502 814 4623 quaestioni:
832 4498 963 4573 intelligit
981 4502 1212 4567 coniecturalem,
1240 4501 1287 4553 ubi
1307 4501 1340 4553 de
1362 4506 1492 4573 quopiam
1511 4498 1584 4554 iacto
1604 4503 1728 4573 quaestio
1748 4503 1830 4551 insti-

516 4575 614 4625 tuitur.
662 4589 720 4628 arr.

591 4645 634 4701 td.
655 4647 822 4719 exemplum]
851 4644 922 4702 cod.
953 4649 1015 4702 Bae.
1035 4677 1072 4691 -
1096 4652 1197 4705 exinde
1221 4646 1290 4703 Edd.
1312 4648 1384 4716 (tell.
1404 4648 1564 4703 scribebant
1583 4668 1656 4705 exm.
1684 4666 1749 4703 eum
1776 4648 1827 4703 lin.

515 4735 547 4774 ιιι
567 4735 608 4773 ιιι
628 4724 657 4772 in
676 4720 745 4774 cod.
764 4722 826 4775 Βιι.
847 4722 900 4775 Οι.

590 4796 635 4851 19,
654 4814 723 4866 quoe
742 4802 781 4847 st't
799 4800 930 4865 intentio]
950 4799 981 4849 ld
999 4813 1057 4861 ιιι,
1078 4802 1229 4852 accusatio.
1249 4798 1332 4852 Care.

588 4868 631 4925 lb.
655 4890 725 4941 petae
743 4871 878 4942 depulsio]
900 4872 930 4925 ld
949 4887 991 4925 ιιι
1013 4875 1066 4929 τοῦ
1087 4876 1124 4925 ιιι
1146 4871 1287 4933 defensio,
1308 4878 1433 4926 criminin
1454 4872 1582 4928 infitiatio
1601 4889 1655 4929 eet.
1674 4872 1759 4927 Ceer.

589 4951 635 4999 21.
653 4945 828 5015 concedetur]
849 4946 919 5000 Cod.
937 4949 999 5000 Bae.
1018 4976 1055 4989 -
1074 4947 1236 4999 conceditur
1255 4946 1323 5001 lidd.
1345 4952 1399 5003 On.

514 5092 555 5149 lb
572 5023 635 5145 uzo.
655 5020 822 5090 intenditur]
864 5019 896 5075 td
921 5037 985 5088 ιιι,
1012 5020 1200 5089 adscribitur,
1244 5024 1404 5077 attribuitur
1447 5024 1600 5097 perscripto
1641 5024 1828 5077 accusationi:

526 5098 535 5147 i
556 5113 571 5147 e
592 5112 619 5147 o.
639 5095 721 5148 Cure.

587 5176 634 5233 51.
653 5169 704 5223 leno
722 5172 781 5242 ert]
801 5171 903 5243 Lepore
922 5170 1020 5228 malim
1038 5168 1107 5224 liaeo
1124 5178 1183 5242 est,
1204 5188 1234 5228 ιιι
1254 5168 1387 5228 referatur
1406 5170 1440 5227 ad
1461 5168 1494 5233 ιὸ
1513 5170 1688 5245 approbatio.
1707 5170 1792 5227 Care.
