4434 5959
443 680 447 686 Δ
555 586 619 650 asu
1089 558 1324 652 uouemus

554 749 625 791 nam
647 729 757 790 lucem
777 746 846 790 non
867 747 941 790 εεεε
962 737 993 790 ει
1014 725 1105 790 diem
1125 747 1194 791 uon
1211 747 1284 790 ease
1302 737 1435 812 utraque
1451 727 1582 812 negatio
1597 739 1662 805 esta
1685 729 1765 794 aliae
1790 752 1868 797 vero

555 845 596 886 ex
619 820 805 900 affirmativa
828 821 1038 905 negativaque
1061 819 1247 884 coniunctae
1273 831 1362 896 stunt,
1386 831 1438 883 nt:
1461 821 1501 885 Si
1520 821 1592 884 dies
1613 833 1682 899 εει,
1707 845 1783 889 nox
1803 847 1869 890 non

554 927 624 997 εει,·
646 915 725 978 aliae
747 936 825 981 vero
848 935 896 980 ex*
913 917 1060 998 negativa
1082 927 1175 997 atque
1197 913 1387 980 affirmativa
1408 914 1618 995 copulantur,
1649 928 1705 980 uta
1737 915 1777 982 Si
1799 919 1869 981 dies

554 1030 623 1074 non
637 1019 707 1083 εει,
730 1029 805 1072 nox
825 1021 889 1073 εει.
927 1011 1045 1075 Omnes
1059 1020 1161 1071 tamen
1176 1007 1207 1070 in
1223 1007 1506 1072 connexionesunt
1525 1008 1662 1091 positae.
1706 1011 1776 1073 Aut
1789 1011 1869 1074 enim

530 1121 543 1167 5
556 1103 724 1167 affirmatio
734 1103 976 1168 affirmationem
985 1102 1130 1184 sequitur
1139 1113 1191 1164 aut
1200 1100 1327 1185 negatio
1336 1100 1536 1184 negationem
1549 1102 1641 1186 eique
1655 1123 1803 1168 connexa
1811 1117 1869 1178 est,

555 1211 609 1260 aut
628 1197 868 1262 affirmationem
888 1197 1016 1280 negatio
1039 1208 1093 1259 aut
1115 1194 1316 1280 negationem
1339 1194 1517 1258 affirmatio.
1571 1197 1635 1258 Sed
1659 1217 1701 1260 ex
1719 1199 1871 1262 connexis

554 1304 768 1376 repugnantes
790 1292 987 1355 manifestum
1008 1303 1057 1353 est
1074 1288 1180 1352 nasei:
1211 1309 1345 1372 namque
1366 1287 1420 1350 ubi
1437 1287 1606 1352 affirmatio
1622 1289 1769 1374 sequitur
1786 1293 1873 1356 affir-

555 1389 742 1461 mationem,
766 1386 814 1450 bis
837 1387 865 1449 si
886 1387 986 1450 media
1008 1383 1138 1468 negatio
1161 1380 1348 1463 interposita
1370 1380 1427 1458 sit,
1451 1382 1693 1465 repugnantiam
1714 1384 1794 1448 iacit
1812 1388 1873 1450 boe

555 1487 670 1548 modo:
700 1483 738 1547 Si
764 1481 837 1544 dies
866 1491 934 1556 εει,
957 1482 1021 1542 lux
1048 1487 1112 1540 εει.
1170 1478 1234 1539 Hic
1251 1473 1423 1538 affirmatio
1445 1474 1588 1558 sequitur
1611 1476 1866 1544 affirmationem.

513 1581 602 1643 ttAt
626 1599 722 1662 quum
747 1575 837 1638 dico:
875 1575 914 1639 Si
932 1573 1005 1636 dies
1023 1583 1094 1645 εει,
1131 1570 1196 1632 luae
1227 1590 1296 1637 uon
1324 1579 1393 1644 εει,
1431 1581 1608 1654 repugnant
1630 1570 1711 1634 inter
1733 1593 1768 1636 se
1799 1595 1871 1658 par·

553 1686 602 1737 tes
625 1667 856 1754 propositionis
878 1686 1041 1729 connexae
1061 1661 1250 1744 interposita
1272 1661 1453 1747 negatione.
1496 1663 1578 1727 Item
1602 1663 1750 1746 quotiens
1772 1687 1870 1752 nega·

554 1770 600 1832 tio
630 1764 774 1850 sequitur
802 1760 1031 1846 negationem,
1068 1756 1094 1821 si
1121 1755 1294 1839 posteriori
1323 1755 1554 1838 propositionis
1575 1756 1657 1839 parti
1686 1758 1870 1844 negativum

555 1867 697 1926 dematur
715 1855 917 1929 adverbium,
940 1861 1156 1933 repugnantes
1177 1849 1258 1912 fiunt
1279 1850 1342 1912 boc
1364 1851 1480 1914 modo:
1504 1851 1543 1915 si
1563 1849 1694 1913 animal
1713 1871 1784 1917 nou
1807 1865 1869 1926 εει,

553 1960 655 2020 homo
676 1971 745 2016 non
765 1960 829 2012 εει.
873 1948 964 2009 Haec
984 1964 1127 2010 connexa
1145 1955 1194 2006 est
1214 1962 1257 2004 cx
1277 1943 1398 2005 duabus
1421 1943 1724 2026 [propositionibus]
1743 1948 1870 2032 negati·

514 2050 615 2112 ¹⁵vis.
659 2048 706 2110 At
725 2041 753 2107 si
773 2039 948 2124 posteriori
969 2038 1070 2122 parti,
1104 2039 1206 2100 homo
1226 2055 1294 2099 non
1316 2047 1384 2112 εει,
1407 2037 1588 2122 negativum
1607 2039 1794 2103 detrahatur
1817 2043 1870 2103 ad·

554 2142 722 2213 verbium,
745 2137 819 2198 fiet:
843 2133 1033 2215 Siflauimol
1048 2153 1116 2195 non
1137 2141 1211 2213 εει,
1232 2131 1334 2193 homo
1355 2140 1427 2212 eat‚·
1450 2133 1538 2214 quod
1561 2143 1731 2215 repugnat.
1776 2137 1828 2198 At
1846 2135 1870 2197 si

554 2233 724 2298 affirmatio
746 2227 946 2312 negationem
968 2237 1138 2310 sequatur,
1163 2223 1230 2286 sive
1253 2221 1427 2302 posteriori
1448 2224 1531 2304 parti
1553 2221 1681 2307 negatio
1698 2224 1868 2309 iungatur,

552 2329 620 2392 sive
641 2317 744 2409 priori
764 2323 942 2396 auferatur,
967 2328 1183 2404 repugnantes
1204 2317 1304 2392 fiunt,
1327 2317 1391 2380 boc
1407 2320 1523 2381 modo:
1546 2317 1586 2382 Si
1605 2314 1678 2383 dies
1702 2339 1772 2382 uon
1796 2333 1869 2396 εει,

552 2444 627 2487 uox
651 2430 714 2483 est.
757 2418 822 2481 Hic
842 2415 941 2500 igitur
963 2411 1132 2477 affirmatio
1155 2409 1299 2493 sequitur
1321 2410 1533 2494 negationem.
1585 2409 1661 2473 Sive
1685 2410 1787 2498 igitur
1811 2435 1871 2497 po·

511 2513 682 2579 2θειεείοεὶ
702 2511 804 2594 parti,
828 2531 902 2574 nox
921 2520 989 2585 εει,
1012 2504 1141 2592 negatio
1163 2501 1348 2584 copuletur,
1373 2513 1407 2565 ut
1423 2502 1466 2566 sit
1484 2503 1548 2580 ita,
1570 2503 1610 2569 Si
1628 2501 1703 2568 dies
1718 2527 1788 2570 non
1804 2519 1868 2582 εει,

552 2631 625 2672 nox
652 2625 721 2670 non
747 2615 816 2676 εει,·
837 2602 905 2665 sive
925 2601 1028 2684 priori
1048 2601 1227 2672 miseratur,
1252 2607 1287 2658 ut
1305 2595 1345 2658 sit
1362 2595 1426 2675 ita,
1450 2597 1488 2662 si
1508 2598 1581 2661 dies
1602 2607 1676 2679 est,
1700 2623 1776 2666 nox
1796 2613 1870 2665 ear:

550 2713 781 2787 repugnantem
801 2695 873 2760 fieri
893 2694 1147 2780 propositionem
1164 2709 1293 2753 necesse
1316 2700 1376 2752 est.
1422 2692 1518 2770 Quod
1536 2691 1565 2754 si
1579 2697 1709 2778 negatio
1727 2687 1883 2759 affirma..

550 2797 670 2860 tionem
693 2802 862 2878 sequatur,
887 2800 919 2852 et
939 2787 1114 2871 posteriori
1134 2783 1219 2867 parti
1239 2782 1418 2866 negativum
1438 2786 1622 2851 adverbium
1644 2791 1866 2864 subtrabatur,

549 2885 781 2972 propositionis
803 2903 966 2946 connexae
988 2892 1095 2963 partes
1116 2880 1148 2942 iu
1169 2875 1408 2961 repugnantiam
1431 2881 1564 2956 cadunt,
1588 2884 1651 2946 boc
1676 2887 1793 2949 modo:
1829 2883 1869 2947 Si

506 2985 686 3068 esvigilat,
710 3001 779 3044 nou
790 2978 917 3042 stertit.
959 2979 1025 3040 Hie
1039 2971 1279 3038 affirmationem
1294 2970 1438 3055 sequitur
1451 2969 1594 3058 negatio.
1639 2979 1703 3041 Sed
1714 2977 1741 3040 si
1755 2989 1868 3060 poste·

548 3077 628 3142 riori
650 3074 752 3157 parti,
789 3073 907 3147 idest,
942 3091 1011 3134 uon
1031 3067 1163 3142 stertit,
1198 3063 1324 3149 negatio
1352 3067 1512 3142 dematur,
1549 3067 1623 3135 fiet:
1657 3073 1698 3136 Si
1718 3073 1863 3156 vigilat,

377 3192 381 3201 ·
486 3215 491 3226 ·
552 3169 682 3244 stertit,
714 3178 745 3229 et
766 3166 826 3230 erit
846 3183 1042 3249 repugnans.
1101 3161 1165 3224 Sed
1185 3157 1217 3221 in
1238 3157 1390 3221 connexis
1414 3171 1506 3244 atque
1527 3161 1688 3227 disiunctis
1710 3164 1866 3247 proposi-

548 3263 686 3328 tionibus
699 3261 778 3323 iltud
791 3258 1027 3343 intelligendum
1043 3264 1107 3332 est,
1133 3255 1219 3339 quod
1232 3251 1264 3314 in
1284 3273 1388 3316 cartam
1411 3253 1555 3335 partibus
1578 3269 1610 3320 et
1631 3257 1679 3321 vis
1701 3259 1867 3343 quaestio-

548 3359 595 3420 nis
615 3354 785 3418 includitur
810 3365 842 3416 et
875 3354 1064 3436 argumenti.
1116 3349 1190 3430 Age
1221 3345 1302 3408 enim
1336 3346 1513 3425 dubitetur,
1545 3371 1583 3413 an
1607 3351 1663 3414 lux
1685 3353 1744 3430 sit,
1769 3353 1867 3436 idque

509 3448 788 3533 toapprobandum
809 3445 849 3509 sit
867 3467 931 3522 eo,
969 3445 1056 3530 quod
1078 3442 1144 3506 dies
1167 3451 1227 3504 est.
1272 3438 1307 3502 Si
1328 3440 1426 3525 igitur
1447 3442 1490 3505 ita
1511 3444 1566 3506 fiat
1586 3446 1792 3528 propositio:
1828 3445 1868 3511 Si

548 3543 621 3606 dies
645 3553 714 3615 εει,
738 3541 803 3602 lux
824 3551 892 3622 est;
915 3561 953 3603 ea
974 3538 1097 3621 quidem
1120 3555 1194 3618 pars
1218 3533 1314 3598 totius
1336 3535 1582 3618 propositionis,
1606 3561 1686 3624 quae
1705 3539 1865 3625 seqnitur,

547 3636 666 3710 idest,
704 3636 769 3696 lox
789 3643 859 3707 εει,
898 3629 1093 3714 quaestionis
1115 3638 1176 3693 εει.
1230 3628 1281 3692 Βε
1304 3649 1339 3691 ea
1359 3649 1495 3712 namque
1521 3633 1703 3715 quaeritur,
1740 3656 1781 3698 an
1810 3635 1867 3697 lux

547 3728 600 3792 sit.
644 3729 693 3792 Ea
723 3746 822 3802 vero,
860 3744 940 3809 quae
962 3724 1053 3808 prior
1075 3735 1139 3799 est,
1174 3721 1296 3798 idest,
1324 3721 1398 3787 dies
1419 3735 1489 3799 εει,
1514 3725 1577 3790 vim
1601 3727 1744 3792 continet
1765 3749 1868 3812 argu·

546 3821 656 3886 menti.
700 3821 753 3884 Ex
774 3840 815 3884 eo
837 3819 936 3893 enirn,
961 3821 1046 3902 quod
1067 3817 1133 3881 dies
1152 3828 1216 3893 cst,
1241 3816 1297 3878 lux
1321 3835 1389 3879 esse
1411 3819 1612 3900 probabitur.
1657 3825 1701 3886 Et
1721 3823 1755 3886 in
1778 3835 1867 3886 eete-

509 3916 589 3987 ssris
623 3914 747 4000 quidem
779 3913 831 3976 vel
858 3911 1009 3976 connexis
1042 3910 1094 3975 vel
1116 3910 1277 3974 disiunctis
1300 3912 1406 3972 eadem
1427 3912 1510 3977 ratio
1532 3925 1592 3978 est.
1650 3917 1688 3979 Iu
1713 3917 1866 3981 omuibus

546 4031 624 4074 vero
647 4008 714 4083 bis,
749 4005 897 4092 quoniam
920 4005 1122 4090 syllogismus
1152 4015 1245 4090 atque
1268 4006 1501 4088 argumentatio
1524 4010 1564 4071 ad
1586 4012 1865 4074 demonstrandam

512 4130 514 4137 ·
544 4114 665 4186 partem
689 4104 818 4165 alteram
839 4101 1032 4186 quaestionis
1055 4101 1331 4174 accommodatur,
1365 4101 1507 4182 quaestio
1541 4123 1621 4167 vero
1643 4103 1747 4167 omnis
1769 4105 1866 4168 diabi-

544 4195 648 4259 tabilis
677 4206 742 4269 est,
778 4205 908 4276 oportet
934 4193 1155 4277 syllogismos,
1188 4191 1244 4276 qui
1269 4197 1546 4258 accommodantur
1568 4196 1738 4282 ambiguae
1764 4219 1865 4282 qnae·

544 4289 659 4364 stioui‚
698 4287 916 4351 indubitabiles
939 4309 1008 4363 esse
1030 4299 1124 4370 atque
1143 4285 1348 4369 perspicuos:
1383 4287 1437 4370 qui
1459 4299 1494 4351 ut
1514 4289 1577 4352 siut
1598 4291 1697 4367 tales,
1732 4311 1775 4355 ex
1794 4293 1865 4355 cla·

501 4403 533 4452 au
544 4385 587 4444 ris
620 4391 713 4465 atque
742 4382 860 4462 apertis
891 4380 975 4444 etin
997 4380 1132 4444 veritate
1161 4381 1340 4462 patentibus
1366 4381 1639 4463 propositionibus
1662 4406 1793 4450 neeesse
1815 4399 1866 4449 est

544 4485 701 4539 constent.
744 4475 992 4557 Propositiones
1014 4494 1094 4538 vero
1117 4475 1230 4556 partim
1252 4493 1312 4555 per
1333 4494 1367 4536 se
1389 4487 1483 4538 notae
1505 4489 1594 4553 sunt,
1618 4479 1732 4560 partita
1748 4479 1866 4564 aliqui·

542 4569 602 4631 bus
629 4567 872 4649 probationibus
898 4569 1096 4653 indigebunt.
1156 4567 1269 4633 Omnis
1300 4587 1379 4631 vero
1407 4570 1610 4655 syllogismus
1646 4574 1866 4638 enuntiatione

541 4661 708 4741 proposita
730 4661 826 4724 babet
849 4661 979 4724 alicuius
1000 4661 1100 4744 partis
1130 4660 1393 4742 assumptionem,
1428 4675 1481 4740 ut,
1519 4667 1607 4752 quod
1632 4676 1681 4729 est
1707 4665 1740 4728 in
1765 4689 1867 4750 quae·

540 4751 660 4827 stione,
692 4753 875 4832 concludat,
910 4757 974 4818 boo
992 4756 1107 4820 modo:
1138 4755 1177 4820 Si
1198 4755 1270 4818 dies
1292 4765 1360 4832 εει,
1384 4757 1449 4819 lox
1467 4769 1530 4821 εει.
1573 4759 1619 4824 Ut
1636 4759 1735 4842 igitur
1757 4760 1865 4823 tricena

495 4865 610 4914 tsesse
629 4849 858 4925 demonstrem,
888 4870 1043 4912 assumam
1064 4871 1157 4912 unam
1176 4861 1299 4932 partem
1317 4849 1548 4932 propositionis
1571 4851 1716 4936 superins
1739 4855 1866 4919 consti·

612 5062 656 5119 at.
676 5083 802 5116 connexa
828 5095 847 5108 -
874 5101 891 5113 .
913 5067 1166 5139 propositionibus]
1200 5069 1248 5122 Sic
1274 5073 1384 5144 scripti.
1414 5099 1445 5113 -
1471 5089 1598 5127 connexo
1626 5108 1643 5121 -
1661 5103 1680 5118 -
1708 5083 1863 5148 proposita

534 5135 604 5195 Ven.
623 5142 710 5194 Paris.
729 5168 767 5182 ·-
784 5146 921 5195 connexio
939 5173 958 5186 -
977 5149 1159 5215 -proposita
1177 5145 1255 5203 Bau.
