4434 5959
426 613 431 623 ¹
468 553 472 559 ¹
532 603 608 677 ,aas
994 604 1037 674 c.
1059 607 1216 678 tnntns
1238 607 1420 676 vinnon

546 757 660 811 contra
687 745 810 812 tabulas
839 768 948 834 pugna
976 761 1042 824 est:
1079 771 1149 814 nam
1177 761 1209 815 et
1237 749 1337 814 minius
1365 752 1481 814 obesse
1504 747 1631 814 ridetur
1649 751 1754 832 pudor
1774 749 1864 816 luter

545 862 667 924 patrem
689 841 867 924 signatores
889 842 1074 920 mentiendi,
1110 854 1142 908 et
1163 843 1319 925 probandi
1340 841 1511 905 diffidentia
1531 843 1683 925 premitur
1704 845 1863 909 absentia.

547 934 590 996 Et
612 935 639 996 si
660 933 936 1016 reprehensionem
957 956 1021 999 non
1044 937 1128 1019 capit
1148 937 1216 1019 ipsa
1238 956 1394 1019 persona,
1416 934 1568 1000 infamare
1580 935 1761 1021 signatores
1784 938 1866 1000 licet

546 1027 681 1102 deinde,
718 1030 807 1112 quod
836 1048 929 1092 nemo
958 1030 1012 1092 dat
1039 1051 1099 1112 per
1131 1030 1252 1093 tabulas
1282 1029 1492 1093 testimonium
1522 1027 1579 1092 nisi
1601 1050 1658 1092 sua
1680 1030 1863 1095 voluntate.

521 1121 670 1194 sContra
689 1123 770 1185 haec
795 1122 928 1200 dicitur,
966 1134 999 1186 et
1026 1123 1159 1187 amictum
1187 1144 1249 1206 pro
1272 1121 1374 1187 amico
1397 1132 1429 1184 et
1449 1121 1606 1186 inimicum
1628 1143 1724 1204 posse
1747 1145 1864 1186 rerum

545 1215 669 1300 integra
690 1215 752 1278 lide
775 1215 895 1280 dicere.
938 1217 982 1280 Et
1003 1217 1066 1279 late
1086 1218 1178 1281 locus
1199 1229 1336 1300 uterque
1359 1227 1525 1278 tractatur.
1570 1215 1694 1280 Contra
1706 1238 1866 1300 praesen·

545 1317 593 1370 tes
615 1328 696 1370 vero
718 1309 893 1371 communis
915 1308 1005 1372 locus
1026 1321 1092 1385 est,
1115 1331 1210 1394 quum
1232 1331 1307 1392 pars
1330 1309 1427 1372 altera
1449 1308 1563 1370 nullam
1585 1309 1758 1374 firmiorem
1780 1331 1865 1392 pro-

545 1400 704 1464 bationem
727 1422 797 1464 esse
818 1404 1001 1478 contendit,
1026 1424 1120 1487 quam
1142 1425 1223 1487 quae
1245 1403 1285 1467 sit
1305 1403 1466 1467 hominum
1488 1400 1616 1466 scientia
1638 1389 1727 1476 nixa3
1761 1405 1866 1465 altera

545 1495 667 1570 omnia,
699 1515 756 1577 per
777 1517 858 1579 quae
879 1496 949 1560 fieri
969 1495 1073 1561 solent
1093 1499 1173 1561 falsa
1194 1495 1388 1570 testimonia,
1412 1505 1586 1558 enumerat.
1631 1495 1866 1557 Verumtamen

503 1610 608 1666 ,onon
630 1600 677 1651 est
698 1589 729 1650 in
750 1587 904 1652 eiusmodi
926 1591 1162 1674 quaestionibus
1183 1589 1428 1664 immorandum,
1453 1608 1491 1650 an
1507 1589 1695 1650 credendum
1710 1588 1862 1662 testibus,

544 1704 583 1744 an
612 1683 801 1745 eredendum
830 1682 995 1747 tormentis
1030 1685 1084 1748 sit.
1143 1685 1207 1747 Sed
1237 1696 1338 1746 tamen
1368 1683 1535 1746 sumendus
1565 1692 1615 1745 est
1646 1681 1797 1744 transitus
1821 1685 1864 1744 ad

543 1775 676 1860 propria
709 1796 841 1850 caussae3
877 1778 1028 1840 dehemus
1059 1779 1142 1845 enim
1170 1778 1309 1858 probare
1339 1777 1421 1840 velle
1443 1795 1507 1839 non
1535 1773 1626 1836 nullis
1647 1775 1780 1837 testibus
1804 1795 1866 1837 nec

513 1861 516 1864 ⁴
544 1870 638 1933 stillis
660 1869 825 1933 tormentis
847 1889 915 1931 esse
936 1871 1144 1947 credendum,
1179 1870 1218 1931 de
1247 1868 1360 1953 quibus
1389 1880 1454 1932 turn
1485 1866 1617 1930 maxime
1639 1865 1756 1950 agitur.
1801 1869 1865 1931 Se·

544 1983 644 2046 quens
667 1961 748 2025 ratio
770 1973 837 2039 est,
861 1981 957 2044 quum
981 1961 1160 2044 specialiter
1181 1964 1240 2026 iam
1264 1962 1406 2048 quidem,
1431 1963 1486 2025 sed
1508 1971 1612 2022 tamen
1634 1959 1749 2022 multos
1771 1958 1865 2022 inra-

502 2058 618 2118 tsdere
650 2054 780 2136 patroni
812 2054 929 2118 solent.
987 2057 1068 2119 Natu
1095 2068 1127 2120 et
1156 2056 1296 2142 gentium
1325 2055 1419 2120 simul
1441 2054 1658 2118 universarum
1679 2051 1864 2117 testimonia

543 2148 724 2225 elevantur,
760 2159 792 2210 et
821 2150 860 2210 de
890 2148 1101 2214 auditionibus
1131 2161 1264 2233 possunt
1290 2147 1445 2214 inveniri:
1484 2145 1656 2213 nonenim
1678 2143 1768 2226 ipsos
1790 2166 1865 2209 esse

543 2253 657 2315 testes,
694 2244 749 2304 sed
771 2242 977 2304 iniuratorum
1001 2244 1119 2307 offerre
1141 2265 1247 2312 voces.
1297 2245 1440 2319 Utens,
1463 2245 1652 2328 quisereo
1677 2257 1865 2302 numerasse

543 2337 694 2418 pecunias
714 2335 837 2410 iurant,
860 2315 1089 2420 litigatorum,
1102 2357 1166 2400 nnn
1189 2337 1313 2400 testium
1336 2337 1498 2400 habendos
1519 2336 1607 2399 loco.
1651 2329 1781 2394 Interim
1803 2336 1865 2395 ad·

544 2448 656 2491 versus
679 2428 822 2513 singulos
844 2429 990 2512 dirigitur
1011 2430 1108 2495 actio.
1143 2433 1196 2495 Oh
1218 2451 1312 2514 quam
1333 2451 1400 2492 rem
1422 2429 1551 2492 multum
1573 2427 1724 2500 interest,
1750 2436 1786 2487 ut
1805 2438 1865 2490 tn-

499 2533 607 2584 totam
630 2532 744 2584 orator
764 2543 889 2584 causam
912 2523 1111 2587 familiariter
1130 2523 1229 2589 norit.
1287 2525 1336 2588 Ea
1359 2523 1438 2585 enim
1460 2543 1511 2587 res
1531 2515 1680 2598 docebit,
1715 2523 1864 2604 adquae

515 2680 517 2683 ,
542 2613 652 2677 iudicis
680 2614 801 2678 animus
833 2613 956 2678 actione
983 2615 1025 2679 sit
1054 2619 1308 2699 praeparandus:
1345 2619 1439 2680 debet
1460 2615 1541 2679 enim
1565 2612 1613 2676 rel
1634 2614 1706 2680 fieri
1729 2615 1781 2677 vel
1802 2617 1864 2675 de-

542 2707 626 2770 trahi
647 2708 779 2770 testibus
800 2707 878 2771 fides
899 2709 1046 2773 oratione
1068 2722 1240 2793 perpetua,
1264 2711 1337 2794 quia
1356 2710 1403 2774 sie
1421 2707 1556 2794 quisque
1577 2709 1672 2772 dictis
1695 2720 1861 2782 moretur,
1962 2757 1963 2792 ρ

541 2812 577 2863 ιιι
597 2813 645 2864 cst
673 2803 713 2864 ad
741 2803 931 2869 credendum
955 2804 1005 2866 vel
1035 2825 1099 2868 non
1122 2807 1310 2871 credendum
1332 2813 1404 2867 ante
1425 2804 1593 2866 formatus.
1653 2803 1756 2884 Saepe
1776 2802 1864 2864 inter

541 2905 640 2957 testes
661 2905 694 2958 et
713 2907 899 2980 argumenta
920 2897 1083 2959 contentio
1106 2912 1175 2962 est:
1200 2911 1230 2960 et
1246 2899 1316 2960 inde
1338 2895 1499 2960 scientiam
1515 2907 1546 2958 et
1567 2894 1755 2980 religionem
1770 2915 1863 2969 esse;

498 2989 615 3052 adhinc
642 3008 723 3052 vero
746 3010 786 3052 ex
809 2989 1003 3073 argumentis
1025 2989 1141 3053 dicitur
1167 3001 1277 3054 testem
1301 2989 1424 3073 gratia,
1459 3000 1562 3064 metu,
1600 2987 1751 3069 pecunia,
1784 2987 1862 3061 -ira,

541 3082 637 3156 odio,
674 3081 827 3155 amicitia,
864 3083 982 3146 ambitu
1011 3083 1191 3164 depravari.
1242 3085 1448 3168 Argumenta
1468 3093 1570 3144 autem
1597 3101 1638 3143 ex
1663 3093 1775 3145 natura
1796 3079 1865 3142 dici

539 3187 695 3258 possunt:
731 3175 761 3238 in
791 3175 839 3238 his
867 3176 1000 3239 iudicem
1029 3175 1111 3251 sihi,
1149 3174 1264 3239 inillis
1292 3175 1359 3238 aliis
1376 3177 1523 3238 credere.
1567 3171 1756 3238 Communia
1778 3173 1864 3234 haec

540 3267 646 3330 miritis
678 3265 779 3331 causis
811 3289 849 3331 ac
877 3289 971 3351 saepe
1000 3268 1114 3332 iactata
1139 3279 1225 3332 sunt.
1283 3268 1464 3350 Aliquando
1494 3265 1585 3329 etiam
1615 3265 1762 3350 utrinque
1783 3277 1863 3328 sunt

539 3371 650 3423 testes.
694 3361 758 3424 Sed
780 3360 979 3426 confirmatio
1001 3364 1145 3446 sequitur
1159 3383 1199 3425 ex
1214 3360 1421 3444 supradictis,
1444 3359 1470 3423 si
1492 3358 1538 3422 his
1554 3356 1863 3422 adiicienturdivina

499 3452 736 3528 solestimonia,
757 3453 789 3516 id
810 3466 871 3530 est,
895 3476 1048 3537 responsa
1069 3469 1101 3519 et
1123 3457 1225 3520 omnia
1247 3469 1350 3519 cetera
1373 3453 1498 3518 similia.
1541 3453 1578 3516 ln
1601 3451 1715 3537 quihus
1738 3461 1861 3514 tracta-

541 3558 591 3609 tus
615 3547 675 3608 erit
696 3567 775 3609 tinus
798 3547 971 3631 generalis,
1004 3550 1059 3634 qui
1088 3548 1169 3612 inter
1200 3548 1328 3612 Stoicos
1355 3559 1386 3612 et
1414 3548 1593 3630 Epicureos
1619 3544 1702 3607 solet
1721 3543 1858 3629 rogari,

537 3639 796 3725 providentium
817 3642 965 3704 mundus
985 3642 1221 3724 gubernetur?
1242 3643 1323 3705 alter
1342 3639 1487 3724 specialis
1509 3651 1621 3704 contra
1644 3650 1753 3719 partes
1775 3639 1861 3702 divi·

542 3732 693 3807 nationis,
717 3746 751 3796 ιιι
773 3754 918 3818 quaeque
939 3736 978 3797 ad
995 3736 1211 3818 quaestionem
1234 3737 1335 3799 cadet.
1380 3732 1444 3797 Hic
1468 3734 1548 3796 enim
1571 3733 1663 3794 fidem
1685 3730 1861 3794 conflrma-

542 3827 606 3902 hit,
646 3827 696 3889 hie
725 3827 865 3903 refellet,
904 3830 992 3912 quod
1020 3827 1146 3891 adiiciat
1175 3827 1287 3912 aliquis
1309 3837 1341 3890 et
1363 3849 1479 3901 voces,
1518 3826 1544 3889 si
1567 3835 1760 3909 quaesunt,
1797 3845 1861 3906 per

499 3937 530 3987 ts
545 3921 649 3983 vinum
676 3921 728 3984 vel
759 3942 818 4003 per
843 3942 988 3986 somnum
1011 3921 1061 3983 vel
1082 3941 1142 4002 per
1163 3921 1349 3984 dementiam
1372 3921 1423 3983 vel
1447 3917 1679 3984 ahinlantibus
1700 3919 1859 3982 emissae:

541 4035 624 4098 quos
646 4035 719 4097 pars
741 4015 839 4077 altera
862 4014 938 4078 nihil
960 4013 1100 4078 iudicare
1123 4014 1243 4078 dictura
1266 4026 1336 4092 est,
1360 4015 1460 4078 altera
1483 4013 1558 4077 nihil
1581 4011 1717 4096 lingere.
1767 4013 1861 4075 Haec

543 4108 663 4185 omnia,
702 4129 783 4193 quae
812 4107 1019 4172 inartificialia
1051 4129 1149 4190 supra
1179 4109 1260 4171 dicta
1292 4119 1380 4185 stunt,
1418 4129 1482 4173 non
1513 4117 1631 4170 tantum
1653 4115 1862 4186 praestantur

542 4223 640 4286 quum
661 4215 748 4275 sunt,
772 4205 828 4266 sed
850 4200 943 4265 etiam
964 4200 1020 4264 ubi
1043 4220 1105 4263 uon
1128 4213 1217 4278 sunt,
1250 4203 1419 4265 desiderari
1440 4202 1555 4265 solent.
1600 4202 1645 4267 Ut
1664 4209 1760 4278 puta,
1796 4221 1861 4282 pe·

542 4295 679 4358 cuniam
700 4295 843 4367 dedisti:
865 4295 942 4379 quis
964 4295 1181 4358 numeravit?
1201 4295 1284 4359 ubi?
1305 4296 1419 4359 unde?
1443 4293 1620 4363 Venenum
1634 4293 1778 4377 arguis,-
1798 4293 1859 4355 uhi

500 4386 635 4451 atomi?
654 4409 678 4449 n
693 4391 787 4472 quo?
807 4387 952 4473 quanti?
969 4410 1035 4470 per
1047 4410 1148 4472 quem
1162 4390 1267 4452 dedit
1287 4412 1355 4474 quo
1368 4390 1531 4452 conscio?
1551 4389 1629 4454 Ideo
1645 4398 1748 4452 alitem
1766 4398 1858 4450 retro

542 4501 653 4542 eorum
686 4493 838 4557 statatum,
877 4480 931 4566 qui
959 4480 1085 4549 suntin
1106 4481 1248 4564 scripto,
1287 4503 1349 4546 non
1377 4481 1509 4546 fecimus
1532 4481 1740 4559 mentionem,
1782 4481 1858 4564 quia

543 4574 654 4636 eadem
675 4573 756 4637 ratio
782 4587 830 4636 est
852 4574 883 4637 in
905 4573 997 4638 omni.
1019 4595 1136 4660 genere
1164 4575 1402 4662 quaestionum,
1437 4597 1499 4659 qua
1526 4576 1623 4640 semel
1655 4590 1788 4659 accepta
1818 4577 1858 4638 ad

630 4822 656 4869 2.
674 4823 736 4869 Cod.
755 4826 906 4881 praemitur.
943 4823 968 4870 l.
987 4823 1068 4882 (Fort.
1086 4825 1155 4871 inde.
1175 4819 1238 4886 Οι.)
1275 4823 1316 4874 ll.
1335 4826 1375 4876 tt..
1395 4825 1561 4872 Ssdtnntsnt.
1580 4820 1644 4886 (la.)
1681 4823 1722 4875 tt.
1743 4827 1778 4870 lta
1796 4825 1856 4873 cot.

680 4893 751 4952 (teg.
769 4905 820 4939 aon
836 4894 889 4940 illis
901 4894 1004 4939 restitue
1021 4907 1067 4938 rese
1083 4896 1148 4942 ιἰιὼ.
1167 4893 1228 4953 Οι.)
1265 4893 1305 4941 ld.
1325 4896 1360 4940 lta
1374 4896 1476 4942 interim
1487 4897 1511 4940 ia
1529 4895 1591 4941 css.
1607 4895 1787 4952 putarem
1805 4895 1856 4939 brie

694 4968 719 5008 at
735 4961 802 5008 etthi.
839 4961 883 5009 26.
900 4964 964 5024 laps
981 4962 1049 5010 διεδ.
1074 4964 1123 5010 os.
1170 4961 1211 5012 30.
1237 4963 1299 5012 llam
1324 4977 1369 5022 pro
1394 4966 1479 5012 ornias
1496 4964 1538 5011 stt
1579 4961 1620 5012 ll.
1640 4961 1702 5012 teu
1723 4978 1768 5022 prs
1785 4962 1855 5024 qaia*

682 5028 723 5078 Η.
742 5031 804 5080 cu.
822 5033 994 5093 gubernatur..
1587 5061 1592 5070 ·

617 5155 663 5210 27.
683 5149 926 5206 erchrecum
946 5171 996 5226 pro
1015 5154 1119 5210 Scauro
1137 5153 1180 5210 ed.
1201 5115 1316 5210 Mediol.
1335 5173 1362 5229 p.
1382 5157 1437 5215 25»
