4434 5959
798 585 1034 653 BOETHIUS
1056 587 1149 652 LIB.
1172 587 1237 654 Vl.
1582 637 1585 644 .
1615 595 1675 659 377

357 722 430 809 quis
455 735 677 810 argumentum
702 724 843 792 invenire
868 741 1022 805 conatur,
1059 726 1088 791 si
1115 727 1145 792 ei
1171 729 1281 806 locus,
1317 730 1373 796 ubi
1399 745 1616 817 argumentum
1636 734 1676 799 sit

357 818 517 902 positum,
541 821 737 898 declaretur,
761 821 885 887 facilius
906 833 1142 909 argumentum,
1173 825 1260 908 quod
1285 826 1432 909 quaerit,
1456 827 1560 890 valeat
1587 827 1675 892 inve·

357 913 442 977 nire.
486 913 536 977 Ita
557 914 637 978 enim
659 917 851 982 Aristoteles
875 931 906 982 et
927 918 970 981 ita
995 918 1119 982 Tullius
1141 919 1279 1000 appellat
1300 940 1351 982 eas
1373 922 1483 996 sedes,
1507 921 1541 983 in
1562 922 1676 1004 quibus
1802 973 1806 980 ,

359 1021 545 1090 argumenta
565 1021 640 1072 stunt
656 1011 837 1091 collocata,
860 1014 892 1076 id
914 1023 981 1086 est,
1004 1011 1116 1088 locos,
1141 1011 1195 1094 qui
1218 1014 1257 1074 ab
1280 1013 1454 1077 Aristotele
1475 1014 1598 1095 Topica
1618 1036 1677 1080 vo·

359 1101 423 1164 cati
438 1113 524 1165 sunt.
583 1102 646 1166 Sed
666 1104 814 1186 quoniam
835 1108 875 1170 de
890 1108 1018 1170 sedibus
1039 1117 1299 1190 argumentorum
1317 1105 1494 1192 loquimur,
1517 1108 1551 1171 id
1569 1109 1700 1189 euius-5

358 1196 448 1258 modi
469 1194 528 1272 sit,
550 1197 664 1279 paullo
682 1197 772 1261 altius
799 1200 1017 1282 expediamus.
1059 1201 1170 1264 Locus
1191 1199 1273 1262 enim
1294 1220 1358 1264 nou
1382 1221 1446 1264 uno
1469 1203 1564 1265 modo
1584 1202 1676 1266 iutel-

357 1289 481 1374 ligitur.
531 1292 583 1355 Ae
603 1292 819 1376 relinquamus
842 1295 969 1379 quidem
994 1313 1050 1357 eos
1078 1293 1192 1371 locos,
1231 1314 1311 1378 quos
1341 1293 1530 1358 Victorinus
1555 1295 1677 1360 frustra

357 1395 456 1469 atque
474 1383 735 1449 inconvenienter
752 1386 932 1465 interserit,
956 1389 1043 1453 velut
1063 1409 1132 1465 eos,
1158 1386 1211 1472 qui
1233 1409 1373 1470 corpora
1395 1389 1605 1466 concluduut;
1639 1415 1677 1455 ao

357 1477 544 1560 simpliciter
560 1478 770 1565 intelligamus
792 1502 849 1545 eos
869 1482 961 1548 locos
981 1495 1239 1566 argumentorum
1262 1503 1351 1558 esse,
1376 1482 1430 1565 qui
1444 1483 1526 1546 iutra
1541 1505 1576 1546 se
1597 1507 1675 1549 con·

357 1572 461 1635 tinent
480 1585 689 1657 argumenta:
713 1575 877 1658 inquibus
895 1575 1091 1660 exponendis
1112 1576 1290 1658 posterius,
1314 1575 1390 1661 quid
1407 1575 1466 1651 sit,
1490 1581 1577 1662 quod
1596 1579 1674 1648 dici·
1687 1600 1717 1652 tt

359 1689 447 1744 mus,
485 1667 603 1732 clarius
630 1670 808 1751 apparebit.
862 1672 957 1735 Nune
983 1670 1190 1734 communiter
1213 1671 1252 1734 de
1280 1681 1346 1734 tota
1375 1669 1521 1734 locorum
1548 1673 1672 1740 ratione

361 1765 465 1848 deque
489 1763 766 1850 argumentatione
787 1785 825 1828 ae
846 1767 886 1830 de
906 1764 1143 1850 quaestionibus
1158 1776 1189 1827 et
1210 1763 1486 1846 propositionibus
1504 1787 1675 1851 earumque

359 1857 502 1921 terminis
529 1857 749 1923 videturesse
780 1863 988 1922 tractandum.
1046 1859 1099 1922 Ae
1121 1857 1272 1940 primum,
1312 1858 1459 1942 quoniam
1477 1859 1587 1935 locus,
1620 1863 1675 1946 qui

361 1963 517 2014 tractatur
537 1951 571 2014 iu
594 1950 744 2034 Topicis,
783 1973 848 2016 uon
873 1953 1040 2016 cuiuslibet
1068 1951 1135 2028 rei,
1170 1955 1226 2016 sed
1247 1963 1366 2014 tautum
1394 1954 1486 2017 loeus
1509 1965 1557 2016 est
1577 1975 1675 2039 argu·

244 2108 246 2117 ,
360 2045 477 2120 menti,
502 2045 651 2127 exposito
672 2045 761 2128 prius
782 2047 960 2132 argumenti
977 2045 1137 2110 intellectu
1158 2045 1307 2129 deinceps
1326 2049 1364 2108 de
1381 2045 1446 2111 loci
1467 2047 1589 2110 ratione
1608 2061 1717 2122 tra-1⁵

244 2178 245 2183 1
360 2140 528 2204 ctabimus.
581 2139 702 2202 Definit
724 2138 823 2224 igitur
851 2141 976 2205 Tullius
1005 2133 1223 2225 argumentum
1245 2142 1309 2203 hoe
1331 2143 1444 2204 modo:
1480 2144 1675 2224 Argumen-

357 2247 434 2299 tum
450 2245 503 2298 est
513 2232 651 2309 oratio,
674 2255 762 2318 quoe
781 2232 834 2297 rei
851 2231 1102 2324 dubioefueiot
1116 2232 1244 2310 sedem
1287 2234 1425 2316 sumpsit
1439 2233 1537 2318 igitur
1552 2236 1675 2300 oratio·

356 2350 429 2392 nem
452 2338 489 2392 nt
519 2347 632 2412 genus.
687 2329 807 2394 Omnes
837 2329 918 2392 enim
939 2327 1084 2392 iniuriosi
1108 2340 1198 2404 sunt,
1230 2326 1284 2410 qui
1306 2327 1460 2392 orationis
1482 2327 1630 2393 virtutem
1657 2351 1675 2393 a

243 2476 244 2495 2
356 2421 532 2504 sapientiae
559 2421 684 2486 ra'tiooe
707 2423 875 2507 seiungunt
896 2421 1050 2506 aliamque
1069 2442 1139 2484 esse
1163 2419 1286 2484 dicendi
1308 2432 1408 2483 artem
1429 2420 1560 2498 volrrnt,
1585 2423 1674 2487 aliam

354 2514 569 2598 intelligendi.
612 2516 695 2578 Nam
717 2515 745 2578 si
766 2515 844 2578 nibil
860 2514 1004 2580 oratioue
1024 2512 1108 2578 aliud
1130 2513 1273 2600 agimus,
1298 2513 1356 2576 nisi
1380 2515 1512 2578 interius
1533 2516 1675 2600 cogitata
1685 2544 1717 2596 ρο

355 2610 547 2693 vulgamus,
585 2629 686 2692 quae,
716 2610 849 2687 malum,
883 2610 966 2674 ratio
990 2622 1055 2687 est,
1089 2608 1245 2675 orationis
1264 2609 1449 2694 elegantiam
1473 2609 1675 2672 aseutentia·

354 2727 428 2770 raam
451 2704 610 2789 gravitate
632 2704 814 2788 seponere?
841 2725 923 2789 quae
943 2724 1046 2786 porro
1065 2701 1288 2767 sententiarum
1312 2703 1452 2786 gravitas
1478 2722 1545 2766 esse
1567 2713 1676 2784 potest

349 2801 428 2864 sine
457 2819 565 2861 carum
592 2820 718 2875 rerum,
753 2802 793 2862 de
821 2799 935 2882 quibus
957 2798 1120 2862 dicendum
1145 2809 1211 2873 est,
1249 2795 1557 2877 comprehensione?
1593 2816 1674 2880 quae

357 2914 440 2958 vero
460 2893 520 2955 alia
535 2891 697 2975 disciplina
712 2904 839 2956 naturas
853 2891 1151 2976 proprietatemque
1160 2910 1267 2953 rerum
1283 2885 1418 2953 omnium
1441 2891 1553 2965 docet,
1579 2911 1675 2974 quae-
1797 2915 1806 2928 ·

357 3009 401 3052 ve
423 2986 553 3052 omnino
583 3008 715 3064 eorum,
753 3009 835 3071 quae
861 2986 995 3072 intelligi
1020 2996 1174 3068 possunt,
1212 2985 1369 3048 scientiam
1391 2982 1580 3066 profitetur,
1615 2983 1717 3054 nisiae

356 3086 439 3146 baec
464 3092 605 3159 tantum,
640 3103 681 3145 ex
704 3103 765 3167 qua
788 3103 848 3146 nos
873 3101 974 3163 pauca
998 3078 1286 3163 praesumpsimus,
1320 3075 1547 3160 philosophia?
1584 3077 1674 3156 Quae

356 3176 457 3260 longe
478 3175 571 3238 aliter
595 3178 634 3238 de
652 3174 701 3238 bis
722 3175 801 3258 ipsis
822 3175 853 3237 in
875 3173 1011 3256 proprio
1028 3173 1215 3256 sapientium
1237 3184 1373 3235 tractatu
1397 3172 1556 3252 disputare
1578 3170 1673 3245 solet,

355 3291 461 3354 neque
477 3268 521 3332 ita
542 3269 659 3333 enrsim
675 3281 709 3332 ut
725 3290 797 3332 nos.
842 3269 931 3348 Quae
953 3267 996 3344 si,
1020 3267 1107 3331 utin
1130 3268 1256 3330 illorum
1280 3265 1370 3329 libris
1389 3267 1491 3340 solet,
1515 3264 1673 3345 prolixius

356 3364 543 3427 disserenda
567 3362 788 3445 sumpsissem,
820 3361 892 3445 quis
922 3361 1022 3425 derret
1047 3361 1246 3424 insolentium
1274 3359 1432 3424 hominum
1464 3357 1673 3422 temeritatem

356 3458 527 3542 proiectus
555 3477 631 3521 suos
659 3457 788 3538 culpare
814 3454 1005 3532 volentium,
1030 3456 1158 3540 [quibus
1180 3453 1378 3538 profectibus
1400 3451 1623 3535 proficerent]
1646 3451 1673 3516 si
1685 3477 1716 3528 ,ο

355 3550 492 3616 studiosi
514 3549 640 3632 potius,
664 3571 756 3633 quam
780 3548 904 3633 queruli
927 3569 997 3612 esse
1017 3547 1173 3612 mallent?
1196 3551 1258 3611 Sed
1276 3548 1323 3610 his
1344 3547 1598 3612 contentionibus
1620 3567 1674 3610 ne·

354 3665 420 3729 que
441 3645 569 3729 antiqua
588 3643 691 3706 caruit
711 3655 798 3708 aetas
817 3665 877 3706 uec
899 3663 959 3706 nos
977 3643 1020 3706 ita
1040 3642 1167 3707 delicati
1189 3663 1315 3718 sumus,
1340 3653 1394 3716 ut,
1419 3639 1531 3724 quibus
1553 3640 1674 3722 patieu-

353 3739 399 3800 tia
432 3737 687 3802 doctissimorum
720 3737 881 3801 bominum
910 3737 1036 3820 saepius
1065 3737 1209 3813 obstitit,
1245 3735 1333 3799 ferre
1359 3735 1512 3810 nolimus,
1547 3737 1619 3796 dnm
1642 3747 1674 3798 ct

353 3832 502 3916 pluribus
531 3835 686 3915 prodesse
713 3830 872 3913 possimus
899 3843 930 3895 et
960 3830 1147 3913 sapientium
1179 3829 1294 3894 iudicia
1317 3847 1563 3911 consequamur.
1620 3831 1675 3892 Ad

355 3947 451 4010 quem
481 3925 574 3988 linem
601 3925 652 3989 bie
673 3937 783 3991 noster
805 3925 898 3991 labor
927 3936 958 3987 et
987 3924 1085 3989 totius
1107 3923 1215 4005 operis
1237 3943 1357 3986 summa
1380 3921 1552 3985 contendit.
1611 3923 1717 3996 Sedar

352 4021 436 4083 baec
456 4020 622 4085 baeteuns.
666 4021 759 4084 Nune
780 4031 946 4102 susceptas
967 4018 1177 4100 expositionis
1201 4015 1342 4082 ordinem
1365 4035 1607 4099 persequamur.

441 4111 540 4196 (Cap.
565 4116 618 4177 l'l.
640 4120 692 4190 §§.
716 4114 769 4177 ⁶5.
793 4113 861 4192 66.)
890 4116 981 4176 Toto
1002 4113 1112 4197 igitur
1133 4115 1207 4178 loco
1228 4145 1270 4156 -
1291 4145 1331 4158 —
1354 4109 1395 4174 cle
1415 4109 1673 4174 consultationi·

353 4209 420 4272 bus
440 4208 515 4271 suis
536 4208 726 4291 disputare.

440 4299 555 4366 Diriso
578 4322 744 4364 causarum
766 4304 841 4365 loco
862 4313 956 4384 atque
980 4301 1091 4366 ordine
1113 4301 1175 4365 suis
1198 4299 1340 4383 partibus
1358 4297 1526 4363 distributo
1550 4299 1587 4360 de
1610 4296 1673 4360 loci

354 4393 496 4458 eiusdem
507 4393 661 4459 facultate
675 4394 854 4478 quibusque
868 4394 997 4459 uberius
1016 4396 1193 4480 quibusque
1216 4395 1379 4480 angustius
1394 4394 1670 4467 accommodetur,
1682 4407 1716 4458 tt

352 4487 403 4551 nti
423 4507 520 4570 saepe
548 4485 698 4552 Ciceroni
724 4509 792 4552 mos
815 4499 879 4564 est,
912 4489 1050 4552 disserit.
1094 4488 1237 4553 Primum
1260 4487 1359 4564 enim,
1383 4485 1501 4571 inquit,
1536 4485 1674 4549 oratori-

352 4585 416 4646 bus
438 4603 476 4644 ae
496 4581 713 4664 pbilosophis,
738 4602 873 4665 quornm
890 4579 923 4645 in
939 4581 1204 4665 disputationibus
1219 4583 1310 4666 larga
1333 4579 1462 4645 materia
1485 4591 1551 4655 est,
1576 4579 1674 4642 mirlta

355 4695 398 4740 ex
423 4696 590 4740 causarum
618 4677 694 4741 loeo
717 4689 976 4760 argumentorum
1003 4677 1144 4759 suppetit
1177 4676 1282 4759 copia.
1337 4673 1522 4740 Communis
1555 4673 1674 4757 qnippe

355 4769 540 4834 oratoribus
555 4789 593 4833 ae
603 4771 803 4854 pbilosophis
821 4769 872 4832 bie
887 4771 977 4835 locus
992 4791 1061 4834 esse
1075 4769 1287 4852 perspicitur,
1312 4769 1365 4851 qui
1383 4780 1461 4834 esta
1482 4767 1602 4842 causis,
1627 4767 1675 4829 his

355 4875 486 4928 naturas
507 4885 635 4942 rerum,
667 4867 753 4950 quod
775 4875 822 4928 est
839 4863 1063 4948 philosophiae
1085 4865 1270 4948 proprium,
1294 4863 1374 4942 illis,
1403 4861 1490 4948 quod
1511 4860 1716 4932 oratoriacss

432 5105 461 5161 6.
480 5100 510 5154 bt
527 5101 681 5174 eremmon
697 5107 757 5156 strat
775 5103 843 5157 Vsu.
855 5095 931 5158 Bari.
958 5107 1002 5161 17.
1021 5107 1117 5156 erasto
1137 5131 1155 5146 -
1174 5133 1193 5146 -
1212 5101 1378 5169 orationem]
1398 5097 1475 5158 lllus.
1507 5125 1538 5142 -
1560 5101 1636 5153 ratio
1655 5125 1674 5142 ·

354 5216 370 5228 .
393 5183 534 5234 ratonem
553 5182 648 5237 essert.
687 5181 734 5240 50.
753 5176 842 5232 Verba
862 5177 1043 5236 aestuarem.
1064 5177 1142 5234 Etns.
1162 5177 1247 5233 Parte.
