4434 5959
564 589 627 654 sm
865 556 872 566 ’
1104 587 1338 654 sosarinus

563 743 632 806 tur,
671 729 889 803 nitidulam,
924 731 1011 812 quod
1035 727 1170 811 primum
1191 739 1261 803 est,
1296 729 1489 812 abnegetur,
1513 732 1576 793 boe
1599 733 1720 796 modo:
1753 731 1792 796 Si
1814 733 1874 798 hoc

562 837 635 900 est,
672 824 758 887 illud
774 835 845 895 θείς
871 823 958 886 iilud
976 835 1092 886 autem
1113 842 1182 886 non
1200 832 1267 884 est:
1297 823 1468 905 igiturne
1490 824 1704 908 hocquidem
1730 839 1794 890 eat.
1840 829 1876 892 ln

563 918 715 999 exemplis
736 917 798 980 ita:
820 917 859 981 Si
872 923 973 980 homo
995 929 1063 990 est,
1087 916 1219 978 animal
1236 927 1305 988 est:
1326 917 1457 979 animal
1469 929 1583 981 autem
1599 939 1667 981 non
1681 933 1752 984 ert:
1773 924 1875 986 homo

561 1015 672 1098 igitur
689 1033 757 1075 non
777 1023 841 1075 est.
899 1011 1023 1074 Tullius
1044 1012 1087 1072 ita
1111 1009 1213 1084 dixit,
1238 1030 1332 1091 quum
1354 1008 1403 1086 id,
1438 1014 1525 1094 quod
1547 1033 1701 1076 annexum
1725 1027 1794 1090 est,
1821 1037 1876 1078 ne·

538 1108 667 1193 sgaris,
705 1117 739 1168 ut
760 1106 793 1168 id
815 1127 961 1189 quoque,
1001 1104 1050 1166 cui
1071 1103 1169 1166 tuerit
1190 1123 1365 1178 annexum,
1408 1107 1584 1187 negandum
1607 1105 1667 1179 sit,
1706 1111 1877 1172 secundum

562 1224 631 1266 esse
655 1205 797 1276 modum,
833 1199 922 1283 quasi
953 1217 1095 1262 connexa
1126 1195 1346 1277 propositione
1372 1197 1566 1261 affirmativis
1590 1197 1732 1280 partibus
1754 1200 1874 1266 iuncta.

562 1296 793 1362 Universaliter
821 1305 921 1356 autem
949 1291 1067 1355 rectius
1098 1289 1273 1376 diceretur,
1311 1310 1406 1372 quum
1431 1291 1479 1365 id,
1519 1296 1605 1375 quod
1628 1315 1786 1357 nonensem
1811 1311 1874 1374 cst,

562 1393 679 1464 idest,
715 1391 903 1464 secumdum,
940 1386 1124 1470 perimitur,
1150 1382 1262 1466 perimi
1283 1382 1361 1445 illud
1383 1405 1529 1470 quoque,
1554 1386 1604 1449 cui
1627 1407 1786 1451 annexum
1811 1403 1875 1468 est,

560 1487 678 1558 idest,
703 1483 859 1564 primum,
883 1494 935 1556 ut,
960 1480 986 1544 si
1008 1477 1228 1542 affirmativum
1251 1478 1369 1552 estid,
1404 1480 1491 1561 quod
1513 1499 1667 1542 annexum
1689 1495 1754 1559 est,
1781 1503 1877 1569 nega·

464 1641 467 1646 ,
519 1580 647 1650 notione
669 1577 858 1659 perimatur,
882 1577 910 1638 si
932 1595 1010 1637 vero
1032 1573 1231 1656 negativum,
1257 1572 1481 1637 affirmatione.
1536 1577 1579 1638 Et
1602 1579 1640 1638 de
1662 1597 1702 1640 co
1726 1599 1873 1663 quoque,

562 1674 611 1737 cui
634 1693 788 1734 annexum
811 1680 875 1745 cst,
899 1668 1018 1742 idest,
1043 1666 1166 1748 primo,
1198 1665 1278 1728 idem
1302 1679 1363 1743 est,
1387 1678 1431 1743 ut,
1457 1668 1482 1730 si
1505 1670 1535 1732 in
1559 1691 1702 1733 connexa
1725 1675 1877 1755 proposi·

511 1827 515 1833 .
559 1767 648 1831 tione
671 1765 866 1840 affirmatur,
881 1763 929 1836 ¹in
951 1759 1157 1824 conclusione
1179 1761 1351 1845 denegetur
1372 1765 1543 1824 secumdum
1568 1785 1650 1826 nrrnc
1672 1767 1875 1847 propositum

561 1858 729 1927 Ciceronis
751 1859 948 1938 exemplum,
973 1855 1000 1918 si
1024 1873 1102 1916 vero
1126 1854 1271 1937 negativa
1294 1854 1335 1916 sit
1359 1856 1589 1937 propositionis
1611 1856 1702 1939 prior
1725 1880 1824 1941 pars,
1847 1861 1877 1924 in

561 1954 765 2019 conclusione
799 1949 958 2015 contraria
981 1945 1194 2012 affirmatione
1215 1947 1358 2011 tollatur.
1415 1951 1558 2012 Tertium
1583 1970 1661 2013 vcro
1684 1954 1814 2016 modum
1837 1955 1878 2017 ait

519 2069 632 2119 isesse
654 2046 791 2120 Cicero,
817 2067 911 2127 quum
934 2065 987 2116 ea,
1022 2059 1103 2125 quae
1126 2042 1292 2104 coniuncta
1316 2053 1405 2117 siunt,
1445 2045 1660 2128 denegantur,
1694 2055 1724 2105 ct
1749 2045 1797 2110 bis
1821 2046 1880 2110 alia

562 2140 690 2226 negatio
712 2159 824 2203 rursus
848 2136 1044 2220 adiungitur;
1069 2144 1129 2208 ut,
1156 2133 1227 2219 quin
1250 2133 1363 2196 animal
1385 2135 1503 2200 homini
1526 2135 1726 2200 coniunctum
1750 2151 1814 2216 est,
1839 2143 1881 2206 ita

562 2233 719 2297 dicamus:
750 2233 832 2298 Non
857 2243 890 2293 et
913 2233 1015 2294 homo
1034 2238 1068 2290 et
1087 2247 1157 2292 non
1177 2226 1308 2290 animal
1327 2221 1395 2302 est,
1420 2238 1515 2312 atque
1534 2251 1575 2292 ex
1597 2231 1644 2292 his
1670 2253 1767 2296 ninum
1787 2239 1880 2317 poni·

559 2337 629 2400 tur,
663 2336 715 2398 ut,
753 2326 841 2406 quod
863 2321 1069 2407 relinquitur,
1094 2321 1275 2395 arileratur,
1299 2320 1362 2382 hoc
1385 2323 1495 2385 modo.
1540 2323 1695 2388 Pouimus
1719 2329 1879 2393 bominem

561 2439 649 2492 esse,
673 2417 833 2481 dieentes:
854 2416 951 2502 atqui
971 2419 1073 2480 homo
1090 2425 1155 2476 est.
1200 2415 1295 2495 Quod
1318 2434 1398 2498 crgo
1421 2415 1626 2499 relinquitur,
1650 2433 1785 2486 nonest
1805 2426 1881 2487 oni.

517 2514 647 2587 ermol,
685 2513 829 2575 aufertur
851 2522 946 2595 atquc
969 2507 1184 2573 concluditur:
1218 2507 1349 2570 animal
1367 2507 1477 2592 igitur
1496 2520 1559 2573 est.
1604 2510 1657 2575 Fit
1676 2512 1759 2575 enirn
1783 2536 1880 2600 argu·

561 2606 710 2673 mentatio
733 2607 795 2670 boc
812 2608 936 2670 modo:
960 2606 1044 2670 Non
1063 2615 1096 2665 et
1122 2603 1224 2664 homo
1246 2613 1314 2676 est,
1338 2613 1371 2664 et
1385 2623 1453 2664 non
1473 2604 1622 2678 animal,-
1655 2605 1756 2690 atqui
1776 2609 1880 2674 homo

560 2713 633 2766 est:
654 2699 784 2762 animal
804 2700 914 2784 igitur
934 2709 998 2761 est.
1043 2697 1098 2759 Ex
1117 2695 1169 2757 his
1192 2694 1278 2758 nasci
1298 2694 1371 2756 dicit
1394 2699 1622 2777 cnthymemata
1645 2721 1686 2762 ex
1708 2703 1879 2766 contrariis

560 2791 725 2868 conclusa,
758 2792 872 2875 quibus
893 2791 1064 2874 plurimum
1085 2791 1231 2854 rhetores
1255 2788 1300 2850 uti
1322 2789 1438 2853 solent.
1484 2793 1592 2877 Atque
1614 2795 1692 2856 haec
1714 2795 1879 2875 enthyme-

559 2899 641 2951 mata
664 2899 904 2969 nuncupantur,
929 2907 992 2949 non
1015 2886 1102 2970 qrrod
1126 2885 1235 2946 eodem
1263 2883 1388 2946 nomine
1411 2885 1512 2948 omnis
1536 2887 1676 2950 inventio
1699 2890 1877 2972 nuncupari

517 3004 623 3056 25noo
656 2981 758 3064 possit
785 2982 997 3061 (enthymema
1033 2998 1168 3060 namque
1198 2989 1245 3040 cst
1276 2978 1385 3040 mentis
1415 2979 1603 3062 conceptio,
1642 2982 1731 3065 quod
1770 2995 1879 3064 potest

560 3077 705 3140 omnibus
727 3076 960 3138 inventionibus
982 3072 1186 3151 convenirc):
1225 3074 1299 3147 sed,
1333 3071 1406 3155 quia
1428 3074 1506 3135 haec
1526 3073 1674 3149 iuventa,
1698 3097 1781 3159 quae
1804 3079 1878 3143 bre·

560 3170 705 3233 niterer
734 3167 900 3233 contrariis
923 3163 1141 3250 colliguntur,
1175 3163 1306 3228 maxime
1329 3176 1531 3242 actiterunt,
1555 3180 1692 3256 propter
1716 3174 1877 3237 excellen-

558 3263 633 3326 tiam
655 3263 855 3345 speciemque
883 3261 1073 3325 inventionis
1102 3279 1268 3322 commune
1301 3261 1538 3339 enthymematis
1570 3280 1683 3324 nomcn
1707 3267 1876 3348 proprium

558 3358 675 3422 factunm
701 3367 766 3432 est,
799 3367 833 3417 ut
866 3357 943 3418 hacc
966 3375 981 3416 a
1005 3353 1186 3417 rhetoribus
1210 3351 1300 3434 quiesi
1322 3353 1457 3435 proprio
1491 3353 1614 3418 nomine
1644 3357 1875 3437 cnthymemata

517 3465 739 3522 sererentur:
763 3449 845 3513 sicut
868 3450 1012 3512 Graecus
1034 3465 1163 3531 quoquc
1186 3447 1283 3526 Po'e'ta
1306 3447 1468 3508 Homerus
1487 3456 1590 3530 poeta
1611 3459 1730 3511 tantum
1747 3452 1874 3532 dicitur,

560 3557 590 3607 ct
613 3543 755 3628 quisquis
778 3564 818 3606 ex
847 3543 992 3606 Homero
1021 3539 1140 3626 aliquid
1169 3539 1311 3619 profert,
1348 3537 1390 3602 ita
1415 3541 1518 3602 dicere
1541 3543 1728 3607 consueuit:
1756 3547 1876 3618 ,Helue

560 3659 684 3701 versmu
708 3639 804 3718 po'e'ta
826 3636 952 3698 locutus
976 3635 1069 3709 est'',
1107 3643 1138 3696 ct
1160 3645 1234 3694 tunc
1258 3653 1320 3695 non
1343 3633 1420 3696 alius
1442 3632 1627 3718 intelligitur
1649 3651 1780 3719 praeter
1802 3645 1877 3710 Ho-

559 3753 696 3807 merum,
734 3751 795 3795 non
830 3731 915 3812 quod
943 3727 1129 3792 ceterinon
1151 3726 1212 3790 sint
1235 3730 1371 3808 po‘c'tae,
1410 3730 1464 3791 scd
1487 3730 1573 3812 quod
1596 3732 1785 3798 excellentia
1809 3740 1876 3802 eius

559 3847 725 3890 commune
753 3847 868 3888 nomen
903 3823 996 3885 vertit
1025 3821 1056 3885 in
1085 3819 1263 3902 proprium.
1324 3820 1420 3884 Fiunt
1442 3843 1521 3885 vero
1544 3824 1621 3884 haec
1643 3825 1877 3905 cnthymemata

515 3925 621 3998 „hoc
643 3922 756 3991 modo,
796 3941 836 3981 ex
859 3915 1025 3980 contrariis
1049 3915 1191 3978 videlieet
1214 3925 1317 3978 texta:
1353 3918 1441 3978 hunc
1464 3929 1631 3992 metuere,
1669 3921 1822 3987 aiterum
1841 3927 1877 3988 in

558 4026 649 4078 metu
671 4034 894 4095 conponere,
922 4011 1005 4073 velut
1027 4009 1052 4072 si
1075 4011 1114 4071 de
1138 4010 1275 4073 Lentulo
1292 4021 1322 4073 et
1339 4009 1486 4094 Cethego
1503 4011 1679 4095 ceterisque
1702 4013 1876 4080 diceretur.

557 4112 689 4174 Paucos
719 4107 808 4169 ciues
836 4104 988 4183 interfici
1010 4104 1150 4176 metuis5
1182 4125 1302 4168 neres
1325 4106 1459 4188 publiea
1479 4105 1641 4182 intereat,
1673 4107 1761 4170 nihil
1780 4111 1877 4176 labo-

556 4223 627 4264 ros.
673 4198 861 4263 Conncxum
878 4199 997 4283 quippe
1019 4209 1077 4270 est,
1104 4209 1149 4270 ut,
1174 4195 1353 4283 quicunque
1376 4199 1475 4262 noluit
1490 4199 1619 4261 interire
1635 4219 1756 4280 paitcos
1772 4201 1875 4280 eires,

556 4317 621 4356 rem
645 4294 800 4374 publicam
825 4294 923 4355 multo
947 4294 1044 4373 magis
1066 4291 1145 4352 nolit
1169 4291 1341 4374 exstingui.
1395 4293 1517 4372 Quibus
1541 4315 1635 4377 quum
1659 4293 1877 4376 interponitur

514 4417 546 4466 p,
558 4387 702 4464 negatio.
737 4387 771 4448 lit
794 4408 834 4450 ex
857 4386 1103 4469 repugnantibus
1127 4397 1360 4468 argumentum.
1412 4389 1474 4450 Sed
1497 4387 1559 4450 boc
1582 4387 1725 4450 breviter
1748 4390 1875 4454 Trsllius

557 4480 751 4554 enuntiavit,
789 4502 846 4543 nos
870 4501 946 4543 vero
969 4491 1186 4562 argiriucntum
1210 4479 1239 4541 in
1262 4478 1479 4562 syllogismum
1504 4479 1700 4556 redigamus,
1736 4504 1753 4544 a
1778 4505 1876 4566 repu-

557 4575 724 4659 gnantibus
747 4575 885 4649 scilicet,
921 4597 961 4636 ex
994 4594 1058 4656 quo
1081 4575 1305 4653 enthymemata
1330 4573 1415 4636 nasci
1437 4573 1556 4649 solent,
1586 4574 1649 4636 hoc
1672 4578 1781 4640 modo.
1827 4579 1877 4642 Sit

556 4689 751 4730 connexum:
789 4667 924 4751 Siquis
946 4667 1064 4729 metuit
1086 4667 1174 4730 ciues
1192 4687 1320 4749 paucos
1340 4666 1510 4744 interfici,
1535 4667 1565 4730 is
1589 4669 1709 4730 metuit
1730 4670 1876 4735 interire

557 4762 832 4843 rempublicam.
879 4763 1096 4840 interponitur
1119 4763 1246 4834 negatio
1269 4760 1337 4824 sica
1370 4762 1505 4846 Siquis
1528 4763 1647 4826 metuit
1670 4761 1759 4827 ciues
1784 4787 1877 4848 prou·

513 4877 614 4935 „eos
643 4855 814 4934 interfici,
852 4855 884 4920 is
904 4877 971 4918 non
1001 4853 1120 4916 metuit
1151 4853 1293 4918 interire
1321 4857 1595 4938 rempublicam.
1641 4855 1792 4941 Iungitur
1815 4859 1877 4922 alia

557 4953 705 5027 negatio:
730 4950 831 5024 Non,
854 4949 885 5012 si
905 4949 982 5034 quis
1004 4949 1124 5011 metrsit
1142 4968 1273 5032 paucos
1295 4948 1380 5012 circs
1402 4948 1573 5027 interseri,
1598 4969 1666 5014 non
1683 4949 1805 5013 metuit
1824 4951 1876 5014 irr-

555 5042 659 5105 terire
674 5063 747 5105 rem
765 5041 947 5124 publicam.
993 5041 1082 5120 Quae
1098 5043 1176 5104 duae
1201 5041 1383 5127 negationes
1400 5043 1451 5105 sini
1467 5041 1666 5106 affirmationi
1681 5063 1775 5124 pares
1787 5056 1873 5118 stunt,

556 5155 635 5218 quae
653 5136 749 5202 dicit:
772 5136 907 5224 Siquis
930 5135 1048 5200 metriit
1070 5136 1152 5212 hoe,
1178 5135 1297 5202 metuit
1319 5147 1351 5200 et
1373 5135 1471 5204 illud.
1496 5135 1597 5202 Curitis
1612 5136 1736 5224 quidem
1753 5155 1876 5202 assum·
