4434 5959
926 595 1019 659 Llll.
1042 595 1072 659 Ι.
1608 589 1648 654 tt

347 741 459 807 Potest
497 747 603 801 tamen
639 734 739 800 eidem
774 735 986 810 substantiae,
1032 733 1065 798 id
1103 743 1170 810 eat,
1206 732 1308 810 lolio,
1345 731 1403 797 alia
1439 731 1571 816 qualitas
1597 749 1649 794 ae·

348 835 466 906 nidere,
506 851 588 914 quae
616 851 681 894 nora
709 831 750 892 ait
778 826 810 890 in
841 830 951 893 eodem
979 847 1115 912 genere,
1151 826 1269 912 inquo
1301 827 1402 910 prima
1435 827 1585 910 qualitas;
1622 822 1651 887 si

346 926 447 990 dieaaa
489 922 664 988 Foliorum
683 943 812 1006 genero
831 935 912 986 arant
938 921 1026 984 trio:
1057 932 1108 984 est
1138 921 1338 1004 oblongum,
1372 931 1423 984 est
1442 922 1568 992 latum,
1599 929 1650 982 eat

345 1019 563 1105 quadratum.
607 1016 734 1095 Quare,
764 1016 792 1079 si
809 1014 893 1078 eirea
922 1014 1052 1096 primam
1077 1013 1255 1097 qualitatem
1282 1031 1429 1076 numerus
1460 1009 1650 1075 delinitionis

345 1111 501 1185 varietur,
527 1107 633 1172 vidum
655 1118 723 1174 esta
744 1108 792 1172 sin
815 1119 917 1172 autem
932 1107 961 1169 in
978 1109 1086 1170 eadem
1102 1105 1273 1170 substantia
1294 1106 1377 1169 eirea
1396 1104 1470 1168 alias
1486 1104 1674 1188 qualitates5

346 1195 489 1268 numerus
509 1200 701 1266 delinitionis
723 1203 883 1274 varietur,
907 1221 970 1265 uon
990 1212 1038 1263 est
1054 1200 1183 1274 vitium,
1208 1211 1242 1262 ut
1263 1201 1314 1261 hle
1335 1199 1376 1262 ait
1391 1199 1545 1280 priuuuo:
1571 1217 1651 1258 cou-

346 1319 458 1365 aarum
480 1315 612 1378 genero
630 1293 701 1356 tria
721 1305 821 1365 suut,-
841 1314 932 1356 carisa
950 1294 1002 1355 hle
1019 1292 1191 1356 substantia
1214 1303 1279 1368 est,
1303 1291 1414 1354 accidit
1439 1291 1469 1354 ei
1491 1311 1550 1353 una
1574 1309 1652 1370 qua·

348 1388 428 1464 litas,
452 1397 490 1450 nt
509 1385 551 1450 sit
565 1386 870 1451 demonstrativum
890 1408 1002 1471 genus,
1026 1386 1292 1461 deliberativum,
1316 1384 1485 1448 iudiciale.
1529 1381 1651 1445 Deinde

348 1481 404 1544 aiu
433 1501 621 1546 warram
647 1502 776 1564 genero
801 1480 949 1565 quinque
980 1490 1073 1542 sunt.
1128 1479 1221 1542 Licet
1252 1481 1357 1542 eadem
1395 1478 1433 1540 sit
1459 1474 1650 1548 substantia,

270 1568 271 1597 ³
348 1575 404 1638 alia
424 1586 528 1636 tanen
545 1572 576 1636 ei
593 1573 728 1656 qualitas
754 1567 879 1636 aecidit.
931 1572 970 1635 ln
992 1571 1145 1635 iudiciali
1164 1570 1245 1634 enim
1264 1571 1332 1635 sive
1354 1569 1416 1634 alio
1442 1589 1559 1654 genere
1579 1588 1695 1644 carr-10

347 1687 396 1730 sae
406 1665 567 1730 invenitru
581 1677 613 1727 et
620 1665 786 1729 honestum
802 1685 915 1728 rarasae
931 1683 1030 1748 genus
1045 1674 1077 1726 et
1090 1663 1271 1727 admirabile
1283 1673 1314 1726 et
1326 1663 1441 1726 humile
1452 1675 1483 1726 et
1495 1683 1609 1743 auceps
1622 1673 1653 1724 et

349 1760 531 1824 obscurum.
574 1760 667 1843 Ergo
685 1757 803 1841 duplici
820 1761 884 1822 hoe
898 1761 993 1821 modo
1012 1778 1178 1839 possumus
1189 1757 1388 1838 iutelligere3
1410 1765 1464 1822 aut
1478 1757 1563 1839 quod
1577 1755 1654 1818 sub·

349 1853 477 1916 dantiae
501 1851 617 1914 multae
645 1872 740 1934 saepe
771 1851 915 1914 accidunt
938 1851 1122 1936 qualitatem
1158 1863 1211 1914 aut
1238 1852 1325 1934 quod
1354 1849 1468 1912 mtrltae
1488 1847 1654 1934 qualitates

349 1945 568 2008 substantiales
584 1955 674 2007 sunt:
705 1945 738 2008 id
755 1955 820 2020 est,
851 1946 938 2026 quod
962 1942 1008 2006 eis
1038 1943 1240 2026 qualitatibus
1266 1955 1399 2025 possunt
1416 1942 1494 2004 aliae
1512 1940 1655 2004 accidere

351 2038 526 2122 qualitates.
569 2039 614 2102 Ut
635 2039 686 2100 hle
703 2036 877 2102 substantia
899 2048 946 2100 est
967 2057 1079 2112 carisa,
1104 2035 1216 2100 accidit
1237 2057 1371 2114 causae,
1394 2047 1430 2100 ut
1451 2034 1491 2098 ait
1511 2033 1696 2110 indicioq,

349 2131 401 2194 lia.
444 2129 561 2213 Itaque
579 2128 752 2194 iaadieiffis
769 2129 901 2214 qualitas
919 2140 980 2193 est.
1023 2128 1146 2192 Rursus
1167 2129 1244 2192 haee
1267 2129 1333 2212 ipsa
1355 2128 1490 2214 qualitas
1509 2130 1656 2192 substan·

350 2222 429 2287 tialis
448 2235 511 2286 est.
554 2224 636 2286 Nam
659 2222 773 2287 accidit
793 2222 841 2298 ei,
864 2220 1060 2285 uthabeatin
1079 2242 1114 2283 se
1126 2231 1177 2284 aut
1188 2223 1353 2284 honestum
1370 2243 1481 2284 causae
1494 2229 1657 2305 genusaut

351 2313 530 2378 admirabile
541 2325 594 2376 aut
604 2314 719 2378 humile
730 2326 906 2397 autauoeps
915 2326 967 2377 aut
979 2315 1163 2377 obscurum.
1179 2315 1260 2378 Item
1271 2314 1303 2377 in
1314 2315 1529 2380 deliberativo
1540 2335 1657 2398 genere

351 2428 461 2472 mosae
484 2407 538 2470 vel
555 2406 819 2472 demonstrativo
839 2419 947 2490 potest
966 2407 1030 2469 hoe
1050 2405 1152 2489 ipsum
1174 2405 1313 2472 evenire.
1358 2409 1465 2490 Quare
1483 2409 1586 2474 nullus
1607 2410 1659 2472 hle

349 2522 442 2565 error
462 2511 511 2564 eat
530 2499 654 2584 generis
672 2521 834 2564 causarum
862 2499 945 2563 eirea
970 2497 1185 2563 definitionem
1207 2501 1347 2565 nuoreria
1382 2501 1410 2565 si
1435 2500 1559 2587 quidem
1581 2504 1699 2571 sub-2⁰
1811 2515 1814 2522 '

350 2595 481 2658 stantiae
501 2615 584 2656 nnnc
605 2593 711 2675 plures
730 2593 875 2657 accidunt
894 2591 1079 2677 qualitates,
1102 2603 1137 2656 ut
1159 2614 1253 2676 supra
1273 2594 1452 2668 docuimusa
1475 2615 1557 2656 nrrne
1578 2593 1656 2658 mul·

352 2698 400 2750 tae
415 2698 490 2750 sunt
512 2685 679 2770 qualitates
699 2685 936 2762 substantiales,
965 2683 997 2747 id
1024 2694 1090 2762 est,
1125 2685 1239 2770 quibus
1259 2699 1392 2769 possunt
1415 2685 1493 2752 aliae
1519 2687 1658 2752 inridere

351 2778 539 2864 qualitates,
562 2781 650 2864 quod
670 2780 814 2842 similiter
833 2800 929 2860 supra
953 2777 1128 2841 docuimus.
1172 2779 1265 2863 Ergo
1287 2779 1425 2865 quinque
1447 2802 1564 2866 genera
1580 2779 1659 2845 dixit

270 2934 271 2939 ,
349 2893 418 2936 esse
438 2891 625 2948 unaarum,
646 2872 830 2948 honestum,
863 2869 1065 2948 admirabile,
1087 2871 1227 2948 humile,
1256 2893 1391 2956 anceps,
1415 2877 1604 2940 obscuruma
1627 2885 1660 2937 et

350 2963 457 3028 delinit
479 2985 599 3048 genera
618 2964 700 3046 ipsa.
1667 2983 1701 3034 tt

430 3059 644 3131 Honestum,
678 3055 796 3139 inquit,
833 3078 1088 3142 emungentes
1103 3069 1175 3135 est,
1198 3059 1254 3122 eui
1270 3061 1386 3124 statim
1410 3059 1484 3124 siue
1505 3062 1659 3125 oratioue

350 3159 471 3213 noum
492 3147 666 3212 mediteris
674 3147 784 3240 fovet
802 3151 954 3230 unimus]
996 3151 1149 3216 Definitio
1176 3174 1260 3215 niune
1280 3175 1321 3216 ex
1342 3157 1436 3217 rebus
1458 3153 1554 3236 ipsis,
1577 3175 1660 3217 nune

352 3265 391 3306 ea
415 3251 532 3304 eventu
552 3260 657 3303 rerum
684 3242 860 3326 colligitur.
916 3243 985 3306 Has
1011 3241 1118 3326 itaque
1147 3244 1346 3310 definitiones
1380 3246 1498 3312 Cicero
1525 3268 1587 3312 uon
1619 3267 1661 3310 ex

351 3337 447 3400 rebus
468 3333 566 3416 ipsis,
588 3336 702 3398 seder
723 3346 838 3398 eventu
857 3357 962 3402 rerum
982 3336 1124 3422 colligit:
1146 3359 1241 3422 saepe
1259 3339 1339 3402 euim
1362 3340 1503 3404 honestis
1528 3344 1577 3404 vel
1596 3361 1660 3406 uon

352 3426 495 3491 bonestis
513 3446 677 3490 rumorum
701 3427 903 3510 opinionibus
928 3429 1099 3494 abutimur.
1143 3432 1187 3496 Et
1208 3429 1282 3517 quia
1301 3433 1422 3500 rumori
1446 3433 1540 3498 facile
1558 3433 1702 3505 credi-ao

352 3531 422 3596 tur,
445 3517 593 3602 pen-enit
614 3531 715 3583 autem
734 3540 844 3586 rumor
865 3542 964 3606 usque
985 3524 1025 3586 ad
1046 3523 1201 3588 iudicemr
1225 3535 1337 3590 orator
1358 3547 1458 3610 porro
1477 3530 1561 3610 apud
1578 3525 1660 3590 iudi·
1788 3559 1794 3574 ·

354 3635 419 3676 eem
446 3613 537 3696 agita
566 3614 746 3678 necessario
775 3635 839 3678 uon
867 3615 916 3678 rei
937 3616 1103 3680 honestum
1127 3616 1218 3703 sequi
1240 3605 1350 3694 debet,
1380 3623 1437 3683 sed
1460 3620 1660 3702 opinionem,

355 3727 435 3790 qnae
454 3704 547 3768 etiam
570 3704 663 3769 iudici
685 3717 759 3769 uota
782 3719 842 3771 est.
885 3709 979 3792 Ergo
1009 3708 1128 3774 Cicero
1151 3713 1316 3776 honesturn
1342 3725 1455 3776 causae
1478 3734 1577 3797 genus
1598 3733 1662 3776 non

356 3819 396 3862 ex
414 3801 512 3862 rebus
534 3797 695 3874 delinivit,
719 3801 776 3862 sed
793 3820 834 3862 ex
856 3813 971 3874 eventu
989 3823 1114 3879 rerum,
1138 3803 1193 3889 qui
1216 3815 1308 3868 notus
1327 3817 1375 3868 est
1398 3805 1504 3869 iudici.
1548 3809 1663 3870 Hone-

356 3901 464 3966 stum,
486 3891 605 3976 inquit,
628 3913 753 3956 curmae
767 3913 877 3977 genus
899 3906 970 3970 est,
992 3895 1049 3958 eui
1065 3896 1183 3960 atatim
1200 3897 1273 3962 siue
1289 3898 1445 3962 oratione
1462 3910 1581 3962 nostro
1599 3896 1662 3985 fo·
1672 3919 1704 3972 35
1721 3939 1725 3947 ι

357 3995 407 4046 aet
423 3983 596 4049 mediteris
613 3984 763 4048 mmaas.
809 3986 901 4071 Ergo
923 3987 951 4050 si
970 3999 1003 4051 et
1023 3987 1126 4050 statim
1148 3999 1180 4052 et
1193 3987 1261 4054 sine
1283 3990 1426 4056 oratione
1446 4003 1556 4054 nostra
1575 3990 1663 4054 lavet

354 4074 466 4152 iader,
491 4076 672 4159 opinionem
693 4078 853 4161 sequitur,
876 4079 907 4142 id
929 4092 995 4155 est,
1020 4093 1165 4145 eventum
1187 4103 1306 4147 rerum.

434 4168 646 4233 Adonis-obite
658 4181 728 4243 est,
751 4192 774 4233 u
789 4191 857 4255 quo
871 4183 923 4237 est
938 4173 1108 4238 alienam
1122 4175 1259 4241 animus
1275 4197 1412 4252 eorum,
1435 4176 1495 4261 qui
1509 4177 1665 4242 eradituri

354 4261 446 4342 saint]
496 4263 541 4326 Et
575 4263 653 4325 haee
684 4263 825 4328 delinitio
860 4267 900 4328 de
930 4266 1039 4332 animia
1078 4267 1215 4333 iudicum
1252 4281 1312 4334 est.
1364 4271 1558 4335 Admirabile
1593 4282 1661 4348 est,

356 4349 479 4437 inquit,
517 4376 631 4419 causae
664 4377 783 4438 genus,
825 4380 920 4442 quum
953 4360 980 4423 is
1010 4361 1207 4440 defenditur,
1242 4384 1335 4446 quem
1356 4365 1399 4427 ob
1422 4365 1663 4448 magnitudinem
1674 4378 1706 4430 tt

357 4445 490 4510 criminis
511 4447 634 4511 defendi
654 4449 772 4513 nullus
800 4472 896 4533 posse
931 4455 1092 4517 credebat.
1150 4453 1263 4540 ltaque
1290 4456 1342 4520 bie
1370 4455 1489 4522 iudices
1518 4459 1665 4523 benevoli

359 4535 487 4603 faciendi
508 4553 594 4605 sunt.

429 4789 455 4846 3.
473 4793 517 4837 eat
535 4785 635 4853 latram]
654 4799 693 4840 ee
711 4795 755 4838 eat
773 4787 887 4856 tongum
906 4789 958 4842 Cd.
979 4792 1038 4844 llas.
1059 4790 1113 4845 Oa.

429 4862 473 4918 15.
490 4859 648 4914 aabatnrata‘n
666 4869 711 4913 eat
727 4867 825 4932 came]
846 4865 928 4930 Vide,
949 4879 980 4918 nt
999 4862 1035 4922 τὸ
1052 4868 1210 4918 susbstantia
1230 4865 1335 4921 dicatur
1350 4867 1383 4922 de
1403 4868 1482 4923 rebus
1502 4877 1587 4926 etiarn
1601 4889 1666 4928 uro-

362 4929 476 4999 raltlana,
495 4951 565 5008 qnae
584 4950 659 4988 mera
680 4935 807 4990 stdenrnr
825 4939 997 5004 accidentia,
1017 4944 1040 4993 at
1060 4943 1268 5017 ᾳιλοσοᾳικῶς
1286 4943 1439 5015 loquamur.
1460 4947 1546 5001 Cara.

431 5013 480 5066 27.
497 5029 535 5064 :.·
545 5010 640 5080 sanet
657 5011 798 5064 auditoris
814 5019 924 5066 animus
943 5014 991 5068 Cd.
1011 5009 1073 5073 baa.
1093 5011 1146 5070 (lat.

412 5144 417 5155 ,
438 5099 604 5158 &asama
618 5102 663 5145 oa
679 5103 726 5145 va
741 5101 766 5143 v.
780 5102 801 5145 ι.
1396 5109 1416 5173 4
