4434 5959
528 620 590 683 ros
998 707 1000 712 Ι
1032 620 1315 687 vlceonmns

526 759 635 821 mentis
656 781 749 842 quirem
772 759 970 826 adversarius
990 765 1199 846 quodeunque
1221 759 1281 823 sibi
1301 762 1339 822 ad
1361 759 1450 821 iidem
1472 758 1667 840 sumpserit,
1690 772 1723 823 tu
1746 782 1824 825 con-

526 853 615 916 tinno
637 853 730 914 certis
753 852 852 915 modis
872 855 993 934 poteris
1013 854 1259 936 reprehendere;
1295 874 1374 933 qrios
1405 854 1516 915 urodos
1538 875 1554 913 a
1577 851 1732 917 Cicerone
1756 865 1823 915 tra·

398 1011 403 1021 ,
526 944 609 1009 ditos
642 947 672 1006 in
702 945 823 1023 singula
851 958 986 1029 sumptu
1016 947 1267 1029 reprehendenda
1296 945 1462 1031 diligenter
1487 948 1634 1009 debemus
1662 950 1824 1009 attendere

527 1050 620 1122 atque
642 1037 789 1102 retinere.
1611 1038 1614 1053 '

503 1133 517 1179 ⁵
608 1133 709 1213 Quod
726 1153 792 1212 pro
812 1134 963 1196 credibili
983 1130 1154 1215 scripptum
1180 1132 1265 1204 erit,
1288 1132 1326 1195 id
1346 1132 1596 1207 infirmabitur,
1619 1130 1650 1193 si
1671 1142 1732 1193 eret
1743 1154 1825 1211 per·-

526 1225 639 1306 spicue
659 1222 893 1305 fulsum‘erit‚
924 1230 986 1290 lroc
1004 1228 1122 1291 modos
1158 1226 1260 1287 Nemo
1282 1233 1330 1287 est
1351 1225 1429 1303 ceu]
1480 1224 1682 1287 Enumeravit
1702 1235 1824 1301 septem

526 1338 594 1379 esse
615 1328 764 1396 sumpta.
808 1320 900 1381 Nune
922 1322 1016 1383 docet
1036 1340 1130 1383 mmm
1153 1320 1301 1401 quodque
1321 1328 1494 1399 sumptum
1508 1328 1585 1400 quot
1601 1316 1697 1379 modis
1712 1337 1826 1397 repre·

525 1408 619 1471 hendi
640 1409 757 1490 possit:
782 1422 851 1473 eta
873 1411 1031 1492 probabili
1053 1422 1239 1497 argumento
1260 1410 1386 1492 incipit,
1411 1410 1440 1473 in
1462 1431 1525 1493 qim
1552 1419 1701 1494 quattuor
1720 1409 1827 1477 conti·-¹

526 1513 657 1575 nentur,
686 1503 853 1580 credibile,
887 1506 1027 1587 signum,
1060 1504 1290 1585 comparabile,
1323 1503 1503 1566 indicatum.
1546 1502 1675 1584 ltaque,
1697 1500 1823 1583 inquit,

435 1594 442 1604 '
486 1592 553 1657 rosi
574 1592 690 1675 aliquid
711 1597 750 1656 ab
771 1599 953 1661 adversario
975 1620 1037 1679 pro
1058 1598 1199 1661 credibili
1215 1610 1400 1681 argumento
1416 1598 1510 1659 luerit
1525 1596 1705 1678 prolatum,
1730 1595 1825 1677 qusin-

526 1707 588 1767 que
608 1685 640 1747 id
662 1688 761 1749 modis
783 1710 948 1769 possunms
969 1694 1220 1773 reprehenderes
1243 1690 1269 1753 si
1289 1703 1354 1765 aut,
1382 1689 1498 1774 inquit,
1523 1691 1611 1772 quod
1630 1686 1763 1751 solidum
1784 1710 1825 1751 ac

525 1778 658 1859 primum
681 1791 727 1841 est
748 1794 981 1864 argumentum,
1011 1784 1112 1865 ipsum
1133 1784 1243 1847 salsum
1267 1805 1333 1847 esse
1355 1786 1539 1847 doceamus:
1563 1792 1617 1844 aut
1637 1780 1663 1843 si
1684 1802 1725 1843 es
1744 1802 1826 1845 coo·

525 1871 620 1933 traria
637 1893 764 1955 quoque
779 1885 866 1954 parte
883 1876 1032 1940 credibile
1046 1899 1115 1940 esse
1129 1888 1355 1940 monstremus:
1380 1888 1433 1939 aut
1454 1876 1479 1938 si
1500 1875 1626 1937 omnino
1642 1873 1700 1937 crit
1719 1874 1826 1937 iocre·

526 1963 640 2025 dibile:
678 1977 729 2025 arri
755 1966 782 2026 si
813 1966 843 2028 in
873 1990 913 2031 eo
948 1970 999 2044 id,
1036 1975 1122 2052 qnod
1144 1992 1314 2050 paucorum
1337 1982 1404 2043 est,
1427 1967 1573 2032 omnium.
1589 1986 1657 2028 esse
1679 1966 1822 2029 dicatur:

485 2067 579 2125 escrit
594 2055 621 2117 si
641 2056 697 2132 id,
719 2060 803 2138 quod
824 2080 898 2122 roro
921 2061 1090 2144 contingit,
1114 2064 1183 2127 lieri
1205 2062 1331 2126 omnino
1353 2065 1538 2145 denegetur.
1596 2060 1720 2123 Falsum
1753 2070 1834 2145 cst,

503 2150 612 2229 ‘quod
633 2148 664 2210 in
691 2171 726 2211 re
747 2151 858 2213 salsum
881 2164 928 2214 est
960 2166 992 2217 et
1012 2160 1099 2239 qrrod
1121 2156 1247 2219 omnino
1271 2156 1359 2217 aliter
1382 2176 1450 2218 esse
1478 2151 1709 2223 contendiruus,·
1741 2150 1825 2213 sicut

525 2239 594 2320 ipse
608 2240 649 2302 ait
663 2262 672 2303 a
695 2244 806 2306 Nemo
826 2258 889 2321 est,
914 2246 974 2329 qui
987 2269 1055 2311 non
1074 2248 1252 2331 pecuniam
1269 2268 1371 2331 quum
1381 2246 1582 2329 sapientium
1596 2246 1703 2310 malit.
1738 2246 1825 2309 'Hoc

524 2332 628 2415 itaque
656 2333 766 2396 salsum
794 2348 860 2400 est:
897 2350 931 2400 ut
961 2341 1051 2402 etiem
1080 2342 1109 2405 si
1132 2362 1209 2404 unus
1237 2341 1330 2404 inerit
1357 2340 1521 2415 inventus,
1560 2338 1612 2421 qui
1640 2336 1824 2417 sapientiam

525 2427 629 2501 malit,
652 2441 867 2509 argumentum
890 2434 1061 2497 adversarii
1082 2436 1195 2499 falsum
1216 2454 1285 2497 esse
1308 2430 1439 2496 dicatur.
1483 2435 1535 2497 Ex
1555 2428 1717 2494 contrario
1740 2450 1825 2513 quo-

483 2538 587 2602 mque
608 2520 757 2585 credibile
780 2523 860 2597 erit,
882 2525 910 2587 si
931 2527 1006 2610 qrrid
1026 2530 1065 2589 ab
1087 2527 1274 2591 adversariis
1297 2548 1356 2607 pro
1378 2525 1518 2590 credibili
1541 2524 1715 2607 prolatum,
1740 2522 1823 2585 nihi·

513 2612 660 2676 ¹lominus
687 2615 837 2679 credibile
866 2618 926 2695 sit,
959 2619 987 2682 si
1015 2632 1239 2691 concertatum
1273 2631 1306 2681 ιιι
1327 2631 1422 2701 puta:
1458 2619 1545 2702 Quis
1562 2627 1631 2691 est,
1668 2616 1726 2699 qui
1752 2636 1824 2679 uon

524 2704 633 2791 officii
653 2708 807 2788 cupidior
830 2710 877 2773 sit
907 2734 1011 2795 quom
1038 2712 1226 2795 pecuniae.q
1258 2713 1332 2777 Hoc
1361 2712 1467 2795 artique
1496 2712 1535 2773 ab
1557 2708 1737 2773 adversario
1759 2730 1823 2789 pro

524 2798 666 2862 credibili
700 2802 855 2880 prolatum
877 2815 943 2879 est,
977 2808 1064 2889 quod
1084 2826 1271 2869 conversum
1304 2802 1504 2867 nibilominus
1526 2800 1675 2865 credibile
1698 2814 1762 2874 este
1794 2802 1824 2865 si

524 2892 626 2953 dieas:
651 2893 737 2975 Quis
757 2907 827 2969 est,
848 2896 908 2978 qui
926 2918 993 2961 non
1008 2898 1171 2980 pecuniae
1195 2896 1351 2980 cupidior
1372 2897 1417 2960 sii
1437 2917 1539 2979 quam
1567 2892 1700 2982 officiii,
1728 2897 1823 2977 Ergo

481 2995 514 3060 25
524 2984 674 3048 credibile
695 2989 953 3067 reprehenditur,
990 2994 1076 3074 quod
1104 3012 1144 3054 ex
1175 2989 1333 3054 contraria
1355 3000 1669 3071 praeconiorum,
1708 2988 1822 3053 nibilo-

523 3078 625 3141 minus
657 3080 804 3144 credibile
838 3092 947 3164 potest
978 3084 1091 3149 videri.
1148 3082 1335 3147 incredibile
1363 3094 1466 3145 aetem
1494 3080 1632 3156 dicotur,
1667 3084 1753 3163 quod
1781 3082 1822 3141 ab

523 3172 682 3235 hominum
705 3173 853 3255 opinione
874 3176 1026 3242 dissentit.
1083 3179 1127 3241 Et
1148 3178 1212 3241 boo
1232 3176 1373 3240 intererit
1393 3176 1474 3239 inter
1501 3176 1610 3237 laisum
1633 3184 1665 3235 et
1685 3171 1824 3235 incredi-

522 3264 604 3342 bile,
629 3271 716 3349 quod
736 3268 845 3332 laisum
868 3270 898 3334 io
920 3270 988 3353 ipsa
1008 3292 1044 3334 re
1065 3283 1132 3335 est:
1154 3270 1334 3335 incredibile
1359 3290 1436 3333 vero
1457 3269 1488 3331 io
1504 3266 1664 3349 opinione.
1708 3267 1822 3357 Itaque

524 3357 648 3441 (inqiut)
669 3358 849 3424 incredibile
871 3375 937 3437 est,
961 3376 995 3426 ut
1016 3377 1090 3444 puta
1112 3364 1138 3427 si
1159 3385 1273 3427 avertis
1294 3364 1415 3427 dicatur
1434 3358 1598 3427 mediocris
1620 3358 1714 3423 officii
1729 3380 1824 3423 causa

452 3499 455 3510 .
482 3464 515 3514 ιο
525 3455 686 3514 inanimam
709 3453 870 3533 pecuniam
893 3456 1139 3539 contempsisse:
1162 3458 1223 3519 boc
1244 3455 1348 3539 itaque
1370 3457 1452 3535 apud
1466 3453 1643 3534 opinionem
1659 3452 1822 3517 bominum

525 3544 611 3609 credi
631 3566 693 3609 non
715 3560 832 3627 potest.
877 3550 1010 3629 Quando
1034 3549 1115 3613 enim
1138 3570 1253 3613 avarus
1276 3544 1447 3611 inaximarn'
1459 3546 1619 3628 pecuniam
1642 3556 1824 3609 contenme-

523 3651 574 3702 ret
605 3639 771 3703 mediocris
806 3641 899 3705 officii
934 3664 1045 3716 cansa,
1082 3641 1137 3725 qrri
1170 3644 1212 3711 ob
1245 3662 1372 3723 parvam
1402 3640 1562 3723 pecuniam
1598 3658 1691 3719 saepe
1720 3638 1824 3705 officis

523 3753 637 3811 niagna
659 3734 852 3797 contemnit?
873 3737 960 3799 luter
980 3735 1092 3800 salsum
1115 3746 1146 3797 et
1160 3733 1342 3798 incredibile
1363 3736 1425 3798 hoc
1439 3734 1585 3811 interest;
1608 3731 1822 3813 quodfalsum

524 3838 556 3889 et
577 3826 725 3890 credibile
746 3849 814 3891 esse
835 3840 940 3909 potest
961 3841 992 3891 et
1020 3828 1222 3891 incredibile:
1261 3827 1390 3901 deinde,
1428 3828 1514 3909 quod
1545 3825 1723 3887 incredibile
1752 3836 1821 3899 cst,

482 3932 513 3980 :ts
526 3939 633 3981 vermo
656 3942 724 3983 esse
745 3933 852 4003 potest
871 3934 903 3985 et
924 3922 1048 3985 lalsnm.
1104 3922 1168 3984 Sed
1191 3941 1297 3984 verum
1320 3920 1435 4001 duplex
1456 3930 1522 3992 est3
1558 3918 1708 3991 nuncid,
1732 3919 1822 3998 qrmd

523 4032 600 4074 vere
621 4025 742 4097 gestum
764 4026 829 4089 est;
858 4017 1008 4090 nuncid,
1046 4017 1132 4097 qnod
1153 4034 1229 4078 rere
1252 4024 1374 4096 gestum
1397 4033 1465 4075 esse
1487 4011 1670 4095 qrribusdam
1690 4010 1823 4073 rationi-

523 4106 582 4167 bus
603 4109 809 4189 approbatur.
853 4108 963 4191 linque
985 4129 1098 4190 saepe,
1123 4108 1208 4189 quod
1229 4126 1338 4170 verum
1361 4116 1424 4179 est,
1446 4105 1518 4188 qrria
1539 4106 1648 4169 laisum
1672 4124 1740 4169 esse
1755 4126 1822 4169 ooo

522 4210 649 4279 potest,
685 4200 864 4263 incredibile
885 4214 945 4265 est.
999 4204 1120 4265 Verum
1150 4211 1199 4265 est
1227 4198 1318 4272 enim,
1349 4200 1435 4282 quod
1464 4196 1573 4261 Simon
1596 4198 1733 4263 volavit:
1768 4200 1826 4260 sed

522 4300 624 4354 tameo
646 4292 827 4356 incredibile
849 4307 909 4359 est.
964 4294 1085 4359 Deinde
1113 4292 1140 4356 si
1160 4288 1265 4355 dicas:
1297 4296 1370 4359 Uno
1392 4292 1446 4355 die
1466 4292 1553 4353 duas
1575 4290 1826 4354 controversias

481 4386 727 4468 superscripsi,
751 4410 845 4471 quum
864 4409 927 4452 nou
949 4387 1191 4470 perscripserim
1214 4386 1246 4449 iu
1266 4407 1301 4448 re
1323 4384 1447 4468 'quidem
1468 4384 1599 4447 salsum:
1630 4385 1687 4446 sed
1707 4394 1824 4461 tanuen,

615 4638 642 4688 8.
661 4638 688 4681 et
707 4649 725 4681 a
741 4630 878 4699 probabili
896 4636 1074 4699 argumento]
1114 4630 1225 4685 Editum
1252 4646 1309 4683 erat
1329 4628 1410 4681 olim:
1442 4634 1485 4680 ito
1500 4628 1638 4699 probabili
1656 4638 1825 4697 argumento

522 4702 570 4756 ard
589 4704 750 4757 basileensis
771 4707 901 4758 editionis
919 4706 1069 4759 lectionem
1082 4723 1191 4759 securus
1211 4724 1280 4758 ιιιιιι.
1301 4706 1381 4757 Care.
1420 4704 1530 4757 Rectam
1548 4704 1614 4757 lect.
1628 4704 1728 4757 babent
1741 4708 1826 4759 etlam

524 4778 593 4832 Cod.
612 4782 675 4833 Βιι.
695 4784 757 4833 Aac.
777 4780 830 4832 On.

598 4856 642 4911 111.
662 4854 833 4924 incredibile]
853 4854 900 4906 sic
919 4852 969 4909 Cd.
989 4855 1050 4908 Bas.
1069 4859 1134 4910 Ate.
1154 4853 1194 4909 St.
1216 4852 1274 4909 ΔΜ.
1293 4882 1331 4895 -
1348 4853 1478 4905 credibile
1498 4854 1583 4925 Capp.
1603 4856 1656 4909 Oa.

597 4937 641 4986 17.
660 4944 697 4980 ω
714 4934 778 4999 qraiu
794 4947 854 4999 pcc.
874 4928 921 4982 (Ἀ.
941 4930 1004 4982 Bri.

597 5010 642 5059 at.
661 5003 713 5072 sit]
732 5002 782 5055 ed.
802 5006 862 5056 Bas.
883 5007 945 5056 Διο.
967 5002 1006 5057 St.
1029 5002 1089 5057 ati.
1109 5032 1147 5045 —
1157 5002 1201 5073 fit
1220 5002 1307 5074 Capp.
1329 5002 1382 5055 Οιι.

597 5082 633 5132 22
652 5077 831 5147 :cupidior
850 5096 930 5145 priam
946 5086 1079 5147 pecuniae
1097 5084 1137 5129 ,rit
1156 5076 1222 5131 eod.
1244 5080 1306 5131 uss.
1327 5080 1388 5131 Aac.
1735 5130 1740 5135 ,

596 5156 641 5212 38.
662 5153 759 5208 Simon
777 5152 892 5224 Magus,
912 5152 945 5206 de
965 5170 1019 5224 quo
1032 5151 1165 5210 eiusmodi
1179 5156 1340 5225 praestigiae
1354 5150 1506 5207 referuntur
1517 5153 1546 5206 io
1560 5148 1748 5211 Clementioir.
1770 5150 1823 5206 Oa.
