4434 5959
550 631 591 695 Π
968 574 971 580 A
1057 629 1345 698 VICTORINUS

550 775 644 856 quod
658 773 693 838 in
711 774 837 846 nomine
866 799 908 842 ex
934 793 1016 843 sono
1043 772 1116 856 ipso
1143 769 1274 836 nominis
1297 771 1473 854 colligimus
1496 781 1729 856 argumentum
1760 782 1795 832 nt
1817 791 1862 833 ex

551 871 678 944 Verre,
716 873 804 952 quod
823 881 957 935 esserra:
976 865 1185 952 provinciam.
1242 866 1280 929 ln
1308 876 1419 927 natsma
1446 877 1547 928 erstem
1577 885 1640 928 non
1662 879 1700 928 cs
1724 865 1861 930 nominis

547 979 649 1034 sone,
685 965 743 1025 sed
770 983 812 1028 ex
840 964 908 1027 eius
939 973 1010 1028 actu
1039 963 1091 1025 rel
1114 961 1272 1032 moribus,
1311 959 1397 1020 cuius
1431 979 1544 1022 nomen
1573 971 1637 1031 est,
1676 959 1860 1042 colligimus

549 1066 778 1139 argumentum.
821 1056 946 1120 Etenim
962 1079 1057 1141 quum
1073 1054 1204 1116 dicimus
1222 1051 1550 1126 Laomedontiadas,
1574 1053 1605 1114 in
1623 1073 1703 1116 sono
1723 1053 1859 1116 nominis

523 1147 628 1211 tnilsil
646 1160 710 1222 est;
745 1147 777 1211 iu
799 1161 873 1212 actu
893 1161 996 1214 antem
1019 1145 1246 1211 Laomedontis
1267 1145 1417 1225 perfidiae
1446 1145 1583 1226 positum
1611 1157 1659 1208 cst
1688 1167 1859 1230 argumen-

547 1249 627 1304 tutu.
670 1241 814 1306 Aetatem
833 1254 954 1318 autem,
977 1240 1096 1323 inqsrit,
1128 1240 1283 1320 inspicere
1305 1239 1469 1311 debemus,
1495 1250 1595 1300 utrum
1618 1259 1698 1317 puer
1720 1241 1784 1312 sit,
1817 1261 1857 1302 an

549 1333 719 1418 grandior,
742 1355 781 1396 au
803 1355 925 1397 senex:
945 1346 980 1398 nt
1001 1334 1176 1416 cuicunque
1198 1331 1292 1411 aetati
1314 1331 1429 1393 crimen
1453 1333 1539 1413 qsrod
1558 1331 1679 1413 agitur,
1703 1345 1757 1394 aut
1778 1355 1859 1396 con-

546 1425 657 1488 venire
685 1437 739 1489 ant
759 1446 822 1489 non
852 1427 1022 1491 convenire
1044 1429 1225 1489 doceamus.
1280 1426 1369 1486 Haec
1390 1427 1427 1484 de
1454 1423 1516 1500 bis,
1551 1445 1631 1507 qliae
1659 1426 1857 1489 extrinsecus

547 1529 637 1592 sunt,
661 1530 876 1601 quaetautum
899 1531 1029 1582 naturae
1054 1529 1140 1581 scant.
1184 1519 1277 1580 Nunc
1301 1515 1386 1578 venit
1405 1519 1443 1576 ad
1467 1537 1522 1592 ea,
1553 1537 1632 1598 quiae
1654 1519 1800 1600 eorporis
1823 1529 1858 1580 ct

507 1617 539 1667 1⁰
550 1610 641 1674 animi
663 1623 735 1676 sunt
755 1623 788 1676 et
808 1633 888 1698 quae
908 1625 971 1674 tam
993 1625 1122 1675 natiuae
1145 1631 1237 1692 quam
1260 1609 1439 1690 disciplinae
1459 1631 1526 1672 esse
1541 1623 1685 1692 possunt.
1729 1613 1857 1674 Etenim

547 1703 703 1770 interdum
733 1727 790 1788 per
810 1727 844 1770 se
866 1705 997 1769 multum
1019 1707 1104 1769 valet
1125 1716 1256 1778 natura,
1288 1703 1439 1765 interdum
1464 1704 1564 1766 tenuis
1586 1715 1617 1766 ct
1637 1703 1759 1768 infirma
1781 1716 1854 1768 est:

548 1787 710 1881 disciplin’a
738 1799 818 1862 enim
846 1799 899 1862 vel
926 1820 986 1862 usu
1013 1820 1109 1879 saepe
1132 1809 1280 1860 mutatur.
1341 1798 1514 1860 Euomeret
1534 1797 1659 1882 itaque,
1693 1795 1772 1880 qrsae
1794 1798 1856 1861 ista

548 1892 610 1954 sint
632 1890 731 1954 veluti
750 1889 943 1964 communia,
967 1903 1002 1954 ut
1023 1893 1275 1966 consideremus,
1306 1902 1411 1952 utrum
1434 1890 1546 1974 aliquis
1569 1891 1674 1952 valens
1697 1913 1734 1954 an
1757 1893 1858 1955 imbe-

548 1983 627 2046 cillis
648 1984 705 2058 sit3
738 1984 854 2068 longus
875 2005 915 2046 an
937 1985 1061 2058 breris;
1097 1985 1260 2048 formosus
1282 2007 1319 2048 au
1343 1984 1511 2059 deformisr
1546 1985 1642 2047 velox
1665 2005 1704 2047 an
1726 1987 1857 2058 tardus;

507 2079 627 2143 isbaee
655 2075 759 2141 emnia
785 2077 933 2160 corporis
961 2091 1054 2140 siunt:
1093 2101 1173 2162 quiae
1201 2078 1292 2142 facilc
1322 2081 1459 2142 videmus
1487 2099 1580 2160 saepe
1606 2078 1785 2142 hominibus
1815 2099 1858 2140 ex

548 2182 675 2246 natura,
699 2191 793 2252 saepe
815 2191 857 2233 ex
878 2181 946 2232 arte
968 2172 1168 2255 contingere.
1219 2173 1363 2250 Deinde,
1386 2171 1505 2256 inqrsit,
1529 2174 1677 2234 debemus
1699 2170 1858 2253 inspicere

548 2283 670 2326 memor
690 2285 730 2326 an
751 2263 925 2328 obliviosus
947 2264 1006 2340 sit;
1027 2267 1142 2340 comis,
1169 2265 1346 2344 officiosus,
1370 2269 1527 2348 prudens,
1552 2265 1691 2346 patiens,
1714 2287 1751 2326 an
1778 2285 1858 2328 eon-

547 2366 616 2419 tra:
652 2357 732 2420 haec
753 2379 863 2421 rursus
891 2357 994 2422 emnia
1018 2358 1110 2422 animi
1131 2370 1223 2422 sunt:
1260 2380 1340 2442 qrrae
1366 2357 1508 2421 similiter
1540 2358 1680 2421 videmus
1716 2369 1777 2421 ῑιιιι
1815 2381 1859 2421 ex

548 2460 659 2513 natma
681 2451 771 2515 nobis
786 2470 878 2535 quam
898 2464 1022 2515 exarte
1039 2450 1224 2534 provenire.
1269 2455 1389 2516 Verum
1406 2463 1515 2514 essueta
1532 2451 1607 2526 ista,
1631 2451 1749 2532 inquit,
1774 2471 1858 2532 qtsae

505 2542 642 2612 unanimi
662 2555 693 2606 et
715 2542 862 2626 corporis
882 2557 974 2620 sunt,
998 2565 1185 2630 qsramquam
1207 2565 1300 2626 saepe
1322 2567 1363 2608 ex
1384 2545 1546 2626 disciplina
1568 2545 1619 2606 vel
1641 2555 1709 2608 arte
1730 2543 1858 2608 contin·

548 2647 643 2720 gant,
665 2648 768 2702 tamen
790 2637 895 2722 qinalia
915 2637 971 2702 vel
992 2651 1107 2721 quanta
1129 2639 1212 2714 sint,
1236 2659 1299 2702 non
1321 2637 1380 2701 nisi
1400 2639 1431 2700 in
1447 2637 1515 2700 sola
1530 2647 1638 2700 natura
1655 2637 1859 2700 considerare

549 2731 708 2794 debemus.
761 2733 810 2794 Ea
830 2744 953 2810 antem,
987 2751 1068 2817 qliae
1097 2730 1249 2798 industria
1277 2741 1516 2813 comparantur,
1549 2725 1582 2792 in
1609 2727 1715 2794 babitu
1740 2729 1859 2794 rectius

549 2823 829 2889 considerabimus.

631 2921 673 2984 In
693 2918 784 2982 nictu
800 2918 1019 2983 considerare
1039 2933 1190 3004 opertas,
1213 2920 1307 3004 apud
1331 2940 1418 3004 quos
1439 2931 1472 2983 et
1496 2940 1564 3003 quo
1586 2939 1681 2982 more
1701 2931 1734 2982 et
1758 2921 1860 2985 errius

505 3011 717 3086 25arbitrotu
734 3012 780 3076 ait
797 3013 976 3095 educatus]
1021 3014 1136 3078 Victus
1157 3013 1294 3077 hominis
1311 3024 1360 3075 est
1377 3033 1469 3077 omne
1484 3013 1560 3074 illud
1579 3023 1700 3093 tempus
1717 3034 1735 3074 a
1749 3016 1861 3094 pueri·

547 3105 591 3169 tia
612 3125 713 3190 usque
739 3104 849 3184 adid,
887 3109 974 3190 quod
995 3108 1078 3192 agit;
1110 3108 1216 3190 itaque
1246 3105 1445 3170 considerare
1476 3107 1643 3179 debemus,
1681 3127 1743 3170 non
1772 3111 1861 3190 apud

548 3218 630 3282 quos
651 3210 742 3260 nabis
763 3199 804 3262 sit
825 3202 926 3284 (quod
946 3213 1076 3262 naturae
1096 3204 1176 3280 est),
1217 3203 1274 3264 sed
1298 3201 1380 3282 apud
1401 3199 1543 3283 quassit
1573 3200 1740 3274 educatus,
1775 3205 1862 3264 unde

547 3292 657 3372 incipit
672 3292 785 3355 rictus.
816 3293 920 3374 Apud
933 3314 1031 3376 praes,
1055 3293 1172 3379 inquit:
1197 3295 1327 3358 interest
1343 3293 1422 3357 enim
1439 3293 1591 3375 inspicere
1606 3291 1731 3355 illerum
1746 3293 1860 3372 vitam,

548 3388 631 3466 apud
653 3405 735 3467 quos
757 3387 904 3449 educatus
926 3387 984 3450 sit:
1008 3409 1050 3450 ex
1069 3389 1119 3450 his
1140 3387 1220 3450 enim
1243 3387 1367 3450 vivendi
1389 3387 1493 3467 potuit
1513 3406 1628 3467 capere
1650 3385 1859 3466 disciplinam.

507 3477 612 3549 soSed
633 3478 706 3561 qssia
727 3479 868 3541 homiues
885 3478 1058 3556 interdum,
1081 3501 1144 3544 non
1168 3493 1202 3542 ut
1223 3480 1354 3555 velient,
1379 3482 1529 3554 educant,
1553 3480 1655 3561 aliqua
1671 3479 1860 3544 necessitate

548 3568 721 3650 compulsi,
744 3569 877 3653 (quiippe
898 3581 931 3634 et
950 3572 1128 3639 severiores
1150 3593 1243 3653 saepe
1265 3571 1447 3636 dissolutius
1470 3584 1501 3634 et
1523 3571 1740 3635 dissolutiores
1761 3595 1860 3653 saepe

548 3664 691 3726 severius
718 3665 865 3741 educant)
892 3676 981 3727 reete
1008 3668 1219 3749 quaerendum
1251 3665 1324 3728 dicit
1353 3687 1416 3728 non
1444 3665 1546 3728 solsim
1574 3668 1658 3747 apud
1679 3688 1758 3750 qsros
1780 3669 1860 3730 edu·

548 3769 637 3820 catus
658 3755 717 3832 sit,
740 3760 796 3820 sed
817 3757 909 3820 etiam
930 3779 998 3842 quo
1018 3781 1114 3823 more
1130 3762 1277 3821 educatus
1292 3759 1344 3821 sit.
1389 3757 1530 3832 Deinde,
1555 3757 1676 3840 inquit,
1701 3758 1860 3840 inspicere

548 3851 708 3928 debemus,
732 3852 772 3913 ad
792 3850 880 3914 euius
900 3851 1063 3914 arbitrium
1084 3852 1126 3917 sit
1140 3855 1309 3927 educatus,
1332 3853 1365 3914 id
1379 3861 1427 3914 est
1441 3851 1549 3932 patris,
1573 3851 1688 3932 patrui,
1713 3852 1858 3935 cognati,

508 3943 589 4015 siau
610 3941 782 4006 alienior-is.
826 3942 1123 4010 Animadvertamus
1143 3946 1268 4030 itaque,
1299 3957 1333 4007 ut
1356 3945 1455 4008 victus
1477 3965 1494 4006 a
1516 3944 1626 4026 primis
1648 3945 1735 4008 annis
1757 3967 1860 4028 nsque

550 4041 590 4101 ad
610 4049 727 4100 aetates
749 4036 825 4100 alias
847 4041 1131 4129 protestaremur
1154 4037 1250 4113 dixit,
1274 4037 1378 4119 primo
1402 4039 1632 4122 qssaerendum,
1654 4039 1861 4121 quemadmo-

550 4134 621 4195 dum
648 4130 688 4193 sit
710 4132 878 4204 educatum
907 4131 989 4205 boe,
1019 4130 1324 4216 quaemadmodum,
1353 4129 1384 4192 in
1406 4131 1465 4192 tria
1488 4129 1612 4202 divisit;
1635 4131 1729 4212 apud
1751 4152 1859 4214 quos,

481 4281 488 4290 .
548 4245 617 4308 quo
638 4245 752 4300 more,
786 4224 884 4287 casius
911 4224 1094 4287 arbitratu.
1138 4223 1262 4288 Deinde
1291 4225 1440 4287 educatus
1472 4245 1553 4305 puer
1583 4223 1666 4285 solet
1694 4223 1861 4287 discendas

548 4317 659 4380 literas
680 4315 788 4380 sortiri
809 4319 996 4402 easdemque
1023 4317 1182 4382 liberales.
1235 4319 1348 4400 ltaque
1369 4317 1425 4402 qui
1445 4316 1590 4380 liberales
1612 4316 1719 4380 literas
1748 4317 1859 4394 discit,

509 4424 541 4474 tt
552 4411 693 4492 duplices
713 4411 830 4473 babere
844 4412 940 4476 debet
951 4410 1140 4494 magistros,
1164 4409 1217 4496 quai
1238 4411 1353 4474 faciant
1374 4412 1475 4473 virum
1489 4412 1605 4475 bonrum
1621 4421 1652 4472 et
1668 4409 1722 4492 qui
1742 4410 1862 4473 iaciant

551 4503 675 4567 dicendi
705 4503 839 4585 peritum
872 4515 903 4568 et
924 4504 976 4568 bis
1008 4507 1132 4568 duobus
1160 4507 1287 4588 plenum
1317 4516 1490 4568 oratorem.
1540 4505 1643 4568 Recte
1664 4523 1744 4588 erge
1766 4501 1861 4566 ctiam

549 4597 614 4663 hoc
634 4600 866 4680 quaerendum,
889 4619 976 4682 quos
992 4598 1150 4662 babuerit
1169 4597 1299 4661 artium
1323 4598 1514 4662 liberalium
1536 4595 1740 4680 magistros,
1774 4617 1863 4679 quos

550 4691 683 4754 uiuendi
700 4704 952 4774 praeceptores.
1006 4692 1118 4777 ltaque
1140 4713 1221 4769 non,
1252 4703 1355 4754 utrum
1377 4691 1524 4756 babuerit
1545 4689 1731 4773 magistros,
1756 4701 1862 4752 utrum

626 4937 674 4988 20.
692 4933 790 4997 numi]
810 4927 861 4984 cd.
882 4931 944 4984 Das.
965 4957 1002 4972 -
1020 4937 1131 4983 animae
1149 4928 1218 4984 lidd.
1238 4931 1291 4984 On.

627 5011 674 5064 te.
691 5004 833 5077 hahuerit]
853 5005 896 5058 bis
916 5003 967 5059 Cd.
986 5007 1048 5060 eu.
1067 5033 1105 5048 —
1123 5003 1218 5058 habau
1237 5004 1306 5060 Edd.
1326 5004 1381 5061 Oa.

629 5081 673 5140 43.
693 5099 761 5153 quoe
787 5088 892 5133 articam
918 5085 1088 5149 magistros,
1116 5095 1184 5152 pnes
1214 5079 1327 5133 vivendi
1351 5082 1557 5150 praeceptores]
1610 5079 1682 5134 Note
1712 5077 1864 5135 discrimen

554 5161 809 5228 interempturum
829 5173 856 5210 er
876 5171 1092 5230 praeceptorem.
1114 5156 1199 5210 Care.
