4434 5959
1006 1169 1431 1265 ΒΟΕΤΗΙΙ

816 1400 1613 1479 connumeratorum

1040 1615 1183 1678 LIBER
1206 1613 1396 1687 PRIMUS.

557 1938 819 2061 Exhortatioue
845 2002 915 2067 tua,
948 1990 1087 2067 Patriei,
1116 1993 1278 2054 rhetorum
1301 1988 1512 2075 peritissime,
1536 2012 1617 2077 quae
1637 2002 1670 2055 et
1697 1992 1881 2075 praesentis

558 2086 722 2148 honestate
745 2084 902 2165 propositi
923 2096 953 2146 et
974 2084 1100 2151 suturae
1124 2086 1232 2148 aetatis
1259 2084 1393 2148 utilitate
1415 2086 1581 2149 coniuncta
1604 2099 1671 2162 est,
1697 2086 1780 2150 nihil
1802 2088 1881 2149 anti·

558 2180 650 2265 quius
676 2178 865 2242 existimavi.
918 2178 979 2243 Cui
1002 2178 1123 2241 muneri
1145 2178 1349 2241 libentissime
1372 2179 1538 2262 acquievi,
1569 2201 1634 2244 uon
1657 2182 1746 2264 quod
1772 2184 1816 2244 ad
1836 2182 1882 2243 in·

559 2276 738 2336 struendum
762 2286 793 2335 te
817 2274 1057 2335 commentarios
1079 2272 1108 2334 iu
1136 2272 1187 2334 M.
1218 2272 1315 2333 'l'ullii
1338 2272 1460 2353 Topica
1487 2274 1635 2336 laborare
1658 2294 1709 2336 me
1731 2276 1880 2337 credide·

532 2368 616 2437 arim
639 2366 801 2446 (ridiculus
830 2360 947 2451 quippe
979 2367 1103 2439 sorem,
1136 2364 1162 2427 si
1198 2364 1377 2426 Minervam
1407 2367 1524 2429 docere
1547 2366 1678 2442 vellem,
1716 2376 1754 2429 ut
1781 2368 1877 2443 aiunt,

558 2460 717 2539 litteras,)
739 2462 793 2523 sed
810 2473 844 2523 ut
866 2480 905 2523 ea
922 2460 1157 2541 disciplinarum
1173 2458 1350 2520 liberalium
1369 2472 1526 2541 sumptum
1547 2482 1631 2541 penu
1646 2471 1779 2523 nostrae
1800 2464 1880 2543 apud

558 2566 590 2617 te
615 2575 741 2635 semper
769 2554 883 2637 pignus
910 2553 1061 2616 amicitiae
1089 2563 1301 2633 permaneret.
1358 2552 1455 2629 Quod
1476 2554 1556 2615 enirn
1580 2574 1689 2615 mutuus
1710 2575 1753 2615 ex
1774 2554 1880 2617 animo

558 2646 761 2731 diligentibus
788 2648 950 2709 iucundius
973 2645 1106 2709 inveniri
1127 2654 1253 2724 potest,
1291 2666 1384 2729 quam
1409 2650 1495 2730 quod
1518 2646 1616 2729 ipsius
1646 2645 1738 2709 animi
1768 2658 1877 2729 partes

556 2740 674 2803 format
699 2751 730 2802 et
760 2738 912 2802 instruit?
955 2740 1036 2803 Nam
1060 2751 1164 2801 cetera
1191 2738 1258 2800 lere
1288 2740 1426 2813 caduca,
1460 2738 1636 2815 imbecilla,
1662 2742 1805 2802 labantia
1828 2751 1877 2813 et,

515 2834 583 2901 ausi
606 2835 644 2895 ad
663 2834 809 2895 fortunae
831 2832 931 2895 vicem
955 2844 1099 2913 spectes,
1124 2852 1222 2914 paene
1239 2852 1364 2913 semper
1379 2833 1477 2895 aliena
1498 2845 1581 2895 stent.
1626 2835 1775 2897 atvero
1797 2854 1880 2916 opn-

556 2926 684 2989 lentiam
707 2926 882 2989 litterarum
906 2946 963 2987 uec
983 2946 1135 3007 praescus
1158 2924 1309 2987 imminuit
1331 2936 1435 3001 aetas,
1459 2947 1630 3011 cariemque
1650 2926 1875 2990 auctoritatem

556 3020 623 3101 ipsa
644 3020 755 3095 etiam,
780 3032 889 3081 cuncta
911 3018 1101 3093 conficiens,
1127 3030 1222 3101 auget
1246 3018 1350 3099 potius
1373 3030 1404 3083 et
1419 3020 1585 3083 confirmat
1610 3031 1766 3083 vetustas.
1815 3021 1878 3083 Ac-

470 3122 480 3139 ·
556 3112 627 3195 cipe
648 3112 748 3198 igitur
768 3135 848 3196 opus
871 3134 934 3176 non
956 3112 1138 3175 efficientiae
1156 3112 1345 3186 securitate,
1368 3114 1426 3175 sed
1446 3112 1598 3175 amicitiae
1613 3116 1877 3197 praesumptione

556 3220 759 3287 susceptum,
775 3209 874 3288 'aprrrd
899 3227 991 3291 quam
1015 3205 1122 3269 neseio
1146 3225 1283 3287 quonam
1310 3205 1391 3268 inter
1412 3226 1488 3269 suos
1509 3218 1606 3287 pacto
1629 3208 1720 3270 etiam
1746 3210 1876 3293 garrire

515 3316 620 3363 astron
643 3302 791 3361 dedecet:
815 3299 906 3361 simul
928 3298 1000 3383 quia
1022 3300 1199 3379 praelatos
1221 3299 1313 3361 nobis
1336 3320 1474 3375 metuere,
1498 3322 1593 3383 quum
1609 3312 1737 3364 tuorum
1753 3302 1874 3387 aliquid

556 3414 688 3474 operum
720 3394 941 3473 postulavero,
979 3391 1111 3455 iniurius
1132 3390 1248 3466 lucris,
1283 3393 1310 3454 si
1341 3393 1484 3476 negabis.
1534 3394 1597 3457 Sed
1625 3416 1720 3474 qustum
1750 3393 1787 3457 in
1825 3396 1873 3458 M.

558 3486 655 3549 'l'ullii
680 3486 801 3567 Topica
836 3485 961 3549 Marius
989 3484 1180 3549 Victorinus
1208 3486 1320 3548 rhetor
1348 3484 1505 3567 plurimae
1532 3486 1563 3548 iu
1595 3486 1787 3576 disserendi¹
1809 3498 1875 3549 arte

555 3578 688 3643 notitiae
711 3592 885 3641 commenta
901 3578 1149 3659 conscripserit,
1173 3598 1237 3640 uon
1255 3599 1304 3642 me
1321 3581 1515 3661 oportuisset
1532 3580 1715 3644 melioribus
1739 3580 1874 3644 forsitan

556 3683 740 3753 attemptata
764 3671 969 3756 contingere,
1005 3670 1036 3733 ui
1062 3683 1145 3734 esset
1173 3671 1311 3754 aliquid,
1348 3693 1413 3756 quo
1440 3694 1474 3735 se
1496 3688 1604 3737 noster
1627 3695 1757 3758 quoquc
1784 3676 1875 3738 labor

512 3786 708 3835 2uexercerc
730 3777 824 3848 atque
852 3786 963 3847 parare
988 3762 1158 3844 potuisset.
1192 3766 1353 3844 Quattuor
1378 3766 1458 3829 cuim
1487 3766 1697 3830 voluminibus
1727 3762 1874 3833 Victori·

558 3880 615 3922 urus
648 3858 679 3919 iu
702 3858 824 3940 Topica
856 3857 1044 3939 conscriptis
1076 3880 1186 3923 eorum
1208 3859 1312 3941 primo
1334 3860 1528 3921 declarandis
1547 3870 1665 3922 tantum
1692 3862 1767 3924 libri
1790 3862 1874 3946 prin·

556 3950 645 4033 eipiis
668 3961 855 4033 occupatur.
904 3952 1003 4015 Addit
1030 3951 1142 4028 etiam,
1165 3953 1193 4015 si
1217 3973 1277 4035 qua
1297 3954 1456 4017 incudem
1480 3954 1638 4016 volrrmine
1662 3954 1871 4035 praedicenda

554 4046 652 4109 luisse
675 4045 859 4127 perpenttm
884 4056 918 4107 ut
938 4047 978 4107 ab
1000 4046 1134 4109 exordio
1155 4045 1323 4109 voluminis
1341 4047 1562 4126 Topicorum,
1586 4050 1672 4131 quod
1696 4058 1765 4110 est:
1789 4050 1870 4111 Mu·

554 4139 646 4203 iures
669 4160 731 4201 nos
750 4161 805 4203 res
824 4139 974 4203 scribere
993 4138 1185 4221 ingressos,
1217 4142 1257 4203 G.
1281 4140 1440 4215 Trebati,
1465 4143 1626 4224 usquead
1653 4162 1723 4203 cerm
1751 4140 1868 4212 locum,

512 4232 609 4317 utqui
628 4244 693 4295 est:
731 4232 799 4297 Sed
823 4233 893 4295 iam
922 4246 1056 4315 tempus
1085 4244 1136 4294 est
1164 4232 1211 4295 ad
1240 4231 1294 4308 id,
1332 4232 1424 4317 quod
1452 4233 1679 4308 instituimus,
1709 4236 1870 4297 accedere

553 4330 638 4409 (cap.
663 4330 698 4402 l,
719 4334 749 4403 §.
773 4330 840 4403 5.),
871 4325 964 4408 primi
996 4325 1163 4389 voluminis
1196 4326 1356 4390 Victorini
1382 4327 1545 4408 expositio
1569 4327 1767 4392 terminetur.
1813 4330 1868 4391 Se·

554 4423 658 4484 ciendo
689 4420 847 4483 volumine
877 4422 914 4481 de
936 4418 1089 4481 iudicandi
1122 4430 1217 4504 atque
1247 4418 1426 4485 inveniendi
1456 4422 1636 4485 dialecticae
1666 4422 1812 4503 partibus
1839 4431 1869 4483 et

553 4516 592 4575 de
612 4512 757 4577 locorum
783 4525 874 4595 atque
898 4511 1074 4595 argumenti
1093 4512 1272 4575 delinitione
1294 4526 1485 4596 pertractat,
1526 4528 1559 4578 ut
1581 4519 1620 4578 ab
1642 4535 1682 4578 eo
1703 4516 1778 4578 loco
1800 4516 1868 4577 To·

552 4608 715 4688 picorum,
746 4606 798 4690 qui
821 4619 883 4669 cst:
919 4612 1033 4689 Quum
1057 4605 1168 4669 omanis
1193 4607 1284 4669 ratio
1309 4607 1455 4689 diligens
1478 4608 1668 4671 disserendi
1692 4609 1781 4671 duas
1808 4610 1867 4671 ho·

510 4703 628 4765 subeat
657 4712 794 4785 praeter,
832 4722 936 4763 renam
956 4700 1164 4773 inveniendi,
1200 4703 1345 4763 alteram
1374 4694 1550 4766 iudicandi
1575 4705 1659 4783 (cap.
1683 4704 1715 4765 2.
1740 4706 1771 4775 ὁ.
1794 4704 1864 4777 b.);

553 4816 652 4878 usque
676 4797 825 4869 adeum,
850 4813 914 4878 quio
936 4794 998 4856 ait:
1030 4796 1149 4877 Itaque
1171 4793 1247 4855 lieet
1272 4795 1420 4872 definire
1444 4798 1555 4859 lucum
1578 4818 1652 4859 esse
1671 4793 1866 4879 argumenti

628 5006 656 5062 5.
674 5004 865 5069 libentissime]
886 5002 963 5054 Eius.
986 5032 1016 5043 -
1038 5001 1170 5052 libentius
1188 4998 1257 5054 Edd'.
1298 5008 1339 5060 17.
1361 5005 1486 5070 dlutius]
1507 5004 1583 5057 Eine.
1604 5030 1641 5045 ·-
1659 5003 1779 5055 Marcus
1792 5004 1864 5057 nors.

551 5108 590 5123 —
609 5098 668 5133 orn.
690 5080 755 5132 Ven.
778 5080 863 5132 Paris.
905 5083 950 5131 21.
966 5082 1059 5147 primo
1078 5075 1267 5144 decimandis]
1291 5079 1367 5131 Eine.
1383 5082 1458 5132 Base.
1482 5106 1511 5119 -
1531 5084 1625 5150 prtum
1643 5082 1674 5129 lu
1693 5078 1863 5130 declarandas

553 5156 622 5209 Ven.
643 5157 729 5212 Paris.
766 5156 811 5212 51.
832 5152 872 5204 ael
889 5170 966 5217 erem,
985 5170 1037 5221 quo
1056 5150 1113 5222 uit]
1134 5151 1208 5203 Eius.
1229 5179 1263 5193 -
1285 5154 1512 5207 Messeniorum
1534 5153 1603 5226 (om.
1622 5172 1676 5223 quo
1694 5158 1749 5221 ait)
1767 5154 1835 5209 adt.
