4434 5959
820 576 825 588 ι
934 629 1025 694 LlB.
1047 629 1077 693 l.
1620 628 1659 691 37

349 779 403 832 tes
421 787 498 830 esee
526 765 635 832 dixit.
688 768 811 832 Verum
839 790 934 852 quum
963 769 994 831 in
1020 768 1126 850 primo
1156 767 1343 852 syllogismo
1365 771 1404 832 de
1425 770 1544 831 duabus
1565 768 1661 832 rebus

346 861 553 936 tractaverit,
576 865 616 923 de
637 861 740 943 primo
762 874 794 925 et
815 865 972 937 secimdo,
996 861 1028 923 id
1050 873 1117 937 est,
1147 863 1186 922 de
1209 881 1325 944 genere
1348 873 1378 925 et
1399 861 1545 944 partibus
1566 883 1663 945 gene·

348 955 412 1017 ris:
435 975 496 1016 cur
517 956 570 1016 hic
589 953 622 1016 in
644 953 737 1016 tertia
760 953 964 1018 conclusione
985 954 1085 1036 partis
1105 953 1240 1036 partium
1256 954 1442 1018 mentionem
1459 955 1553 1030 lecit,
1576 957 1664 1038 qnod

347 1047 468 1110 seilicet
490 1046 713 1109 tertium'est?
747 1049 823 1111 Hoc
842 1049 977 1130 primum
1006 1049 1053 1110 sie
1074 1058 1260 1123 excusatur,
1293 1051 1379 1132 quod
1400 1050 1478 1111 haec
1500 1047 1662 1112 conclusio

348 1151 479 1223 praeter
499 1139 719 1223 syllogismum
741 1140 794 1202 sit.
852 1142 913 1204 Est
934 1141 1014 1204 euim
1042 1129 1254 1224 quaestionis,
1286 1161 1368 1224 quae
1395 1151 1486 1203 extra
1513 1139 1689 1226 syllogus-5

349 1256 430 1295 mum
448 1245 520 1308 est,
544 1236 600 1296 sed
616 1255 656 1296 ex
670 1256 706 1296 ea
722 1233 939 1317 syllogismus.
983 1232 1105 1298 Deinde
1122 1234 1209 1316 quod
1221 1253 1280 1312 per
1297 1234 1378 1295 hanc
1397 1246 1567 1295 extremam
1585 1254 1663 1294 con-

347 1327 522 1390 clusionem
545 1328 658 1391 sensim
680 1327 839 1390 descendit
855 1329 893 1388 ad
909 1327 1001 1390 alium
1013 1325 1246 1408 syllogismum,
1271 1324 1325 1387 ubi
1341 1326 1403 1389 hoc
1419 1337 1551 1401 tractat,
1575 1324 1659 1404 deli·

348 1421 559 1484 occationem
579 1430 611 1482 et
632 1419 970 1496 demonstrationem,
991 1439 1086 1501 quum
1101 1429 1206 1499 partes
1224 1415 1350 1500 generis
1364 1427 1507 1481 essenon
1523 1418 1660 1498 possint,
1770 1427 1773 1434 '

349 1517 450 1576 mislto
474 1513 577 1597 magis
606 1513 739 1595 partium
769 1525 876 1594 partes
897 1533 966 1574 esse
989 1532 1050 1573 nou
1071 1529 1182 1591 posse.
1246 1510 1311 1572 Sed
1338 1509 1473 1590 primum
1504 1532 1596 1593 quam
1625 1513 1664 1573 de

351 1627 392 1670 eo
413 1606 604 1689 syllogismo
632 1614 822 1679 tractemus,
846 1625 901 1680 ea,
925 1625 1005 1688 quae
1027 1602 1057 1664 in
1079 1622 1119 1667 eo
1142 1603 1278 1666 obscura
1300 1615 1390 1677 siunt,
1414 1603 1620 1686 explicemus.
1677 1618 1707 1666 to

433 1703 523 1764 Pars
549 1709 665 1761 mem
691 1719 816 1761 causae
845 1694 1046 1761 constitutio
1078 1687 1132 1758 e'sl
1160 1695 1286 1774 omnis]
1335 1696 1512 1777 Disputasti
1538 1696 1663 1780 quidem

348 1813 470 1874 snpra,
502 1811 525 1857 o
548 1789 687 1866 Cicero,
720 1791 998 1854 deliberationem
1017 1799 1049 1852 et
1068 1789 1411 1866 demonstrationem,
1443 1789 1515 1872 quia
1546 1811 1664 1873 genera

347 1886 432 1959 sint,
463 1895 571 1966 partes
593 1883 719 1968 genesis
740 1904 809 1946 esse
830 1903 893 1947 non
915 1902 1033 1965 posse:
1064 1902 1128 1944 non
1150 1892 1251 1944 tamen
1274 1882 1440 1945 ostendisti
1461 1894 1564 1945 utrmn
1587 1903 1665 1946 con-

349 1977 476 2041 stitutio
496 1998 572 2060 pars
595 1976 719 2060 generis
741 1975 800 2051 sit,
824 1998 862 2038 an
883 1974 985 2058 ipsum
1008 1995 1126 2051 genus:
1150 1965 1301 2038 incerliim
1324 1987 1371 2038 est
1392 1975 1473 2040 euim
1490 1987 1592 2038 utrssm
1607 1975 1665 2038 de·

347 2071 509 2134 liberatio
528 2071 589 2132 sul)
614 2069 764 2153 qualitate
778 2071 839 2144 sit,
863 2089 902 2131 an
923 2069 1072 2152 qualitas
1094 2071 1152 2130 sub
1168 2067 1421 2132 deliberatione.
1464 2069 1591 2133 Doceas
1607 2069 1708 2138 its-15

349 2185 413 2245 qne
434 2173 565 2244 oportet
587 2173 692 2224 utrum
712 2183 803 2243 pars,
828 2182 866 2224 an
889 2181 989 2244 genus
1011 2161 1050 2222 sit
1067 2159 1267 2224 constitutio.
1309 2161 1400 2224 Hace
1422 2182 1503 2245 ergo
1523 2160 1663 2223 incidens

350 2255 497 2340 quaestio
518 2266 585 2331 est,
616 2267 719 2317 utrium
741 2253 927 2319 constitutio
948 2273 1040 2334 pars,
1072 2273 1111 2314 aa
1134 2274 1232 2336 genus
1253 2251 1306 2316 sit.
1350 2255 1417 2318 lam
1440 2275 1535 2335 supra
1558 2265 1666 2318 osten-

350 2349 396 2412 dit
417 2346 695 2410 deliberationem
723 2357 755 2409 et
775 2345 1100 2412 demonstrationem
1127 2367 1243 2430 genera
1266 2367 1336 2410 esse
1357 2367 1540 2423 caussarum,
1578 2349 1665 2431 quod

351 2455 383 2504 et
405 2441 489 2504 inter
508 2461 545 2502 se
567 2439 682 2502 distent
703 2450 735 2501 et
756 2441 795 2500 ab
817 2438 973 2502 iudiciali
994 2439 1162 2520 plurimum
1186 2438 1354 2502 dissideant
1371 2452 1503 2502 etenum
1520 2459 1664 2524 quiesque

352 2535 490 2596 habeam
512 2533 626 2609 linem,
657 2553 722 2617 quo
751 2531 867 2595 referri
897 2534 1044 2595 debeant.
1088 2534 1181 2595 Nunc
1208 2532 1236 2596 ei
1264 2535 1438 2596 docendum
1465 2543 1531 2608 est,
1558 2545 1708 2598 utrumne

349 2625 596 2691 constitutiones
617 2647 782 2689 causarum
804 2635 911 2706 partes
932 2625 1014 2688 sint:
1036 2637 1069 2688 et
1089 2625 1136 2688 sic
1151 2639 1388 2711 argumentatur
1401 2627 1570 2709 proposito
1594 2630 1662 2689 the-

349 2732 454 2793 mate,
476 2719 554 2803 quid
581 2719 716 2801 primum
737 2718 894 2793 inveniam
931 2738 1047 2802 genus,
1079 2740 1118 2781 an
1141 2719 1411 2784 constitutionem.
1456 2718 1574 2802 Utique
1595 2718 1663 2800 pri-

349 2835 434 2878 mam
456 2833 588 2876 necesse
610 2823 659 2878 est
679 2833 850 2897 agnoscas,
876 2823 979 2873 ulrum
994 2811 1229 2889 deliberativa,
1252 2833 1290 2876 an
1304 2813 1573 2876 demonstrativa
1587 2833 1664 2874 con-

348 2906 508 2971 troversia
531 2905 591 2979 sit;
620 2916 696 2969 tunc
726 2904 837 2969 deinde
859 2902 1000 2989 quaesit
1021 2906 1219 2971 constitutio.
1269 2908 1363 2991 Ergo
1384 2927 1459 2989 pars
1481 2925 1595 2968 causae
1617 2917 1665 2967 est

253 3014 254 3079 ζ
349 2998 539 3064 constitutio
563 2998 678 3064 omnis.
1676 3013 1708 3062 ts

432 3095 518 3158 Non
537 3091 630 3155 enim
649 3109 757 3154 emesa
774 3089 823 3153 ad
836 3091 1133 3166 sementationem,
1155 3091 1216 3156 sed
1236 3091 1435 3157 constitutio
1455 3093 1504 3156 nd
1523 3112 1665 3156 emeram

348 3182 643 3262 accommodatur]
692 3185 788 3248 Prius
815 3183 897 3247 enim
926 3203 1019 3248 causa
1052 3197 1266 3270 cognoscatur
1294 3206 1421 3248 necesse
1453 3198 1518 3260 est,
1553 3182 1664 3247 deinde

350 3279 551 3344 contitutio.
608 3275 688 3340 Plus
716 3288 819 3340 autem
847 3297 972 3338 causam
1001 3297 1071 3339 esse
1100 3298 1192 3360 quam
1222 3277 1480 3342 constitutionem
1502 3276 1549 3340 sie
1570 3275 1662 3340 etiam

347 3391 519 3454 muamus
539 3389 734 3453 agnoscere,
773 3371 861 3452 quod
880 3367 912 3430 in
933 3369 1065 3453 singulis
1093 3391 1206 3434 caussae
1228 3372 1397 3455 generibus
1420 3368 1663 3435 constitutiones

347 3465 530 3528 variamur:
554 3483 647 3528 eausa
669 3461 750 3526 enim
779 3461 918 3526 omnium
940 3461 1198 3526 constitutionum
1219 3485 1320 3544 capax
1341 3475 1409 3526 est:
1437 3485 1546 3528 verum
1569 3484 1663 3545 quum
1676 3481 1707 3530 ³⁰

348 3579 442 3620 cansa
464 3570 497 3619 et
519 3555 704 3620 constitutio
724 3555 829 3618 iuncta
850 3554 911 3617 sibi
932 3575 1001 3618 esse
1023 3554 1208 3632 rideantur,
1232 3567 1334 3620 tamen
1357 3577 1451 3619 transm
1467 3555 1559 3620 alteri
1573 3555 1661 3637 prius

348 3651 399 3712 lit.
426 3650 533 3714 Omne
555 3649 649 3722 enim,
672 3651 761 3731 quod
781 3647 940 3730 loquimur
961 3647 1029 3711 sire
1050 3651 1138 3732 quod
1155 3662 1257 3713 intente
1279 3649 1491 3732 concipimus,
1515 3659 1570 3710 aut
1591 3647 1666 3709 sim·

347 3743 426 3825 plen
447 3753 498 3805 est
531 3753 585 3804 ant
617 3741 831 3803 coniunctum.
876 3739 1016 3820 Simplex
1037 3751 1101 3815 est,
1137 3745 1224 3825 qnod
1245 3763 1309 3806 non
1338 3745 1376 3804 ad
1403 3741 1487 3805 alind
1509 3739 1662 3818 attendit,

348 3848 385 3897 nt
405 3836 540 3911 tabula,
564 3854 692 3897 ewam
708 3843 740 3896 et
760 3832 882 3916 reliqua
897 3833 1087 3897 huiusmodi.
1132 3832 1345 3900 Coniunctum
1359 3855 1457 3910 vero,
1482 3847 1516 3896 ut
1530 3835 1569 3896 de
1584 3836 1664 3898 diro·

348 3931 410 3992 bns
429 3950 526 3992 nuum
547 3925 637 4009 prins
657 3927 790 4001 lrabeat,
813 3936 966 4010 quattuor
987 3925 1087 3988 modis
1110 3925 1165 3988 litt
1197 3939 1249 3989 aut
1271 3939 1417 4008 tempore
1439 3938 1494 3991 aiut
1516 3927 1590 3990 loco
1610 3938 1707 3998 antas

349 4019 463 4086 ordine
485 4032 539 4084 ant
559 4039 667 4082 cansa.
709 4021 810 4084 Aetas
832 4038 927 4102 quum
948 4016 981 4080 in
1003 4018 1130 4082 homine
1150 4018 1209 4096 sit,
1233 4033 1378 4104 tempore
1399 4021 1432 4085 in
1455 4020 1596 4085 ordinem
1614 4041 1664 4082 se-

348 4115 506 4178 cernitur.
550 4113 585 4176 si
606 4112 692 4176 dieas
714 4112 893 4186 iurentur,
931 4110 1040 4194 utique
1061 4113 1314 4178 consideratione
1335 4113 1488 4195 temporis
1517 4113 1664 4176 iuventus

348 4219 423 4270 ante
441 4217 635 4270 senectutem
658 4216 718 4270 est.
761 4204 885 4268 Deinde
907 4204 981 4268 loco
1002 4204 1105 4269 iuncta
1120 4220 1339 4271 secernuntur.
1384 4207 1489 4287 Quium
1512 4205 1593 4270 euim
1615 4205 1663 4268 di·

347 4303 394 4363 cis
414 4299 565 4373 atrium,
601 4299 675 4362 ideo
698 4296 831 4379 primum
855 4296 1022 4380 intelligis,
1051 4300 1124 4383 quia
1145 4302 1328 4364 consideras
1350 4299 1534 4364 interiorem
1558 4299 1662 4364 locum

346 4413 437 4468 esse,
461 4393 516 4455 obi
537 4390 706 4454 triclinium
727 4402 788 4454 est.
832 4389 952 4454 Ordine
973 4411 1054 4456 vero
1075 4393 1123 4456 sic
1145 4404 1212 4457 esta
1234 4393 1277 4472 si,
1302 4415 1397 4477 quum
1415 4393 1444 4457 in
1459 4395 1568 4457 eodem
1587 4393 1662 4455 loco
1675 4407 1706 4457 to

345 4485 439 4548 malti
458 4487 642 4560 sedeamus,
673 4504 735 4565 pro
761 4483 872 4546 ordine
893 4484 1066 4548 sedentium
1089 4487 1182 4550 nobis
1204 4486 1427 4552 anteferamus.
1478 4483 1583 4550 Carisa
1606 4506 1661 4548 an-

421 4649 449 4704 9.
468 4663 529 4698 esse
549 4649 643 4718 posse]
676 4644 710 4700 ln
729 4645 850 4702 edtttone
875 4645 958 4703 Basll.
979 4663 1121 4720 perperam
1148 4647 1270 4720 legitur,
1296 4657 1425 4721 perstent.
1443 4649 1527 4702 cm.
1577 4647 1660 4717 (Dedi

345 4735 413 4774 m
437 4719 479 4776 Bt.
508 4719 570 4774 ΔΜ.
595 4721 683 4772 multo
713 4727 808 4790 magle
826 4753 862 4767 -
890 4739 1023 4776 essenon
1038 4740 1121 4794 posse
1139 4740 1191 4797 pro
1210 4727 1296 4797 Capp.
1316 4724 1401 4776 mrdto
1421 4729 1512 4778 minace
1529 4753 1545 4766 -
1563 4755 1583 4769 -
1601 4743 1661 4776 esse

341 4811 436 4866 poue.
454 4794 506 4850 cd.
526 4810 617 4848 tutem
635 4795 716 4848 Bae:
736 4823 773 4835 -
791 4798 879 4850 multo
897 4805 988 4851 mimia
1006 4827 1024 4840 -
1043 4828 1060 4840 -
1077 4815 1137 4848 erae
1155 4815 1211 4850 non
1227 4816 1318 4870 posse.
1338 4797 1406 4867 Os.)

343 4869 491 4999 hlblg.
507 4873 640 4940 primam]
660 4871 695 4924 ln
713 4868 835 4926 editione
854 4875 940 4929 Basil.
960 4873 1074 4944 legitur,
1092 4878 1182 4943 prius.
1195 4875 1282 4929 'carn
1300 4871 1387 4942 (Tam
1405 4869 1457 4926 ed.
1477 4871 1542 4926 Bet.
1555 4869 1588 4922 ds
1607 4889 1659 4925 eo-

484 4950 524 5010 ⁸·l

421 5023 468 5076 29.
486 5021 653 5088 agnoscere]
674 5019 721 5074 Sle
741 5017 792 5073 Cd.
812 5023 875 5076 Bas.
897 5051 928 5064 -
948 5017 1277 5090 cognoscundum.

419 5098 526 5152 temate
544 5101 605 5146 eet:
622 5099 665 5161 st,
682 5097 779 5165 qnam]
800 5095 850 5152 cd.
870 5097 932 5152 Bas.
952 5127 989 5141 ·-
1006 5100 1063 5147 sle:
1082 5111 1164 5168 quens
1183 5093 1252 5150 Edd.
1272 5096 1326 5152 Os.

420 5167 470 5228 tt.
487 5169 589 5224 Utrum
608 5167 823 5241 antestaretur,
849 5187 884 5226 an
902 5187 956 5227 nas
971 5171 1051 5226 nobis
1069 5168 1287 5244 anteferamus?
1306 5169 1360 5226 Oa.
