4434 5959
930 603 1021 670 nm.
1043 603 1073 666 1.
1507 561 1511 568 ’
1614 605 1652 688 u

433 743 485 806 Ae
511 741 597 806 nulii
620 741 758 827 quidem
783 742 917 807 videtur
944 745 1007 808 lioc
1033 763 1094 806 nec
1113 741 1220 806 sacua
1245 763 1304 808 nse
1324 743 1424 826 inops
1444 741 1577 808 dicendi
1596 763 1653 807 se-

346 834 480 920 photio
495 834 670 916 perfecere
685 836 855 920 potuisse]
877 840 956 901 Sunt
977 836 1090 912 multa,
1119 857 1200 922 quae
1221 838 1291 902 solo
1313 837 1421 902 habitu
1442 838 1490 901 sui
1511 839 1651 921 perfecta

257 916 258 975 l
348 941 434 992 sunt.
476 929 558 992 Sunt
578 930 676 993 multa
697 951 777 1013 qnae
802 942 834 995 et
854 930 963 994 habitu
985 942 1017 996 et
1038 951 1115 994 usu:
1139 943 1174 994 ut
1195 930 1359 1008 athletasi
1379 932 1491 995 habeat
1505 933 1652 1014 eorporis

348 1021 616 1106 magnitudinem,
638 1044 702 1088 nou
724 1023 876 1088 continuo
897 1023 1057 1106 perfectus
1079 1035 1144 1102 est,
1167 1023 1227 1087 uisi
1249 1023 1277 1088 ei
1298 1037 1329 1088 et
1351 1047 1425 1088 ustas
1448 1027 1585 1090 accedat.
1607 1027 1653 1092 Ut

350 1129 461 1180 orator
483 1129 640 1199 concepto
668 1118 769 1181 totius
800 1116 947 1183 scientiae
979 1115 1105 1192 habitu,
1143 1138 1207 1182 non
1229 1119 1380 1183 continuo
1402 1120 1561 1201 perlectus
1583 1129 1678 1198 est,⁵
1735 1125 1739 1136 '

349 1208 407 1271 nisi
425 1208 457 1272 ei
477 1221 511 1273 et
533 1231 607 1274 usus
628 1211 772 1286 accedat,
795 1210 945 1293 capientia
967 1231 1045 1276 vero
1068 1210 1177 1274 habitu
1197 1209 1246 1274 sui
1265 1213 1404 1294 perfecta
1425 1223 1475 1277 est
1496 1234 1553 1276 uec
1574 1212 1653 1277 indi-

349 1317 404 1388 get
425 1303 534 1380 vocis,
558 1304 673 1380 idest,
696 1325 784 1368 usus.
827 1303 948 1368 Sufficit
968 1303 997 1368 ci
1018 1314 1120 1367 antem
1142 1303 1221 1368 intra
1244 1305 1363 1370 animos
1377 1305 1542 1372 contineri.
1585 1307 1655 1374 Usu

349 1418 428 1481 crgo
450 1395 530 1459 nibil
551 1396 767 1480 consequitur.
824 1399 869 1462 Et
897 1397 925 1460 si
951 1399 1076 1480 quamn
1104 1409 1258 1480 concepta
1287 1398 1393 1462 verbis
1415 1399 1553 1464 volucrit
1573 1399 1654 1462 indi·

350 1511 439 1565 cere,
473 1509 538 1552 non
559 1487 632 1552 ideo
659 1489 781 1570 sapiens
802 1488 975 1571 sapientior
994 1490 1046 1565 fit,
1080 1491 1152 1572 quia
1173 1489 1288 1559 indicat
1309 1492 1481 1573 sapientem
1503 1496 1558 1556 sed
1578 1513 1653 1576 per·

348 1583 430 1646 iecta
451 1601 491 1643 ac
510 1581 600 1644 salva
627 1581 778 1664 sapientia
807 1583 953 1666 quiddam
981 1582 1071 1648 eiad
1092 1597 1181 1648 actus
1203 1585 1283 1648 alios
1306 1586 1436 1650 accedit.
1480 1587 1572 1668 Ergo
1593 1587 1694 1650 ho-to

348 1675 445 1736 mines
474 1695 516 1736 ex
544 1672 729 1736 immanibus
756 1693 793 1736 ac
814 1673 891 1738 teris
917 1677 1007 1740 mites
1027 1676 1142 1742 redditi
1162 1688 1195 1744 et
1216 1679 1369 1743 mausueti
1389 1677 1548 1762 paullatim
1571 1699 1652 1760 qno-

349 1792 408 1854 que
427 1771 599 1833 honestum
619 1779 714 1853 atque
735 1769 811 1832 utile
828 1768 1016 1834 didicerunt.
1059 1771 1125 1834 Sed
1147 1770 1218 1854 qnia
1240 1775 1278 1836 de
1300 1771 1432 1838 exordio
1455 1772 1652 1855 eloquentiae

348 1862 506 1948 loquitur,
531 1865 690 1925 videamus
710 1875 814 1924 utrum
835 1865 899 1927 hoc
919 1865 987 1928 sola
1007 1863 1157 1947 sapientia
1179 1864 1306 1941 lecerit,
1338 1887 1376 1928 au
1398 1864 1567 1948 sapientia,
1597 1867 1654 1928 sed

347 1977 415 2018 enm
444 1956 641 2039 eloquentia.
697 1956 808 2022 Primo
836 1956 941 2041 itaque
968 1979 1165 2042 cognoscere
1189 1960 1335 2022 debemus
1357 1971 1435 2044 quot
1456 1959 1556 2024 modis
1577 1957 1652 2042 quid

347 2052 535 2132 persuadeat
556 2049 719 2133 sapientia.
761 2053 806 2116 Et
832 2070 999 2134 possumus
1019 2051 1198 2136 intelligere
1220 2052 1348 2116 multum
1370 2055 1421 2116 liic
1441 2051 1693 2135 eloquentiamta

349 2143 497 2208 valuisse.
553 2143 712 2227 Sapientia
739 2144 838 2230 igitur
863 2146 932 2209 sola
958 2146 1082 2210 duobus
1111 2144 1211 2210 modis
1239 2143 1355 2228 aliquid
1376 2146 1542 2228 persuadet
1551 2166 1567 2231 a¹
1598 2155 1652 2206 aut

348 2260 440 2320 quum
470 2249 557 2302 tacet
583 2237 759 2324 et‘aliquid
786 2237 862 2301 facit
888 2249 919 2301 et
945 2236 977 2301 id
998 2240 1085 2323 quod
1103 2237 1201 2314 facit,
1239 2238 1312 2324 quia
1333 2240 1448 2305 bouum
1471 2251 1536 2316 est,
1571 2237 1651 2303 alter

348 2329 504 2404 imitatura
538 2330 572 2394 id
592 2341 656 2408 est,
690 2341 726 2394 ut
746 2328 899 2416 quidquid
918 2329 1031 2394 tacitns
1052 2329 1164 2394 iecerit
1186 2331 1326 2413 sapiens,
1357 2331 1389 2395 id
1409 2333 1489 2395 alter
1509 2353 1563 2408 re,
1586 2351 1653 2412 uou-

347 2423 454 2488 rerbis
475 2427 590 2488 doctus
611 2423 767 2496 imitetur:
801 2437 854 2488 aut
868 2447 963 2510 quum
982 2423 1098 2507 aliquid
1112 2423 1285 2488 laciendum
1302 2427 1351 2488 rel
1366 2426 1561 2491 inficiendum
1577 2445 1650 2488 ver·

348 2517 396 2580 bis
416 2520 605 2600 persuadet,
627 2530 659 2582 et
679 2521 742 2585 hoc
762 2518 878 2601 duplici
899 2520 1014 2584 modo:
1037 2539 1119 2581 nunc
1135 2519 1325 2584 naturalibus
1346 2519 1472 2596 verbis,
1496 2542 1578 2583 nunc
1591 2527 1692 2599 pecto

346 2611 571 2696 eloquentiam.
613 2613 689 2676 Hoc
709 2613 782 2677 loco
804 2623 898 2695 negat
918 2612 1043 2674 tacitam
1058 2611 1237 2694 sapientiam
1254 2613 1314 2677 hoc
1328 2613 1480 2694 perlicere
1496 2612 1648 2695 potuisse,

346 2716 443 2789 negat
463 2703 592 2787 inopem
614 2706 755 2783 dicendi,
788 2706 905 2782 idest,
942 2725 1023 2789 quae
1052 2707 1158 2769 verbis
1189 2707 1381 2772 naturalibus
1404 2717 1562 2781 uteretur3
1594 2707 1649 2768 sed

345 2794 427 2861 illam
447 2798 654 2881 sapientiam,
677 2820 759 2884 qnae
780 2801 884 2864 inaucta
906 2808 988 2862 esset
1009 2798 1220 2882 eloquentiae.

427 2895 480 2957 Ac
510 2893 595 2958 ιηίΙιί
625 2896 762 2980 quidem
788 2895 922 2959 videtin·
948 2893 1011 2956 hoc
1032 2913 1093 2956 nee
1113 2891 1219 2956 tacita
1239 2914 1298 2958 nec
1320 2893 1419 2975 inops
1439 2892 1573 2956 dicendi
1592 2915 1648 2958 sa·

341 2987 474 3070 pientia
497 2986 670 3072 perficere
692 2986 862 3070 potuisse]
913 2985 1101 3064 Persscers,
1137 2985 1250 3070 inquit.
1292 2983 1446 3068 Alioquin
1468 2986 1579 3067 plenae
1599 2991 1691 3048 sats

344 3079 479 3162 pientiae
494 3081 630 3147 officium
645 3092 693 3145 est
707 3081 866 3156 invenire,
888 3091 1050 3160 utsupra:
1094 3081 1171 3161 Quo
1185 3088 1335 3160 tempore
1349 3077 1488 3162 quidum
1503 3099 1649 3162 magnus

346 3173 499 3238 uidelicet
519 3188 554 3238 et
574 3174 709 3257 sapiens
730 3174 783 3239 uir
803 3172 979 3257 cognouit,
1000 3193 1087 3256 quae
1107 3171 1268 3236 materies
1288 3182 1321 3234 et
1351 3182 1481 3255 quanta
1508 3172 1555 3234 ud
1576 3192 1649 3235 ma·

344 3266 460 3330 ximus
488 3289 546 3332 res
575 3266 815 3350 opportunitas
843 3267 879 3330 in
906 3266 1030 3330 animis
1056 3265 1181 3328 inesset
1201 3265 1394 3340 homimem,
1427 3263 1458 3328 si
1478 3264 1553 3348 quia
1573 3285 1650 3328 eam

342 3371 458 3441 posset
478 3360 599 3424 elicere
625 3372 659 3424 et
675 3361 918 3443 praecipiendo
939 3360 1113 3422 meliorem
1133 3357 1286 3421 reddere.
1347 3358 1439 3443 Ergo
1451 3357 1593 3434 „animun
1616 3357 1648 3420 in

345 3453 524 3517 hominibus
556 3474 625 3518 esse
657 3455 809 3535 sapientia
844 3451 1010 3538 cognovit.
1060 3455 1105 3517 Ut
1138 3462 1411 3534 congregarentur
1438 3453 1520 3514 etin
1542 3461 1692 3514 unam-to

344 3567 503 3630 quamque
531 3567 598 3610 rem
627 3546 734 3611 utilem
761 3559 855 3632 atque
882 3547 1045 3612 honestam
1067 3546 1305 3623 inducerentur,
1328 3544 1479 3628 sapientia
1501 3545 1647 3630 quidem,

344 3640 400 3702 sed
419 3639 602 3723 eloquentia
624 3639 816 3723 opitulante,
840 3639 987 3722 perfecit.

339 3799 349 3822 .
425 3735 459 3797 A
480 3734 723 3798 consuetudine
743 3735 856 3801 stebito
876 3743 1083 3798 conuerteret
1097 3745 1131 3797 et
1150 3733 1197 3796 cd
1217 3732 1369 3796 diuersus
1390 3731 1478 3796 uitae
1498 3730 1650 3798 rationes

344 3825 554 3906 traduceret]
596 3827 717 3912 Magna
743 3828 791 3892 vis
826 3826 1042 3910 eloquentiae3
1075 3825 1180 3890 subito
1213 3825 1394 3899 convertit3
1433 3833 1465 3888 et
1491 3825 1554 3891 hoc
1580 3835 1647 3900 est,

345 3920 431 4002 quod
444 3940 510 3982 nou
525 3931 631 4000 potest
644 3920 809 4001 sapientia.
839 3919 993 4006 Alioquin
1011 3931 1042 3982 et
1056 3918 1206 4002 sapientia
1220 3917 1362 4000 perlicit,
1386 3918 1441 3980 sed
1455 3938 1517 3981 non
1529 3917 1647 3984 subito.
1659 3926 1692 3977 35

344 4011 387 4076 Et
408 4013 496 4095 qnod
517 4009 580 4088 ait,
602 4015 650 4076 cd
669 4013 823 4078 diuersas
837 4014 925 4078 uitae
939 4012 1090 4076 rationes
1114 4011 1311 4087 traducere,
1336 4021 1480 4092 utsupra
1503 4010 1647 4086 diximus,

345 4103 472 4168 difficile
502 4115 551 4166 est
578 4105 706 4170 cuilibet
732 4106 782 4170 rei
812 4107 1064 4170 consuetudinem
1087 4105 1219 4170 tolleres
1253 4115 1284 4168 et
1312 4105 1375 4170 hoc
1395 4103 1552 4170 difficilius
1574 4103 1649 4168 alias
1772 4115 1777 4124 '

344 4195 437 4259 etiam
460 4195 587 4261 vivendi
607 4202 801 4280 persuadere
821 4199 973 4264 rationes.

424 4294 503 4375 Age
531 4314 631 4369 aero,
665 4293 806 4360 urbibus
833 4292 1040 4373 constitutis]
1082 4294 1128 4359 Ut
1158 4313 1253 4375 supra
1285 4313 1381 4377 quum
1407 4294 1445 4356 de
1477 4289 1649 4356 commodis

344 4381 542 4467 eloquentiae
562 4385 768 4468 loqueretur,
798 4387 882 4450 huuc
902 4385 1046 4450 ordinem
1067 4385 1160 4462 iecit,
1189 4387 1301 4450 multas
1322 4387 1417 4450 urbes
1438 4384 1646 4460 constitutas,
1659 4391 1692 4441 ⁴⁰

342 4475 476 4558 plurima
497 4477 581 4542 bella
604 4478 773 4557 restincta,
804 4477 996 4543 firmissimas
1024 4478 1211 4558 societates,
1250 4478 1460 4544 sanctissimas
1484 4477 1645 4544 amicitias.
1743 4535 1745 4546 ‚

415 4709 460 4764 ¹3.
479 4705 542 4775 doe]
560 4734 599 4752 -
616 4705 684 4760 haec
703 4707 746 4763 St.
766 4705 828 4761 stt.
847 4705 901 4761 Sed
920 4706 971 4762 cd.
990 4709 1053 4763 Bes.
1071 4707 1131 4763 lunc.
1151 4709 1205 4765 Oa.

413 4785 459 4839 18.
470 4779 598 4852 fecerit]
617 4781 665 4835 Sic
685 4780 735 4837 cd.
754 4783 819 4836 Bas.
836 4811 875 4827 ι·-
885 4781 965 4854 fecit
982 4782 1052 4837 Edd.
1072 4783 1126 4839 01.
1680 4842 1685 4856 ,

414 4859 459 4914 19.
476 4857 527 4909 ve!
543 4853 734 4929 inficiendum]
754 4859 808 4910 hoc
826 4873 885 4924 est,
904 4876 961 4910 non
975 4858 1156 4928 facundum,-
1175 4861 1245 4912 elcut
1264 4855 1401 4927 injectum
1420 4852 1522 4910 dicitnr
1540 4851 1576 4912 τὸ
1594 4873 1649 4907 nou

336 4927 465 4998 secem
489 4929 556 4997 sed,
579 4932 654 5004 qnod
681 4931 909 4987 dissimulandum
935 4950 993 4987 uon
1012 4949 1072 5002 est,
1098 4931 1263 4989 Basileensie
1289 4930 1375 4986 editio
1401 4931 1497 4984 babet:
1524 4931 1571 4983 vel
1593 4949 1649 4982 unu

336 5003 507 5072 jaciendum
526 5009 612 5061 cin.
649 5004 730 5079 (scil.
751 5026 785 5061 ex
803 5008 1026 5081 luterpolattune.
1058 5010 1095 5063 Ut
1115 5025 1184 5076 noe,
1203 5007 1271 5064 Cud.
1290 5009 1352 5062 Bas.
1372 5005 1413 5060 Se.
1434 5005 1494 5060 sld.
1516 5006 1584 5070 Oe.)

343 5087 454 5208 man.
473 5099 546 5154 quae
564 5087 698 5134 maceries
716 5085 760 5154 et]
780 5084 827 5140 stc
846 5082 896 5138 Cd.
914 5087 976 5140 aas.
998 5083 1039 5140 St.
1059 5081 1120 5138 eld.
1140 5113 1177 5128 -ι-
1196 5101 1263 5154 quae
1283 5085 1404 5136 numeria
1422 5089 1495 5135 esset
1514 5089 1542 5132 et
1560 5081 1646 5155 Capp.

429 5155 502 5213 idem
523 5171 610 5211 recte.
632 5156 688 5214 Oe.
