4434 5959
556 653 597 715 st
1059 649 1344 719 vlotottntus

554 792 638 856 circa
661 801 820 876 aspectum
837 791 944 856 laciei.
993 791 1085 878 Ergo
1106 791 1159 856 ille
1181 792 1382 878 nescioquis
1405 813 1535 879 magnus
1557 792 1607 858 vir
1627 805 1659 858 et
1679 794 1800 878 sapiens
1823 809 1856 860 et

552 889 599 964 bi,
622 885 677 972 qui
695 898 807 968 postea
827 885 989 951 consecuti
1008 898 1136 969 accepta
1160 887 1239 950 vitae
1261 899 1429 970 praecepta
1456 899 1641 964 tenuerunt,
1665 899 1700 951 ut
1719 889 1856 971 perfecti

553 993 675 1056 essent,
697 981 873 1043 babuerunt
893 1003 976 1056 rem,
999 979 1118 1055 idest,
1142 978 1342 1060 sapientiam:
1365 981 1542 1044 habuerunt
1563 980 1717 1063 speciem,
1740 981 1771 1044 id
1792 993 1852 1060 est,

553 1075 775 1160 eloquentiam.
819 1075 883 1155 Qui
903 1073 1044 1139 homines
1065 1071 1212 1156 quoniam
1234 1094 1276 1134 ex
1297 1073 1408 1137 merito
1424 1073 1548 1138 virtutis
1564 1073 1741 1150 dignissima
1757 1096 1852 1157 prae-

527 1169 613 1233 smia
634 1168 791 1232 consecuti
812 1180 901 1244 stunt,
925 1169 956 1230 id
980 1179 1042 1242 est,
1066 1167 1267 1250 magistratus
1289 1179 1340 1230 aut
1362 1169 1437 1230 alias
1458 1167 1627 1230 utilitates:
1650 1167 1756 1244 multi,
1780 1170 1854 1232 dum

550 1263 688 1346 praemia
709 1262 771 1325 sibi
792 1261 876 1345 paria
899 1273 1069 1343 exoptant,
1100 1281 1135 1323 re
1156 1261 1319 1346 ignorata,
1350 1261 1486 1345 speciem
1506 1262 1606 1326 solam
1627 1259 1715 1344 sequi
1736 1281 1854 1343 coepe·

550 1369 644 1422 runt:
667 1356 784 1429 idest,
807 1355 977 1437 praeterita
999 1353 1167 1436 sapientia,
1191 1353 1289 1418 solam
1311 1353 1433 1420 dicendi
1446 1357 1568 1436 copiam
1584 1353 1743 1418 consecuti
1765 1364 1852 1418 sunt.

550 1451 706 1515 Praemiis
726 1449 832 1534 itaque
861 1449 937 1512 solis
959 1447 1057 1511 indita
1077 1449 1301 1526 commoditas,
1335 1471 1370 1513 re
1391 1449 1557 1533 ignorata,
1587 1449 1721 1530 speeiem
1746 1445 1854 1530 coepit

549 1543 674 1607 vinulis
701 1541 825 1607 imitari.
876 1543 984 1626 Atque
1013 1539 1086 1604 ideo
1114 1540 1263 1625 contigit,
1301 1554 1335 1606 ut
1362 1543 1435 1606 mali
1463 1563 1566 1607 mores
1594 1541 1700 1624 adepti
1726 1542 1852 1623 copiam

508 1637 672 1701 ltdicendi
693 1637 776 1700 circa
797 1638 959 1700 commoda
983 1632 1213 1716 reipublicae,
1237 1632 1305 1699 sola
1331 1634 1528 1721 eloquentia,
1552 1634 1665 1699 omissa
1687 1634 1850 1716 sapientia,

549 1732 611 1795 sint
632 1731 731 1796 abusi.
775 1728 991 1795 Commoditas
1012 1741 1134 1804 autem,
1158 1725 1278 1808 idest,
1301 1751 1400 1813 prava
1422 1729 1548 1795 virttuis
1563 1728 1732 1803 imitatrix,
1756 1727 1852 1790 tertia

548 1825 599 1888 illa
622 1836 692 1900 est,
715 1827 850 1888 honesto
871 1821 918 1885 illi
938 1823 999 1886 soli
1019 1821 1193 1886 contraria.

629 1923 824 1984 Pervertere
852 1919 952 1980 urbes
980 1926 1013 1980 et
1040 1915 1128 1979 uitus
1157 1917 1331 1981 bominum
1361 1915 1572 2004 labefactare
1592 1913 1754 1996 assuevit]
1796 1914 1853 1976 Sic

546 2035 661 2097 supra:
684 2014 814 2081 Bonine
834 2031 881 2074 an
902 2009 984 2073 mali
1002 2009 1082 2092 plats
1102 2011 1256 2074 &tulerit
1276 2011 1468 2076 bominibus
1482 2024 1516 2075 et
1536 2009 1741 2073 ciuitatibus.
1786 2007 1850 2071 His

506 2107 670 2171 taduubus
691 2105 770 2169 enim
792 2105 989 2186 respublica
1012 2102 1148 2166 conflata
1171 2115 1228 2167 est.

570 2190 576 2203 ⁸
632 2200 715 2265 Veri
733 2199 943 2263 simillimum
964 2194 1048 2261 nubi
1069 2196 1215 2278 uidetur]
1257 2197 1352 2263 Nune
1373 2201 1411 2263 de
1426 2198 1630 2264 incommodis
1651 2196 1853 2282 eloquentiae

545 2290 635 2355 locus
657 2289 778 2374 incipit.
822 2287 995 2370 Quaeritur
1017 2301 1138 2364 autem,
1163 2291 1216 2374 qul
1236 2289 1307 2355 fieri
1320 2293 1479 2372 potuerit,
1505 2307 1538 2356 ut
1552 2291 1729 2377 eloquentia
1754 2292 1855 2356 mista

545 2383 735 2464 sapientiae,
759 2404 838 2468 quae
860 2381 1072 2467 congregavit
1093 2383 1255 2461 homiues,
1280 2405 1360 2468 quae
1375 2386 1530 2468 persuasit
1553 2383 1627 2448 rutile
1642 2398 1735 2470 atque
1750 2387 1853 2449 bone·

545 2487 646 2552 stum,
670 2499 750 2562 quae
771 2481 866 2540 urbes
889 2475 1069 2551 constituit,
1093 2475 1161 2540 iura
1183 2475 1309 2552 doestit,
1333 2499 1413 2562 quae
1434 2479 1563 2542 multum
1578 2477 1757 2543 homiuibus
1771 2499 1854 2561 pro·

502 2567 624 2633 retnis:
648 2580 682 2631 ut
697 2571 889 2656 eloquentia,
906 2569 1044 2653 inquam,
1061 2573 1158 2635 mixta
1169 2569 1336 2651 sapientiae
1350 2571 1493 2654 coeperit
1509 2573 1621 2635 obesse
1631 2569 1808 2634 bominibus
1819 2583 1855 2634 et

544 2661 739 2727 civitatibus.
781 2665 856 2728 Hoc
879 2663 998 2727 seilicet
1024 2663 1085 2728 luit
1106 2664 1271 2728 exordium
1300 2663 1465 2729 malorum.
1523 2663 1683 2740 Primum,
1717 2663 1853 2728 urbibus

544 2757 739 2833 constitutis,
752 2777 878 2821 necesse
887 2771 935 2821 est
948 2759 1086 2822 crevisse
1097 2759 1219 2822 easdem
1232 2757 1371 2820 civitates
1382 2753 1738 2840 propriadoctrinasire
1747 2756 1853 2820 vicina

543 2849 756 2914 multitudine:
779 2850 810 2914 in
832 2850 880 2914 his
903 2851 1011 2914 deinde
1034 2872 1097 2916 non
1119 2872 1228 2917 omnes
1250 2849 1404 2932 sapientes
1426 2863 1520 2936 atque
1541 2851 1724 2936 eloquentes
1738 2849 1850 2926 luisse,

543 2945 599 3007 sed
626 2965 767 3026 paucos:
801 2966 987 3030 quamquam
1020 2966 1129 3010 omnes
1157 2946 1238 3008 hanc
1272 2943 1405 3008 habendi
1441 2943 1600 3008 materiam
1637 2945 1866 3009 continerent.·

501 3039 683 3101 2⁵Necesse
708 3059 788 3124 ergo
807 3049 897 3113 erat,
928 3049 962 3102 ut
983 3036 1082 3103 auctis
1103 3037 1328 3122 ettmrtlatisque
1347 3037 1547 3114 civitatibus,
1571 3036 1724 3120 sapientes
1746 3036 1850 3100 bomi-

543 3150 598 3198 nes
619 3141 711 3214 atque
732 3131 916 3215 eloquentes
937 3154 1003 3194 rem
1026 3133 1183 3214 publicam
1206 3135 1416 3218 gubernarent
1428 3129 1592 3224 ipsiusque
1607 3142 1723 3193 tantum
1740 3149 1849 3191 curam

543 3228 718 3308 gererent:
762 3225 985 3308 occupatisque
1014 3225 1096 3289 circa
1125 3247 1192 3290 rem
1220 3223 1375 3307 publicam
1409 3225 1617 3308 sapientibus,
1650 3222 1850 3304 privatorum

542 3316 668 3400 negotia
704 3315 808 3379 callidi
835 3317 978 3381 homines
1007 3331 1038 3381 et
1068 3319 1191 3381 dicaces
1226 3337 1321 3400 agere
1354 3338 1390 3381 ac
1418 3328 1553 3381 tractare
1575 3330 1760 3399 coeperunt.
1804 3317 1852 3380 Et

542 3409 676 3491 primum
708 3431 877 3491 parvarum
911 3411 1221 3484 controversiarum,
1264 3423 1457 3492 postremum
1488 3412 1685 3475 fortunarum
1722 3410 1852 3493 patroni

500 3499 612 3566 tolleri
634 3514 820 3583 coeperunt.
865 3503 927 3584 Qui
949 3525 1043 3587 quum
1064 3504 1222 3566 interdum
1241 3515 1350 3568 contra
1372 3503 1520 3568 iustitiam
1544 3503 1639 3566 malas
1662 3523 1769 3568 causas
1792 3506 1852 3568 de·

540 3595 721 3669 tenderent,
752 3615 845 3676 saepe
867 3596 959 3658 etiam
983 3597 1164 3660 vincerent:
1194 3595 1297 3660 coacti
1317 3610 1388 3660 sunt
1409 3596 1566 3679 sapientes
1595 3595 1651 3671 illi,
1674 3595 1723 3659 rei
1742 3595 1851 3680 publi-

542 3709 598 3751 cae
627 3685 760 3764 intenti,
791 3687 915 3751 civibus
944 3708 981 3752 ae
1008 3687 1194 3753 necessariis
1216 3687 1298 3765 suis,
1321 3689 1469 3753 resistere
1491 3701 1601 3754 contra
1622 3687 1695 3752 illos
1718 3687 1852 3754 callidos

541 3799 578 3844 ac
600 3777 753 3857 disertos,
789 3781 842 3866 qui
870 3779 1050 3846 assiduitate
1079 3782 1202 3846 dicendi
1230 3783 1384 3848 notissimi
1405 3783 1526 3868 populo
1555 3794 1650 3866 atque
1671 3780 1851 3847 amicissimi

542 3894 610 3937 esse
631 3884 814 3956 coeperant.
865 3874 977 3958 ltaque
1008 3875 1059 3939 isti
1088 3875 1193 3940 callidi
1222 3899 1316 3961 quum
1347 3889 1460 3943 contra
1488 3875 1560 3939 illos
1580 3875 1736 3958 sapientes
1758 3875 1851 3940 viros

499 3965 700 4040 reticerent,
737 3987 832 4048 saepe
864 3988 975 4049 pares,
1012 3967 1171 4033 interdum
1200 3968 1381 4053 superiores
1409 3969 1547 4034 luissea
1576 3970 1699 4052 populo
1719 3969 1851 4034 iudicati

541 4071 613 4123 sunt
635 4071 666 4123 et
687 4059 776 4144 digni
795 4058 906 4122 baberi
927 4071 1120 4144 coeperunt,
1152 4064 1291 4147 quirem
1314 4063 1468 4146 publicam
1499 4063 1724 4146 gubernarent.
1768 4059 1851 4142 Qui-

541 4155 600 4216 bus
622 4165 790 4236 postquam
812 4145 977 4217 commissa
998 4156 1197 4237 respublica
1219 4168 1285 4232 est,
1311 4156 1405 4220 multa
1419 4155 1634 4231 incommoda,
1657 4154 1754 4217 multa
1769 4173 1851 4216 nau-

539 4245 641 4331 lragia
663 4246 877 4330 contigerunt.
922 4247 971 4311 lta
993 4270 1075 4333 ergo
1095 4247 1214 4312 iactum
1236 4259 1302 4324 est,
1327 4260 1361 4312 ut
1384 4246 1582 4334 eloquentia,
1606 4267 1686 4333 quae
1710 4245 1851 4329 primum

541 4340 728 4421 prolueret,
752 4342 808 4402 sed
829 4338 925 4402 mixta
947 4340 1136 4423 sapientiae;
1167 4354 1258 4423 post,
1283 4344 1367 4421 sola,
1391 4340 1520 4405 multum
1542 4339 1686 4404 nllecerit
1707 4338 1854 4402 utilitati·

498 4433 601 4498 ttbus
623 4429 672 4495 rei
692 4431 851 4514 publicae.
903 4434 956 4498 Ac
978 4455 1072 4517 quum
1094 4435 1234 4518 petbus
1256 4434 1335 4500 male
1357 4437 1541 4521 eloquentes
1563 4446 1674 4497 cuncta
1696 4453 1853 4520 gereren-

541 4537 618 4602 tur,
647 4523 803 4606 sapientes
825 4523 869 4588 illi
892 4527 1065 4606 deturbati,
1103 4547 1159 4604 ea,
1191 4550 1272 4614 quae
1296 4551 1406 4614 gerere
1428 4537 1676 4604 consueverant,
1707 4525 1852 4590 scribere

541 4628 736 4700 coeperunt;
770 4615 868 4701 bique
895 4618 995 4681 babiti
1023 4631 1095 4682 sunt
1115 4623 1317 4705 philosophi,
1355 4635 1386 4687 et
1407 4623 1544 4705 perbos
1566 4621 1775 4696 factumest,
1816 4630 1853 4681 ut

541 4732 641 4794 usque
669 4713 709 4774 ad
735 4722 876 4774 nostram
898 4713 1078 4777 memoriam
1098 4736 1205 4779 rerum
1235 4717 1438 4781 honestarum
1462 4713 1611 4780 memoria
1633 4722 1726 4796 atque
1748 4711 1852 4775 imita·

540 4805 587 4870 tio
609 4805 801 4888 perveniret.

615 4974 642 5029 5.
661 4969 814 5038 utilitates]
837 5000 868 5012 -
891 4969 1047 5041 dignttates
1064 4970 1117 5036 Cd.
1138 4976 1200 5027 Bas.
1219 4972 1274 5026 Oe.

616 5052 644 5104 8.
665 5047 708 5098 An
728 5046 904 5101 mascator.

614 5123 661 5174 22.
683 5137 792 5172 necesse
810 5125 864 5190 est]
885 5121 932 5174 see
950 5119 1001 5175 ct.
1021 5122 1082 5175 nu.
1103 5123 1144 5178 St.
1164 5119 1225 5176 ΔΜ.
1244 5149 1282 5164 -
1300 5137 1361 5174 nee.
1378 5129 1442 5173 erat
1462 5121 1547 5194 Cepp.
1567 5118 1621 5175 On.

614 5193 661 5252 lto.
680 5199 860 5266 gererentur]
883 5193 1080 5252 sinedrae
1100 5225 1138 5240 -
1156 5205 1323 5265 regerentur
1340 5194 1410 5251 Edd.
1431 5196 1484 5250 Os.
