4434 5959
916 628 1007 713 prs.
1029 630 1078 693 ιι.
1601 620 1660 681 1³⁵
1681 656 1683 659 -

355 765 492 847 putant]
536 768 581 831 Ut
613 767 717 829 ticam
743 767 819 831 alias
844 763 1015 831 divisiones
1035 790 1104 831 csse
1126 770 1163 829 ed
1186 762 1404 849 probationem
1426 763 1659 835 coniecturae,

361 878 424 921 non
446 880 525 944 quas
546 881 641 942 supra
664 859 816 936 diximus,
840 882 983 936 causam,
1007 883 1194 944 personam,
1217 862 1344 924 sactum.

439 955 535 1017 Nam
559 964 592 1015 et
615 953 690 1015 eius
711 953 770 1036 qui
793 953 829 1014 in
854 955 1051 1037 quaestione
1071 956 1203 1038 aliquid
1233 953 1364 1017 dixerit
1391 952 1519 1015 eteius
1546 946 1662 1033 quiin

358 1046 551 1109 testimonio
577 1058 610 1108 et
641 1046 749 1121 ipsius
778 1047 928 1110 rumoris
937 1047 1068 1125 causa]
1126 1050 1169 1115 Ut
1191 1068 1248 1123 ea,
1285 1068 1365 1131 quiae
1388 1034 1544 1107 materiam
1568 1065 1662 1127 argu-

360 1140 471 1201 mentis
499 1142 668 1219 praebent,
705 1150 736 1201 ct
763 1139 831 1214 illa,
870 1161 949 1223 quae
976 1141 1066 1222 quassi
1087 1142 1205 1203 habere
1227 1151 1324 1202 artem
1348 1130 1517 1223 negantur,
1553 1136 1687 1199 iisdems

361 1230 616 1294 attributionibus
648 1232 786 1294 tribuant
815 1244 1000 1307 tractatum
1034 1234 1186 1315 probatio
1213 1256 1254 1297 ex
1276 1233 1382 1295 iisdem
1405 1230 1662 1293 attributiooibus

361 1322 553 1403 reperietur,
578 1320 658 1408 quae
679 1326 774 1385 semel
796 1338 982 1407 praeceptae
1004 1340 1076 1389 sum
1097 1330 1135 1390 de
1157 1328 1363 1390 coniectura.

443 1416 546 1479 Omni
566 1429 682 1479 aretem
703 1418 740 1480 in
759 1439 865 1481 caraea
882 1440 967 1501 pars
983 1434 1268 1504 argumentorum
1288 1433 1337 1483 est
1352 1419 1513 1481 adiuncta
1533 1418 1565 1480 ei
1579 1438 1662 1478 cau·

360 1506 436 1586 sae]
478 1508 524 1571 Et
541 1511 632 1574 locus
659 1510 830 1573 communis
853 1523 1070 1595 argumentum
1093 1524 1159 1575 est:
1192 1524 1449 1596 argumentorum
1477 1522 1576 1573 autem
1600 1515 1663 1574 duo

255 1607 256 1632 ¹
363 1620 503 1682 genera:
553 1624 664 1679 ιιιιιιιιι,
701 1606 787 1687 qnod
818 1604 916 1686 ipsius
946 1626 1059 1667 caussae
1088 1606 1253 1686 proprium
1285 1616 1350 1667 est:
1385 1604 1485 1680 aliud,
1525 1608 1609 1686 quod
1631 1614 1706 1669 etto

362 1692 458 1773 ipsius
480 1705 511 1755 et
532 1693 694 1759 similiums
717 1699 780 1759 hoc
801 1701 1069 1780 quodsecundum
1089 1711 1156 1772 est,
1181 1700 1269 1762 locus
1285 1696 1457 1762 cornmuais
1473 1699 1661 1779 appellatur.

362 1785 484 1848 Veram
506 1786 648 1850 locorum
670 1791 878 1859 communium
901 1812 1016 1873 genera
1038 1802 1110 1853 sunt
1132 1792 1215 1864 ι1ιιο,
1241 1804 1273 1852 ut
1296 1789 1413 1870 etipse
1435 1792 1586 1854 declarat.

444 1882 487 1943 In
517 1901 634 1943 omnes
662 1880 812 1945 eiusdem
837 1884 974 1965 generis
1000 1904 1125 1947 musas
1153 1880 1344 1973 transferri
1375 1885 1549 1947 nonsatis
1574 1906 1665 1946 com-

255 1993 256 1996 ’
364 1972 461 2036 mode
479 1972 605 2055 possit]
646 1975 720 2037 Hoc
734 1988 950 2059 argumentum
970 1988 1018 2039 est
1033 1977 1153 2055 solum,
1178 1998 1241 2039 uon
1257 1988 1473 2059 argumentum
1488 1998 1547 2059 per
1561 1977 1664 2039 locum

365 2077 593 2130 communem*
1677 2093 1707 2141 ts

444 2162 542 2242 Quae
562 2182 609 2222 eac
628 2162 804 2227 contrario
822 2185 953 2248 quoque
970 2164 1092 2227 habeat
1107 2162 1299 2247 probabiles
1313 2164 1478 2244 rationes]
1522 2162 1665 2229 Creden-

255 2295 256 2320 t
365 2256 454 2327 ‹ium3
478 2274 541 2317 noa
563 2256 762 2318 credendum.

446 2345 702 2427 Suspicionibus
722 2348 815 2411 credi
835 2369 904 2412 non
924 2362 1102 2433 oportere,
1125 2362 1187 2413 aut
1208 2350 1378 2433 oportere]
1414 2352 1453 2413 ld
1474 2361 1522 2411 est
1542 2344 1664 2419 thesis.

446 2442 514 2503 Per
532 2440 818 2523 conquestionem]
862 2442 957 2522 Quod
979 2456 1025 2507 est
1046 2445 1210 2525 proprium
1234 2443 1449 2529 epilogorum.

446 2535 501 2597 De
522 2532 644 2615 quibus
666 2545 745 2597 ante
766 2536 895 2597 dictum
921 2537 987 2617 est]
1028 2537 1066 2599 In
1087 2536 1171 2599 libro
1194 2536 1316 2618 primo,
1340 2538 1403 2600 hoc
1423 2546 1487 2613 est,
1510 2534 1542 2597 in
1565 2534 1708 2617 opilo-²⁰

366 2624 432 2709 gis,
453 2626 487 2688 id
504 2637 571 2699 est,
593 2624 625 2687 in
646 2626 861 2691 conclusione.

445 2719 607 2801 Aliquam
629 2721 839 2801 probabilem
865 2734 1009 2804 utraque
1036 2744 1084 2783 ear
1107 2734 1208 2803 parte
1234 2721 1415 2801 rationem]
1459 2721 1547 2783 Haec
1571 2722 1667 2795 θέσις

255 2789 256 2864 i
364 2822 432 2873 est:
452 2812 674 2883 credendum
695 2834 763 2875 non
784 2814 1000 2877 credendum.

447 2904 657 2969 Certiorilrus
678 2905 760 2985 illis]
802 2907 1011 2970 Attditoribus
1032 2907 1164 2970 scilicet.

446 2999 541 3060 Nam
567 3008 600 3059 et
628 3008 702 3060 tum
729 3000 791 3078 [ei]
819 3001 1014 3063 conceditur
1039 3021 1214 3063 commune
1236 3000 1399 3084 quiddam
1423 2997 1548 3077 dicere]
1593 2998 1666 3061 Non
1679 3004 1709 3052 25

356 3091 456 3164 ⁴(lebet
479 3090 559 3152 eninr
581 3090 670 3154 locus
692 3094 865 3156 commtmis
886 3093 1006 3168 induci,
1038 3113 1132 3177 qttrtm
1163 3094 1264 3155 adhinc
1285 3092 1359 3154 nihil
1382 3094 1548 3173 probatum
1572 3102 1631 3153 est.

447 3186 494 3247 tte
517 3184 687 3248 ariditatis
700 3186 836 3250 animus
854 3198 1038 3252 renouatur
1058 3186 1106 3248 ad
1125 3206 1182 3261 ea,
1206 3207 1292 3269 quae
1307 3182 1450 3266 restant]
1495 3186 1577 3249 Post
1591 3205 1668 3265 pro·

255 3323 256 3334 ,
366 3276 523 3341 irationem
545 3298 604 3358 per
625 3278 728 3341 locum
752 3302 958 3343 communem.

446 3371 519 3432 Aret
538 3370 695 3432 omnibus
715 3370 786 3433 iam
809 3373 910 3437 dictis
933 3374 1181 3454 exsuscitatur]
1224 3370 1306 3452 Quia
1329 3384 1359 3435 et
1380 3370 1412 3435 in
1437 3370 1572 3456 epilogis
1599 3383 1670 3433 suut

364 3460 428 3524 loci
450 3483 548 3542 saepe
569 3483 763 3530 communes.
1681 3468 1712 3517 ³⁰

446 3555 575 3619 Omnia
592 3555 680 3617 enim
702 3569 903 3620 ornamenta
926 3558 1141 3638 elocutionis]
1184 3558 1221 3623 Id
1239 3567 1303 3632 est,
1326 3558 1465 3640 figurae:
1491 3578 1571 3642 quiae
1600 3569 1671 3620 sunt

363 3658 417 3709 aut
439 3643 592 3734 σχήματα
612 3650 760 3726 travam,
782 3661 835 3712 attt
855 3646 1007 3739 σχήματα
1027 3652 1137 3733 λέξεως
1159 3662 1211 3715 atat
1233 3647 1383 3739 σχήματα
1404 3645 1521 3736 λόγου,
1547 3662 1580 3712 ut
1602 3649 1672 3733 qui·

370 3742 439 3803 ἆιιιιι
466 3740 588 3804 rolttnt.

448 3835 506 3899 stc
529 3848 707 3900 oratorum
729 3857 861 3919 quoque
883 3840 1068 3900 multorum
1085 3858 1277 3899 communes
1291 3837 1357 3900 1οοὶ
1366 3836 1459 3916 erant]
1481 3838 1561 3899 Nam
1578 3856 1671 3919 qrtrtm

365 3925 428 3989 loci
450 3948 631 3993 communes
652 3929 724 3995 ideo
746 3928 909 4005 dicautur,
932 3933 1019 4014 qumi
1040 3930 1069 3993 in
1091 3930 1207 3993 similes
1223 3950 1332 3993 cattsas
1347 3929 1553 3991 conveniant:
1578 3950 1672 4010 quattus
1685 3935 1715 3983 ³5

366 4022 405 4081 ab
437 4022 620 4087 oratoribus
652 4035 752 4087 tameo
785 4023 946 4100 dicantem,
983 4023 1163 4087 diversitate
1193 4023 1316 4087 dicendi
1347 4022 1401 4085 vix
1437 4031 1570 4105 possunt
1604 4042 1673 4082 esse

255 4123 256 4130 ¹
364 4134 559 4179 citimum·

458 4340 485 4394 7.
503 4336 731 4388 attributiontbna
748 4374 757 4392 .
777 4372 786 4391 .
804 4373 813 4389 .
831 4354 901 4407 quac
919 4336 1004 4387 semel
1016 4336 1266 4406 praecepturum]
1287 4336 1430 4407 Perpetem
1443 4330 1583 4403 legebatur
1597 4346 1677 4385 antea

365 4419 524 4480 praeapte.
542 4414 630 4465 Cara.
668 4410 718 4483 (-
736 4429 805 4482 qaae
822 4414 907 4461 reniet
924 4410 1001 4462 dicta
1019 4419 1085 4462 sunt
1104 4410 1174 4463 Cod.
1195 4408 1270 4483 itas.)

440 4490 487 4541 25.
505 4514 544 4527 -
561 4503 627 4537 nam
641 4492 700 4537 tum
717 4486 878 4543 conceditur
897 4485 965 4539 Cod.
985 4487 1049 4539 Bas.
1164 4508 1167 4515 ¹

439 4562 486 4617 26.
505 4578 562 4613 non
579 4559 661 4613 debet
679 4562 757 4613 locres
778 4564 930 4611 communis
949 4560 1056 4631 induci]
1095 4557 1165 4611 tllud
1186 4560 1308 4630 intellige
1330 4562 1484 4611 communis
1502 4556 1559 4609 loci
1581 4573 1676 4629 genua,

369 4632 440 4705 qnod
462 4650 504 4689 eat
524 4634 701 4707 amplificatio
721 4640 760 4688 ret
779 4650 890 4701 certae,
911 4650 940 4686 ac
961 4638 989 4686 tn
1010 4633 1192 4708 parricidam,
1214 4638 1242 4686 ἰιι
1261 4636 1440 4705 sacrilegium
1459 4650 1513 4703 quo
1537 4630 1571 4685 de
1595 4649 1678 4683 com-

371 4714 447 4763 mnnt
464 4710 529 4763 loco
553 4726 637 4783 agunt
662 4728 696 4763 ex
721 4707 844 4783 proiecto
874 4713 1072 4763 rhetoricorum
1098 4724 1369 4783 progymnasmatnm
1390 4712 1537 4781 scriptores
1559 4707 1679 4759 Hermo-

371 4802 466 4856 genes,
484 4784 602 4849 Theon,
623 4786 811 4858 Aphthonius,
829 4785 979 4858 Emporias
996 4800 1051 4837 ecc.
1071 4784 1160 4838 Cass.

441 4863 488 4919 52.
506 4858 649 4911 schemata
668 4858 821 4929 ὃιανόιας]
840 4859 962 4924 Latinis,
975 4857 1096 4930 figurae
1114 4863 1325 4911 sententiarum.
1344 4860 1430 4913 Care.

444 4932 514 4989 ibid.
532 4932 674 4987 schemata
691 4933 852 5005 λέξεως],Δ
876 4936 979 4987 Latiale
1000 4933 1129 4986 dicantar
1142 4931 1262 5005 figurae
1281 4933 1438 4986 verbarrun.
1457 4932 1544 4986 Cara.

443 5008 515 5063 tatu.
532 5008 673 5061 schema
691 5007 793 5085 λόγου]
815 5006 846 5062 ld
869 5025 921 5072 est,
944 5006 1042 5080 figurae
1062 5012 1206 5061 orationis.
1227 5010 1314 5061 Cara.

443 5089 490 5145 55.
510 5093 541 5137 ut
562 5083 673 5157 qaudam
691 5084 800 5152 votam]
832 5082 879 5139 Sia
900 5085 1112 5139 Fortunatianua
1134 5083 1227 5137 rhetor
1248 5080 1320 5134 libra
1342 5083 1370 5140 5.
1389 5078 1450 5135 etde
1470 5084 1498 5135 in
1515 5078 1682 5153 praeceden-

374 5155 455 5213 tibna.
474 5160 562 5215 cara.
