4434 5959
561 610 623 675 l68
639 705 645 716 .
1072 607 1361 676 vtetottnttts

559 750 674 834 gisam:
697 761 752 813 aut
771 745 1011 816 ratiocinatione
1032 749 1185 833 colliget,
1209 751 1295 834 qutotl
1313 747 1411 812 velint
1434 747 1582 812 adhibere
1608 748 1745 834 aliquam
1757 748 1871 813 delini-

559 845 676 910 tionem
697 843 889 917 adversarii,
913 855 946 905 ut
967 840 1101 925 intelligi
1127 842 1247 924 possit,
1271 842 1346 924 quid
1368 843 1397 904 iu
1421 842 1490 921 lege
1512 842 1569 914 sit;
1592 842 1745 906 innostra
1763 853 1870 906 atrtcrn

558 939 632 1019 lege
652 936 755 1001 omnia
778 957 846 999 ease
869 937 1045 1000 manifesta.
1090 935 1212 999 Deinde
1232 935 1378 1000 debemus
1405 933 1575 1016 adiungere
1599 937 1810 1010 voluntatem,
1834 948 1870 998 ut

441 1052 444 1056 ·
560 1039 600 1093 su
621 1029 772 1111 scripturn
800 1029 944 1092 voluntas
966 1050 1094 1114 quoque
1128 1029 1331 1107 interpretata
1355 1027 1547 1097 consentiat;
1578 1030 1652 1090 dare
1675 1029 1767 1092 etiam
1790 1049 1869 1106 ope-

536 1132 645 1196 tram,
670 1134 704 1186 ut
730 1121 988 1186 adversariorum
1011 1123 1063 1184 lex
1086 1119 1275 1185 contrariam
1299 1121 1410 1182 habeat
1435 1121 1643 1184 uoluntatem,
1681 1121 1772 1185 Etsi
1795 1121 1868 1186 fieri

561 1227 685 1298 potest,
699 1213 951 1276 adversariorum
965 1213 1045 1296 legis
1059 1213 1100 1276 ita
1113 1225 1158 1276 est
1174 1213 1407 1293 interpretanda
1416 1213 1566 1276 sententia
1578 1258 1586 1287 ,
1601 1213 1645 1275 uti
1660 1233 1758 1294 paene
1772 1215 1867 1276 etiam

564 1307 633 1396 ipsa
650 1308 705 1369 lex
721 1305 973 1368 adversariorum
989 1327 1048 1387 per
1067 1306 1238 1369 sententiae
1255 1306 1542 1386 interpretationem
1564 1327 1624 1386 pro
1649 1305 1742 1368 uobis
1759 1307 1866 1370 lacere

560 1401 721 1472 videatur,
746 1411 778 1461 ut
801 1401 909 1461 ambae
930 1399 1019 1476 leges
1040 1410 1167 1462 nostrae
1188 1399 1250 1462 sint
1273 1399 1386 1478 partis:
1412 1420 1470 1460 urm
1493 1409 1599 1460 nostra
1615 1419 1673 1479 per
1690 1399 1864 1479 scriptume

561 1491 812 1555 adversariorum
848 1513 907 1571 per
935 1492 1144 1555 voluntatem.
1202 1491 1359 1555 Postremi
1388 1503 1459 1554 sunt
1487 1491 1549 1554 loci
1581 1512 1783 1567 communes,
1811 1490 1867 1570 qui

519 1585 592 1646 toiu
625 1585 749 1666 legibus
780 1583 948 1648 contrariis
984 1584 1063 1648 sumi
1098 1593 1249 1666 possunt,
1284 1607 1325 1646 cx
1358 1583 1490 1647 utilitate
1523 1596 1554 1648 et
1590 1585 1753 1650 honestate
1784 1582 1865 1666 legis

454 1735 457 1739 ,
566 1698 790 1760 cumscunque.

643 1772 698 1832 Ea
721 1769 872 1832 maxime
902 1769 1135 1832 conservanda
1151 1779 1316 1850 protelem,
1339 1787 1425 1852 punc
1447 1768 1494 1831 ad
1517 1767 1688 1830 maximas
1711 1789 1768 1830 res
1788 1789 1866 1849 per·

560 1861 669 1925 tinere
689 1860 857 1939 videntur]
900 1864 1110 1943 Praeceptum
1134 1861 1195 1924 hoc
1217 1872 1282 1922 est:
1304 1864 1528 1940 comparandas
1551 1861 1636 1942 leges
1658 1883 1744 1935 esse,
1762 1875 1866 1924 utrum

560 1953 643 2018 inter
659 1975 693 2018 se
715 1957 794 2016 duae
815 1955 868 2018 vel
889 1967 954 2018 tres
978 1955 1156 2034 discrepent
1176 1953 1285 2037 leges3
1308 1965 1338 2016 et
1362 1953 1388 2016 si
1410 1953 1530 2016 seruari
1554 1974 1616 2015 non
1644 1966 1777 2033 possunt
1802 1975 1865 2016 arn-

519 2050 638 2122 ttbac,
663 2047 735 2131 quia
757 2047 953 2127 discrepant,
978 2067 1013 2109 ca
1035 2045 1170 2109 maxime
1192 2058 1415 2126 conservetur,
1437 2067 1516 2130 quae
1531 2044 1569 2110 sit
1584 2046 1615 2109 in
1630 2049 1865 2130 comparatione

563 2140 688 2215 utilior,
712 2140 898 2217 honestior,
923 2141 1021 2225 magis
1043 2153 1145 2203 autem
1167 2137 1354 2202 necessaria.

642 2235 703 2296 Ex
731 2226 990 2297 ratiocinatione
1022 2232 1177 2296 noscitur
1203 2232 1449 2309 controuersia,
1481 2255 1585 2317 quum
1608 2255 1655 2296 ear
1680 2253 1739 2306 eo,
1773 2231 1865 2316 quod

561 2324 697 2406 uspiam
714 2337 783 2400 eat,
807 2327 853 2388 nd
869 2327 922 2404 id,
946 2327 1037 2412 qnod
1049 2345 1217 2410 nusquam
1231 2324 1395 2406 scriptum
1408 2337 1478 2400 est,
1498 2326 1707 2408 pervenitur]
1751 2326 1866 2390 Ratio·

561 2417 676 2481 cinatio
699 2419 902 2502 syllogismus
937 2419 1069 2491 (licitum
1105 2419 1328 2482 controversia
1347 2418 1456 2502 legalis
1475 2432 1541 2482 cst:
1565 2419 1658 2482 habet
1677 2429 1862 2494 tractatum,

519 2522 655 2595 ttqsmm
673 2533 713 2574 cx
732 2533 793 2589 eo,
817 2516 903 2597 quod
924 2514 1150 2594 scriptumest,
1173 2512 1217 2586 id,
1238 2513 1324 2592 quod
1345 2512 1496 2594 scriptum
1518 2523 1663 2586 nonest,
1688 2510 1862 2593 colligitur.

562 2603 678 2669 Cicero
701 2605 761 2671 ait:
794 2610 907 2688 Quum
927 2629 974 2669 ex
1000 2627 1052 2680 eo,
1075 2604 1167 2689 quod
1194 2603 1328 2684 uspiam
1348 2603 1412 2679 ait,
1441 2605 1488 2666 od
1514 2605 1561 2678 id,
1585 2605 1675 2688 quon
1695 2625 1865 2688 nusquam

559 2697 726 2779 scriptum
747 2711 817 2774 eat,
837 2698 1055 2780 pervenitur:
1076 2710 1107 2760 et
1126 2700 1221 2760 habet
1239 2699 1350 2760 modos
1368 2719 1455 2774 suos,
1480 2698 1594 2782 quibus
1616 2699 1865 2778 comprehenda-

561 2802 633 2865 tur,
668 2793 718 2854 vel
739 2791 838 2855 simile
855 2814 949 2873 qrutum
972 2791 1149 2873 colligimus
1172 2790 1225 2852 vel
1245 2811 1339 2873 quinam
1359 2791 1458 2854 minus
1477 2789 1655 2872 colligimus
1678 2811 1718 2852 en
1745 2791 1863 2854 maiore

560 2884 612 2948 vel
641 2907 736 2968 qurum
772 2900 982 2967 consequens.
1039 2884 1102 2947 lJat
1135 2883 1332 2964 exemplumt
1368 2887 1424 2946 sed
1453 2885 1530 2948 haec
1563 2884 1593 2946 in
1628 2883 1864 2948 Marcomanno

518 2975 703 3059 nsexempla
728 2989 800 3042 sunt
822 2977 947 3060 positu
978 2980 1030 3042 ‹lat
1050 2973 1226 3058 exemplum
1249 2974 1365 3040 Cicero
1388 2978 1425 3040 de
1448 2997 1506 3052 eo,
1537 2976 1590 3058 qui
1610 2977 1770 3038 dasnnatus
1791 2996 1864 3056 par,

561 3071 661 3134 ricidii
681 3070 712 3136 in
734 3083 1093 3135 carceretcstamentum
1115 3069 1237 3132 fecerit.
1281 3069 1375 3132 Nulla
1406 3069 1528 3150 quidem
1561 3071 1612 3132 lex
1644 3078 1863 3131 testamentum

559 3163 666 3227 lacere
689 3165 837 3246 prohibet
856 3186 943 3239 curru,
969 3164 1023 3247 qui
1043 3165 1202 3225 damnatus
1221 3161 1261 3224 sit
1282 3160 1462 3242 parricidii:
1485 3163 1540 3226 ted
1564 3173 1635 3226 srtnt
1651 3160 1727 3223 aliae
1751 3161 1861 3242 leges,

561 3279 642 3340 quac
668 3258 761 3321 msrlta
789 3259 895 3320 lacere
927 3259 1096 3340 prohibent
1117 3253 1275 3338 parricidii
1296 3275 1384 3317 reum
1406 3266 1437 3318 et
1458 3257 1650 3330 damnaturum
1685 3277 1725 3316 cx
1747 3255 1862 3338 quilma

561 3349 722 3432 colligitur
743 3351 833 3412 ctiam
855 3351 936 3424 hoc,
959 3350 1093 3413 faciendi
1115 3347 1291 3413 testamenti
1312 3347 1397 3410 illum
1419 3369 1481 3410 non
1501 3349 1645 3413 habuisse
1660 3359 1862 3429 potestatem.

519 3457 551 3509 tt
562 3443 642 3505 Item
665 3443 780 3505 multae
802 3444 891 3526 leges
910 3456 982 3506 sunt
1003 3453 1258 3506 testamentorum
1280 3441 1513 3516 faciendorum,
1551 3441 1724 3525 exquibus
1747 3441 1863 3504 iterum

563 3535 743 3617 colligitur,
766 3535 850 3598 hunc
870 3535 1004 3598 faciendi
1026 3536 1199 3598 testamenti
1221 3545 1406 3616 potestatem
1429 3556 1490 3598 nou
1515 3535 1678 3596 habuisse:
1710 3546 1865 3598 tractatus

562 3649 641 3692 vcro
663 3630 811 3692 habetet
838 3629 930 3692 locos
959 3639 1214 3710 argumentorum
1244 3629 1339 3692 tales:
1372 3626 1503 3708 primum
1527 3640 1560 3690 ut
1580 3628 1730 3709 scriptum
1754 3629 1862 3692 laude·

561 3743 629 3784 murs
650 3732 680 3784 et
701 3721 941 3784 confirmemus:
974 3722 1084 3784 deinde
1117 3721 1315 3784 conseramus
1343 3741 1412 3783 cum
1435 3741 1473 3784 eo
1494 3720 1599 3795 lacto,
1629 3721 1717 3804 quod
1736 3721 1865 3806 colligi·

560 3835 628 3877 mm
652 3814 881 3896 adscriptum:
906 3814 1016 3876 deinde
1036 3827 1071 3877 ut
1092 3814 1190 3877 simile
1212 3835 1281 3876 esse
1304 3816 1487 3876 docearnust
1520 3813 1631 3876 deinde
1659 3824 1712 3888 ut,
1736 3811 1764 3874 si
1786 3814 1866 3876 illud

518 3923 548 3973 ³⁵
560 3928 692 3990 aequuum
715 3907 773 3983 sit,
807 3907 869 3970 hoc
891 3927 1018 3990 quinque
1040 3929 1172 3990 aequum
1197 3929 1264 3970 csse
1295 3907 1484 3970 iudicemus:
1518 3907 1627 3972 deinde
1649 3919 1683 3968 ut
1710 3905 1863 3980 dicamus,

559 4021 616 4063 cur
638 4004 675 4064 tle
697 4001 760 4064 hoc
781 4000 933 4080 scriptum
955 4002 1016 4078 sit,
1051 4022 1145 4083 qustum
1170 4002 1207 4062 de
1230 4001 1291 4062 alio
1313 4001 1465 4082 scriptum
1487 4021 1550 4066 non
1571 4001 1630 4074 sit;
1663 4001 1749 4083 qtuod
1771 3997 1865 4082 quasi

559 4093 756 4159 manifestum
776 4092 874 4156 luerit
894 4115 936 4156 ex
956 4113 1015 4170 co,
1038 4095 1126 4177 quod
1146 4092 1297 4174 scriptum
1319 4106 1380 4170 cst,
1415 4093 1506 4158 etiam
1528 4093 1578 4167 id,
1603 4095 1689 4175 quod
1709 4091 1865 4173 scriptum

559 4208 622 4250 non
654 4186 714 4261 sit;
749 4198 780 4250 ct
816 4185 934 4251 idcirco
971 4207 987 4250 a
1020 4185 1176 4267 scriptore
1210 4187 1289 4271 legis
1318 4184 1568 4267 praetermissum
1597 4207 1665 4250 esse
1697 4183 1864 4248 videatur:

559 4281 669 4343 deinde
702 4281 869 4343 doceamus
890 4281 921 4342 in
943 4279 1046 4342 multis
1068 4279 1192 4364 legibus
1215 4280 1309 4342 multa
1332 4279 1514 4361 praeteriri;
1551 4282 1607 4342 sed
1634 4277 1733 4358 accipi
1760 4279 1863 4355 hacc,

517 4392 597 4444 tuac
617 4373 644 4436 si
666 4394 729 4438 non
751 4374 811 4438 sint
832 4372 1019 4455 praeterita,
1044 4394 1085 4436 cx
1105 4371 1141 4436 iis
1163 4371 1300 4448 scilicet,
1324 4393 1404 4455 quac
1424 4370 1541 4454 scripta
1561 4375 1646 4435 sunt.
1669 4373 1758 4435 Haec
1773 4368 1863 4448 dicit,

633 4610 678 4666 16.
698 4614 792 4678 magle
809 4613 913 4680 anetem]
933 4625 969 4664 cc
987 4618 1038 4662 aut
1057 4613 1151 4678 magis
1169 4613 1231 4665 nse.
1251 4610 1350 4666 Malim
1369 4616 1463 4681 magle
1480 4617 1574 4667 etlam.
1594 4613 1648 4668 On.

632 4688 678 4740 22.
696 4699 734 4738 ω
751 4690 866 4738 venitur
885 4687 954 4739 esu.
973 4687 1035 4738 Bas.
1061 4688 1126 4740 Asc.
1386 4727 1390 4734 .
1540 4749 1543 4756 ¹

630 4761 676 4816 25.
694 4759 743 4810 vel
758 4777 839 4828 quarm
857 4763 946 4812 simile
969 4759 1138 4832 colligimur]
1157 4759 1268 4812 Edltnrn
1288 4757 1390 4815 luerat:
1417 4761 1466 4812 vel
1481 4761 1569 4814 stmlle
1587 4779 1668 4832 qautm
1687 4761 1866 4831 colligimus,-

558 4835 682 4898 interm,
699 4848 728 4886 ut
748 4831 870 4899 viderur,
889 4833 995 4889 ordine.
1015 4835 1099 4890 Cure.
1137 4836 1346 4906 (Trantpoattlo
1367 4854 1405 4888 vr.
1426 4840 1578 4889 necessaria
1599 4853 1653 4888 non
1674 4851 1740 4890 erat.
1762 4834 1832 4910 On.)

634 4906 681 4962 2l.
702 4912 732 4960 ln
755 4907 972 4980 Marcomannes]
1004 4911 1112 4964 Nomen
1138 4925 1179 4964 cat
1200 4914 1304 4979 antiqui
1327 4911 1473 4977 llhetorIs,
1501 4913 1534 4962 sle
1553 4927 1607 4981 quo
1626 4909 1687 4964 uide
1707 4911 1863 4984 Sulpicium

558 4982 714 5108 Vtctoppm,
745 4981 859 5039 cursum
883 4985 1109 5039 Fortunattannm
1143 5001 1170 5039 ct
1202 4987 1294 5057 ipsum
1320 4985 1490 5038 Victorinum
1516 4989 1546 5038 ln
1572 4986 1633 5040 tu».
1653 4988 1676 5040 l.
1695 4985 1775 5040 huius
1797 5003 1866 5060 ope-

559 5058 606 5110 rta.
669 5070 727 5110 ιιι.

631 5133 679 5192 56.
696 5149 746 5186 cur
763 5131 798 5186 de
815 5129 842 5187 ta.
862 5150 886 5187 s.
904 5137 958 5201 sit,
977 5135 1069 5205 quum]
1102 5133 1172 5188 cot.
1191 5133 1254 5190 Bac.
1274 5161 1303 5176 -
1327 5151 1407 5204 prtum
1426 5131 1459 5186 de
1478 5129 1505 5187 Ιι.
1524 5151 1548 5186 s.
1567 5137 1620 5200 sit,
1650 5151 1700 5186 cur
1717 5129 1788 5187 Edd.
1808 5133 1864 5188 Oa.
