4434 5959
567 566 630 628 400

564 705 750 790 categoria
782 698 880 792 Πρός
909 729 963 782 τι,
999 715 1033 768 et
1062 703 1099 769 in
1133 705 1281 793 Physica
1301 697 1475 792 ἀκροάσει,
1507 702 1591 768 seiri
1611 701 1748 787 quidem
1764 724 1890 786 posse,

564 818 633 862 non
654 810 769 862 tamen
783 797 867 862 seiri
880 796 1086 886 affirmarit.
1129 799 1288 882 Idemque
1307 797 1532 880 philosophus
1549 797 1771 881 Pythagorae
1790 798 1889 862 illam

566 891 780 976 opinionem,
804 914 909 978 quam
921 905 955 955 et
969 891 1090 958 Cicero
1106 893 1162 956 nte
1181 892 1317 976 attigit,
1342 893 1383 956 de
1406 889 1604 954 caelestium
1616 889 1750 953 orbium
1769 894 1890 954 sonitu

563 998 666 1071 atque
687 987 888 1064 harmonia,
919 987 970 1051 ita
999 982 1058 1050 tit.
1089 988 1122 1050 1.
1153 987 1194 1048 de
1224 988 1329 1051 Caelo
1358 995 1557 1068 oppugnat,
1595 995 1633 1046 ut
1661 993 1797 1047 tantum
1817 1005 1889 1049 raon

564 1079 723 1146 irrideat.
767 1081 928 1148 Oratoris
947 1083 1057 1146 nostri
1076 1081 1179 1146 uerba
1199 1071 1360 1144 subiieio:
1382 1080 1458 1142 Hoc
1479 1077 1585 1142 sonitu
1601 1079 1777 1161 completae
1793 1101 1889 1146 aures

565 1175 726 1239 hominum
750 1178 1009 1241 obsurduerunts
1047 1198 1105 1239 nec
1126 1185 1175 1240 est
1194 1173 1275 1237 ullus
1298 1171 1445 1236 hebetior
1474 1193 1584 1236 sensus
1606 1170 1638 1233 in
1662 1172 1770 1236 vobis:
1805 1177 1889 1239 sicut

564 1269 620 1332 ubi
640 1270 734 1334 Nilus
757 1273 797 1334 ad
817 1269 890 1346 illa,
915 1290 996 1354 quas
1021 1267 1187 1352 Catadupa
1208 1267 1428 1343 nominantur,
1452 1263 1644 1350 praecipitat
1666 1285 1706 1328 ex
1726 1267 1887 1333 altissimis

564 1365 745 1441 montibus,
782 1385 819 1428 ea
842 1385 943 1449 gens,
974 1385 1055 1449 quae
1076 1364 1163 1429 illum
1184 1365 1289 1426 locum
1316 1361 1446 1439 accolit,
1479 1371 1616 1444 propter
1639 1361 1886 1444 magnitudinem

564 1459 687 1524 sonitus
716 1479 811 1522 sensu
839 1457 984 1522 audiendi
1015 1469 1115 1522 caret.
1160 1457 1226 1520 Hic
1247 1475 1328 1518 vero
1354 1465 1460 1518 tantus
1486 1465 1535 1519 sat
1556 1451 1653 1516 totius
1675 1457 1783 1520 mundi
1804 1457 1887 1520 inci-

564 1552 717 1616 tatissima
739 1552 950 1618 conversione
967 1554 1108 1629 sonitus,
1133 1563 1168 1616 ut
1190 1571 1259 1614 eum
1282 1569 1375 1612 aures
1398 1546 1560 1612 homiuum
1582 1565 1697 1628 capere
1719 1569 1783 1614 non
1806 1573 1885 1632 pos·

565 1646 647 1709 sint:
672 1644 754 1710 sieut
775 1646 889 1711 intueri
910 1647 1011 1712 solem
1033 1645 1170 1732 nequitis
1194 1648 1381 1719 adversum,
1404 1641 1536 1726 eiusque
1551 1640 1645 1703 radiis
1669 1641 1752 1706 acies
1777 1658 1886 1709 vestra

565 1761 736 1824 sensusque
758 1740 909 1806 vincitur.
953 1745 1068 1826 Supra
1087 1752 1205 1804 autem
1225 1759 1294 1803 non
1312 1740 1435 1822 longe:
1455 1737 1508 1801 Illi
1532 1750 1635 1802 autem
1659 1746 1735 1801 octo
1757 1757 1885 1827 sumus,

483 1895 489 1901 .
562 1833 731 1917 inquibus
754 1838 861 1900 eadem
883 1834 932 1898 vis
959 1848 1007 1900 cst
1029 1839 1164 1900 duonum
1192 1833 1378 1908 modorum,
1410 1842 1534 1912 septem
1559 1833 1696 1899 efficiunt
1720 1832 1885 1898 distinctos

563 1924 739 1991 intervallis
768 1948 885 1992 sanast
923 1929 978 2012 qui
1008 1949 1156 1992 numerus
1188 1947 1294 1990 sertim
1324 1925 1461 1991 omnium
1483 1926 1553 1989 fere
1575 1930 1679 1993 nodus
1701 1941 1761 1992 est.
1820 1930 1884 1994 Hie

563 2021 655 2084 enim
677 2022 789 2085 modus
811 2033 860 2088 est
874 2023 1005 2087 editum
1019 2023 1115 2087 uideo
1130 2023 1307 2104 locumque
1321 2021 1525 2103 glossemate
1527 2015 1741 2110 foedatum,
1766 2045 1885 2087 noctua

563 2115 714 2178 duarum
737 2116 893 2179 Mercurii
915 2127 947 2180 et
969 2117 1125 2193 Veneris,
1150 2136 1237 2200 quas
1258 2114 1413 2178 intrusus
1427 2136 1475 2178 esc
1488 2135 1554 2178 ora
1569 2116 1734 2181 arbitror.
1773 2117 1886 2180 Theo·

565 2208 672 2273 dorus
693 2209 784 2273 enim
811 2213 912 2276 Gaza
940 2213 1070 2275 Graece
1095 2210 1229 2292 interpr
1229 2209 1355 2272 stando
1387 2208 1575 2291 discrepat.
1635 2208 1748 2277 Vertit
1777 2209 1886 2273 enim:

564 2303 678 2368 ἐκεῖνοί
697 2327 733 2387 ye
765 2299 996 2390 pincianam
1027 2298 1166 2412 δρόμοι,
1199 2293 1243 2368 ὧν
1274 2298 1367 2382 διττὴ
1396 2297 1511 2379 αὐτοῖς
1541 2297 1699 2413 πρόσεστι
1726 2297 1885 2388 δύναμις,

563 2391 645 2460 insci
664 2397 898 2509 διιιρισμέιους
917 2403 985 2475 τοῖς
1006 2391 1263 2482 denominamst
1241 2419 1340 2483 ηχους
1354 2391 1621 2476 tinoteloiotust
1611 2387 1700 2474 ι’ςτις
1719 2389 1833 2463 drr'
1814 2419 1886 2480 αρι-

564 2486 658 2575 apte
679 2486 898 2577 airdeopoa'
878 2488 1031 2597 aucupia
1051 2491 1115 2556 τῶν
1137 2486 1240 2557 ὄντων
1267 2490 1367 2556 ἐστίν.
1424 2491 1553 2554 Nodum
1580 2446 1706 2574 legisse
1727 2487 1886 2552 animad-

563 2595 677 2660 verto,
709 2605 778 2649 non
800 2586 939 2650 modain.
962 2580 1143 2669 σύνδεσμον
1163 2582 1255 2648 enim
1281 2582 1451 2659 reddidit,
1480 2595 1640 2668 caretque
1662 2585 1884 2666 glossemate.

563 2669 651 2741 ἀλλὰ
674 2677 779 2744 ταῦτα
799 2685 859 2764 μιν
881 2675 922 2759 δὴ
944 2673 1056 2770 sadra.
1106 2677 1217 2750 Venio
1237 2675 1285 2738 ad
1306 2675 1502 2760 Eulogium,
1525 2677 1567 2740 de
1587 2677 1686 2740 cuius
1707 2675 1762 2740 tte
1780 2697 1885 2759 prae·

563 2770 699 2834 nomine
728 2771 756 2835 F
758 2793 866 2836 aranu
901 2773 1013 2857 (quod
1027 2749 1115 2833 alibi
1149 2773 1264 2852 legere
1291 2789 1361 2832 non
1382 2768 1534 2850 memini)
1563 2768 1712 2833 venitin
1737 2781 1886 2832 mentem

563 2862 732 2937 dubitare,
755 2885 802 2928 an
821 2887 841 2928 e
862 2863 956 2930 Fabii
976 2868 1029 2929 uel
1049 2862 1195 2928 Flauiani
1212 2863 1259 2928 sit
1278 2873 1498 2945 corruptum
1519 2863 1572 2926 uel
1592 2861 1735 2946 denique
1756 2863 1888 2926 Flavii.

563 2968 603 3020 ut
625 2959 756 3022 Flavius
777 2959 933 3044 Vegetius
963 2959 1038 3024 eius
1054 2981 1165 3042 prope
1194 2956 1348 3043 aequalis
1369 2955 1583 3022 Militarium
1601 2956 1753 3039 scriptor
1772 2955 1884 3019 dictus

563 3062 629 3115 est.
671 3055 815 3118 Mutare
838 3065 952 3116 tamen
972 3052 1097 3135 religio
1119 3053 1184 3126 sit,
1214 3051 1307 3135 quod
1327 3062 1361 3115 et
1381 3051 1418 3114 in
1435 3049 1567 3138 Africa
1590 3062 1624 3114 et
1644 3050 1804 3134 sequiora
1823 3050 1884 3114 illo

563 3165 648 3209 aeuo
668 3149 828 3210 Romana
844 3146 1074 3229 praenomina
1094 3145 1314 3231 gentiumque
1337 3165 1377 3206 ac
1393 3140 1627 3235 familiarum
1647 3142 1789 3207 nomina
1815 3163 1884 3206 non

565 3239 613 3300 ad
633 3240 801 3304 amussim
830 3253 1068 3316 servarentur,
1106 3239 1189 3324 quin
1210 3237 1395 3310 identidem
1415 3237 1452 3300 in
1472 3237 1545 3300 alia
1565 3247 1746 3302 uerterent.
1789 3239 1884 3300 Haec

563 3353 648 3397 uero
668 3336 934 3420 qualiacunque,
957 3333 1166 3400 nobilissime
1189 3331 1274 3408 Tui,
1304 3343 1344 3396 ut
1364 3342 1427 3396 tua
1447 3329 1720 3395 consideratione
1740 3351 1811 3394 non
1831 3330 1883 3392 in·

562 3424 690 3508 digna,
714 3427 821 3491 libens
842 3426 957 3516 offero
978 3429 1019 3492 de
1041 3446 1264 3490 numerorum
1286 3421 1482 3511 mysteriis,
1514 3421 1699 3507 dequibus
1721 3424 1830 3486 multa
1850 3431 1883 3484 et

454 3562 461 3574 ·
562 3519 662 3583 Philo
682 3520 833 3586 Iudaeus
855 3522 1020 3586 disseruit
1040 3532 1074 3585 et
1100 3520 1137 3583 in
1157 3518 1328 3586 Ptottana
1347 3527 1468 3582 nostra
1496 3517 1698 3582 bibliotheca
1716 3514 1883 3582 Nicoma·

562 3613 647 3676 elius
670 3613 859 3678 Gerasinus
881 3613 1007 3699 aliique
1025 3624 1298 3698 pertractarunt.
1356 3615 1473 3676 Tuum
1499 3611 1585 3688 erit,
1615 3631 1685 3694 qua
1704 3631 1741 3674 es
1763 3613 1883 3673 hunta-

563 3704 692 3783 nitate,
715 3728 828 3771 meum
850 3707 886 3769 in
912 3711 962 3772 Te
982 3705 1113 3771 amoris
1129 3707 1260 3792 pignus
1289 3705 1325 3770 in
1348 3707 1473 3772 bonam
1501 3704 1656 3789 accipere
1684 3714 1824 3788 partem
1850 3713 1884 3765 et

562 3800 665 3885 aequi
684 3800 764 3865 boni
774 3799 919 3893 facere.
966 3803 1063 3869 Vale.
