<?xml version="1.0" encoding="UTF-8"?>
<!DOCTYPE html PUBLIC "-//W3C//DTD XHTML 1.0 Transitional//EN"
    "http://www.w3.org/TR/xhtml1/DTD/xhtml1-transitional.dtd">
<html xmlns="http://www.w3.org/1999/xhtml" xml:lang="en" lang="en">
 <head>
  <title>
</title>
<meta http-equiv="Content-Type" content="text/html;charset=utf-8" />
  <meta name='ocr-system' content='tesseract 3.04.00' />
  <meta name='ocr-capabilities' content='ocr_page ocr_carea ocr_par ocr_line ocrx_word'/>
</head>
<body>
  <div class='ocr_page' id='page_1' title='image "./operaquaesupers09halmgoog_0147.png"; bbox 0 0 4434 5959; ppageno 0'>
   <div class='ocr_carea' id='block_1_1' title="bbox 919 659 1651 726">
    <p class='ocr_par' dir='ltr' id='par_1_1' title="bbox 919 659 1651 726">
     <span class='ocr_line' id='line_1_1' title="bbox 919 659 1651 726; baseline -0.005 -1"><span class='ocrx_word' id='word_1_1' title='bbox 919 660 1010 725; x_wconf 85' lang='lat' dir='ltr'><strong>LIB.</strong></span> <span class='ocrx_word' id='word_1_2' title='bbox 1033 660 1083 726; x_wconf 91' lang='lat'><strong>11.</strong></span> <span class='ocrx_word' id='word_1_3' title='bbox 1592 659 1651 723; x_wconf 75' lang='lat' dir='ltr'><strong>tot</strong></span> 
     </span>
    </p>
   </div>
   <div class='ocr_carea' id='block_1_2' title="bbox 346 790 1739 1435">
    <p class='ocr_par' dir='ltr' id='par_1_2' title="bbox 346 790 1739 1435">
     <span class='ocr_line' id='line_1_2' title="bbox 346 790 1652 885; baseline -0.005 -18"><span class='ocrx_word' id='word_1_4' title='bbox 346 801 439 867; x_wconf 90' lang='lat' dir='ltr'><strong>mitti.</strong></span> <span class='ocrx_word' id='word_1_5' title='bbox 485 802 580 885; x_wconf 81' lang='lat' dir='ltr'><strong>Ergo</strong></span> <span class='ocrx_word' id='word_1_6' title='bbox 611 800 795 864; x_wconf 86' lang='lat' dir='ltr'><strong>attributum</strong></span> <span class='ocrx_word' id='word_1_7' title='bbox 826 821 983 884; x_wconf 86' lang='lat' dir='ltr'><strong>personae</strong></span> <span class='ocrx_word' id='word_1_8' title='bbox 1013 790 1089 865; x_wconf 84' lang='lat' dir='ltr'><strong>iacit</strong></span> <span class='ocrx_word' id='word_1_9' title='bbox 1117 823 1272 885; x_wconf 78' lang='lat' dir='ltr'>personae</span> <span class='ocrx_word' id='word_1_10' title='bbox 1293 802 1407 866; x_wconf 76' lang='lat' dir='ltr'><strong>fidcma</strong></span> <span class='ocrx_word' id='word_1_11' title='bbox 1439 801 1525 865; x_wconf 89' lang='lat' dir='ltr'><strong>lacto</strong></span> <span class='ocrx_word' id='word_1_12' title='bbox 1550 810 1652 861; x_wconf 85' lang='lat' dir='ltr'><strong>autem</strong></span> 
     </span>
     <span class='ocr_line' id='line_1_3' title="bbox 347 894 1739 977; baseline -0.002 -19"><span class='ocrx_word' id='word_1_13' title='bbox 347 898 477 977; x_wconf 89' lang='lat' dir='ltr'><strong>prodest</strong></span> <span class='ocrx_word' id='word_1_14' title='bbox 499 896 673 975; x_wconf 89' lang='lat' dir='ltr'><strong>approbata</strong></span> <span class='ocrx_word' id='word_1_15' title='bbox 696 914 846 974; x_wconf 89' lang='lat' dir='ltr'><strong>persona.</strong></span> <span class='ocrx_word' id='word_1_16' title='bbox 904 894 999 973; x_wconf 84' lang='lat' dir='ltr'><strong>Quod</strong></span> <span class='ocrx_word' id='word_1_17' title='bbox 1025 917 1120 977; x_wconf 82' lang='lat' dir='ltr'><strong>qtrum</strong></span> <span class='ocrx_word' id='word_1_18' title='bbox 1149 896 1192 958; x_wconf 91' lang='lat' dir='ltr'><strong>ita</strong></span> <span class='ocrx_word' id='word_1_19' title='bbox 1214 896 1272 972; x_wconf 90' lang='lat' dir='ltr'><strong>sit,</strong></span> <span class='ocrx_word' id='word_1_20' title='bbox 1311 916 1425 959; x_wconf 74' lang='lat' dir='ltr'><strong>nomam</strong></span> <span class='ocrx_word' id='word_1_21' title='bbox 1449 906 1651 977; x_wconf 87' lang='lat' dir='ltr'><strong>praeceptum</strong></span> <span class='ocrx_word' id='word_1_22' title='bbox 1734 940 1739 947; x_wconf 82' lang='lat'><strong>.</strong></span> 
     </span>
     <span class='ocr_line' id='line_1_4' title="bbox 348 984 1654 1071; baseline -0.002 -22"><span class='ocrx_word' id='word_1_23' title='bbox 348 988 448 1060; x_wconf 87' lang='lat' dir='ltr'><strong>dedit;</strong></span> <span class='ocrx_word' id='word_1_24' title='bbox 484 1006 581 1069; x_wconf 89' lang='lat' dir='ltr'>posse</span> <span class='ocrx_word' id='word_1_25' title='bbox 616 1000 745 1070; x_wconf 79' lang='lat' dir='ltr'><strong>qnoque</strong></span> <span class='ocrx_word' id='word_1_26' title='bbox 775 1006 816 1047; x_wconf 84' lang='lat' dir='ltr'><strong>ex</strong></span> <span class='ocrx_word' id='word_1_27' title='bbox 844 1006 1000 1067; x_wconf 79' lang='lat' dir='ltr'>personae</span> <span class='ocrx_word' id='word_1_28' title='bbox 1032 988 1192 1051; x_wconf 71' lang='lat' dir='ltr'><strong>attributis</strong></span> <span class='ocrx_word' id='word_1_29' title='bbox 1224 998 1257 1051; x_wconf 89' lang='lat' dir='ltr'><strong>et</strong></span> <span class='ocrx_word' id='word_1_30' title='bbox 1287 990 1490 1071; x_wconf 83' lang='lat' dir='ltr'><strong>negotiorum</strong></span> <span class='ocrx_word' id='word_1_31' title='bbox 1519 984 1654 1069; x_wconf 88' lang='lat' dir='ltr'><strong>probari</strong></span> 
     </span>
     <span class='ocr_line' id='line_1_5' title="bbox 347 1078 1653 1163; baseline -0.003 -19"><span class='ocrx_word' id='word_1_32' title='bbox 347 1081 482 1155; x_wconf 84' lang='lat' dir='ltr'><strong>iactum,</strong></span> <span class='ocrx_word' id='word_1_33' title='bbox 512 1081 575 1142; x_wconf 89' lang='lat' dir='ltr'><strong>boe</strong></span> <span class='ocrx_word' id='word_1_34' title='bbox 595 1089 660 1152; x_wconf 91' lang='lat' dir='ltr'><strong>est,</strong></span> <span class='ocrx_word' id='word_1_35' title='bbox 695 1078 870 1161; x_wconf 81' lang='lat' dir='ltr'><strong>negotium.</strong></span> <span class='ocrx_word' id='word_1_36' title='bbox 913 1079 1039 1144; x_wconf 76' lang='lat' dir='ltr'><strong>Idcirco</strong></span> <span class='ocrx_word' id='word_1_37' title='bbox 1064 1080 1189 1143; x_wconf 78' lang='lat' dir='ltr'><strong>Ttrllius</strong></span> <span class='ocrx_word' id='word_1_38' title='bbox 1211 1093 1411 1163; x_wconf 87' lang='lat' dir='ltr'><strong>praeceptum</strong></span> <span class='ocrx_word' id='word_1_39' title='bbox 1435 1079 1535 1154; x_wconf 84' lang='lat' dir='ltr'><strong>dedit,</strong></span> <span class='ocrx_word' id='word_1_40' title='bbox 1560 1099 1653 1161; x_wconf 89' lang='lat' dir='ltr'>posse</span> 
     </span>
     <span class='ocr_line' id='line_1_6' title="bbox 348 1171 1678 1258; baseline 0.002 -24"><span class='ocrx_word' id='word_1_41' title='bbox 348 1193 476 1255; x_wconf 78' lang='lat' dir='ltr'><strong>quoque</strong></span> <span class='ocrx_word' id='word_1_42' title='bbox 504 1192 545 1235; x_wconf 83' lang='lat' dir='ltr'><strong>cx</strong></span> <span class='ocrx_word' id='word_1_43' title='bbox 574 1171 732 1235; x_wconf 79' lang='lat' dir='ltr'><strong>attributis</strong></span> <span class='ocrx_word' id='word_1_44' title='bbox 765 1191 921 1253; x_wconf 78' lang='lat' dir='ltr'>personae</span> <span class='ocrx_word' id='word_1_45' title='bbox 950 1183 983 1234; x_wconf 93' lang='lat' dir='ltr'><strong>et</strong></span> <span class='ocrx_word' id='word_1_46' title='bbox 1010 1175 1209 1258; x_wconf 84' lang='lat' dir='ltr'><strong>negotiorum</strong></span> <span class='ocrx_word' id='word_1_47' title='bbox 1241 1174 1485 1256; x_wconf 76' lang='lat' dir='ltr'>approbationes</span> <span class='ocrx_word' id='word_1_48' title='bbox 1509 1171 1592 1235; x_wconf 88' lang='lat' dir='ltr'><strong>nasci</strong></span> <span class='ocrx_word' id='word_1_49' title='bbox 1615 1188 1678 1237; x_wconf 72' lang='lat' dir='ltr'><strong>ext</strong></span> 
     </span>
     <span class='ocr_line' id='line_1_7' title="bbox 349 1264 1655 1349; baseline -0.001 -22"><span class='ocrx_word' id='word_1_50' title='bbox 349 1279 481 1349; x_wconf 84' lang='lat' dir='ltr'><strong>utraque</strong></span> <span class='ocrx_word' id='word_1_51' title='bbox 504 1265 683 1346; x_wconf 85' lang='lat' dir='ltr'><strong>suspicione</strong></span> <span class='ocrx_word' id='word_1_52' title='bbox 704 1284 898 1328; x_wconf 90' lang='lat' dir='ltr'><strong>communes.</strong></span> <span class='ocrx_word' id='word_1_53' title='bbox 945 1265 1032 1327; x_wconf 91' lang='lat' dir='ltr'><strong>lnter</strong></span> <span class='ocrx_word' id='word_1_54' title='bbox 1053 1264 1201 1329; x_wconf 87' lang='lat' dir='ltr'><strong>attributa</strong></span> <span class='ocrx_word' id='word_1_55' title='bbox 1224 1286 1378 1348; x_wconf 88' lang='lat' dir='ltr'><strong>personae</strong></span> <span class='ocrx_word' id='word_1_56' title='bbox 1398 1266 1564 1349; x_wconf 88' lang='lat' dir='ltr'><strong>accipimus</strong></span> <span class='ocrx_word' id='word_1_57' title='bbox 1586 1264 1655 1327; x_wconf 86' lang='lat' dir='ltr'><strong>lor·</strong></span> 
     </span>
     <span class='ocr_line' id='line_1_8' title="bbox 348 1356 1654 1435; baseline -0.001 -15"><span class='ocrx_word' id='word_1_58' title='bbox 348 1370 471 1433; x_wconf 71' lang='lat' dir='ltr'><strong>temam,</strong></span> <span class='ocrx_word' id='word_1_59' title='bbox 503 1368 666 1434; x_wconf 82' lang='lat' dir='ltr'><strong>catinam,</strong></span> <span class='ocrx_word' id='word_1_60' title='bbox 700 1357 833 1432; x_wconf 73' lang='lat' dir='ltr'><strong>virttem,</strong></span> <span class='ocrx_word' id='word_1_61' title='bbox 865 1356 986 1432; x_wconf 90' lang='lat' dir='ltr'><strong>studia,</strong></span> <span class='ocrx_word' id='word_1_62' title='bbox 1020 1357 1119 1433; x_wconf 84' lang='lat' dir='ltr'><strong>iacta,</strong></span> <span class='ocrx_word' id='word_1_63' title='bbox 1150 1380 1259 1432; x_wconf 84' lang='lat' dir='ltr'><strong>casus,</strong></span> <span class='ocrx_word' id='word_1_64' title='bbox 1291 1357 1469 1435; x_wconf 88' lang='lat' dir='ltr'><strong>orationes,</strong></span> <span class='ocrx_word' id='word_1_65' title='bbox 1500 1357 1654 1432; x_wconf 89' lang='lat' dir='ltr'><strong>consilia,</strong></span> 
     </span>
    </p>
   </div>
   <div class='ocr_carea' id='block_1_3' title="bbox 249 1450 1654 1541">
    <p class='ocr_par' dir='ltr' id='par_1_3' title="bbox 249 1450 1654 1541">
     <span class='ocr_line' id='line_1_9' title="bbox 249 1450 1654 1541; baseline 0 -28"><span class='ocrx_word' id='word_1_66' title='bbox 249 1471 250 1488; x_wconf 62' lang='lat'>¹</span> <span class='ocrx_word' id='word_1_67' title='bbox 349 1451 502 1514; x_wconf 87' lang='lat' dir='ltr'><strong>babitum.</strong></span> <span class='ocrx_word' id='word_1_68' title='bbox 547 1453 638 1513; x_wconf 88' lang='lat' dir='ltr'><strong>Haec</strong></span> <span class='ocrx_word' id='word_1_69' title='bbox 664 1452 772 1534; x_wconf 89' lang='lat' dir='ltr'><strong>utique</strong></span> <span class='ocrx_word' id='word_1_70' title='bbox 800 1450 827 1511; x_wconf 94' lang='lat' dir='ltr'><strong>si</strong></span> <span class='ocrx_word' id='word_1_71' title='bbox 862 1450 1012 1513; x_wconf 85' lang='lat' dir='ltr'><strong>attributa</strong></span> <span class='ocrx_word' id='word_1_72' title='bbox 1043 1472 1198 1533; x_wconf 84' lang='lat' dir='ltr'><strong>personae</strong></span> <span class='ocrx_word' id='word_1_73' title='bbox 1227 1452 1414 1541; x_wconf 87' lang='lat' dir='ltr'><strong>accipimus,</strong></span> <span class='ocrx_word' id='word_1_74' title='bbox 1449 1451 1530 1515; x_wconf 90' lang='lat' dir='ltr'><strong>sicut</strong></span> <span class='ocrx_word' id='word_1_75' title='bbox 1560 1472 1654 1531; x_wconf 90' lang='lat' dir='ltr'><strong>supra</strong></span> 
     </span>
    </p>
   </div>
   <div class='ocr_carea' id='block_1_4' title="bbox 348 1542 1697 1909">
    <p class='ocr_par' dir='ltr' id='par_1_4' title="bbox 348 1542 1697 1909">
     <span class='ocr_line' id='line_1_10' title="bbox 349 1542 1653 1628; baseline -0.002 -22"><span class='ocrx_word' id='word_1_76' title='bbox 349 1543 501 1618; x_wconf 83' lang='lat' dir='ltr'><strong>diximus,</strong></span> <span class='ocrx_word' id='word_1_77' title='bbox 523 1562 690 1623; x_wconf 86' lang='lat' dir='ltr'><strong>personam</strong></span> <span class='ocrx_word' id='word_1_78' title='bbox 712 1544 913 1624; x_wconf 84' lang='lat' dir='ltr'><strong>probabunt:</strong></span> <span class='ocrx_word' id='word_1_79' title='bbox 937 1564 1045 1606; x_wconf 84' lang='lat' dir='ltr'><strong>verum</strong></span> <span class='ocrx_word' id='word_1_80' title='bbox 1067 1544 1274 1627; x_wconf 84' lang='lat' dir='ltr'><strong>perspiciente</strong></span> <span class='ocrx_word' id='word_1_81' title='bbox 1297 1546 1420 1608; x_wconf 89' lang='lat' dir='ltr'><strong>ratione</strong></span> <span class='ocrx_word' id='word_1_82' title='bbox 1442 1557 1472 1607; x_wconf 92' lang='lat' dir='ltr'><strong>et</strong></span> <span class='ocrx_word' id='word_1_83' title='bbox 1494 1542 1653 1628; x_wconf 84' lang='lat' dir='ltr'><strong>negotium</strong></span> 
     </span>
     <span class='ocr_line' id='line_1_11' title="bbox 349 1636 1697 1723; baseline -0.001 -24"><span class='ocrx_word' id='word_1_84' title='bbox 349 1638 492 1719; x_wconf 82' lang='lat' dir='ltr'><strong>probare</strong></span> <span class='ocrx_word' id='word_1_85' title='bbox 520 1648 682 1717; x_wconf 88' lang='lat' dir='ltr'><strong>poterunt.</strong></span> <span class='ocrx_word' id='word_1_86' title='bbox 736 1637 774 1699; x_wconf 91' lang='lat' dir='ltr'><strong>In</strong></span> <span class='ocrx_word' id='word_1_87' title='bbox 806 1637 957 1708; x_wconf 80' lang='lat' dir='ltr'><strong>fortuna,</strong></span> <span class='ocrx_word' id='word_1_88' title='bbox 994 1637 1111 1721; x_wconf 85' lang='lat' dir='ltr'><strong>inquit,</strong></span> <span class='ocrx_word' id='word_1_89' title='bbox 1146 1649 1306 1719; x_wconf 89' lang='lat' dir='ltr'><strong>spectatur</strong></span> <span class='ocrx_word' id='word_1_90' title='bbox 1327 1638 1477 1723; x_wconf 81' lang='lat' dir='ltr'><strong>dignitas,</strong></span> <span class='ocrx_word' id='word_1_91' title='bbox 1512 1636 1697 1709; x_wconf 78' lang='lat' dir='ltr'><strong>divitiae,10</strong></span> 
     </span>
     <span class='ocr_line' id='line_1_12' title="bbox 350 1728 1656 1813; baseline 0.001 -23"><span class='ocrx_word' id='word_1_92' title='bbox 350 1728 514 1793; x_wconf 69' lang='lat' dir='ltr'><strong>conditior</strong></span> <span class='ocrx_word' id='word_1_93' title='bbox 536 1730 616 1794; x_wconf 89' lang='lat' dir='ltr'><strong>baec</strong></span> <span class='ocrx_word' id='word_1_94' title='bbox 638 1729 886 1812; x_wconf 74' lang='lat' dir='ltr'><strong>licet‘personae</strong></span> <span class='ocrx_word' id='word_1_95' title='bbox 907 1729 1055 1792; x_wconf 84' lang='lat' dir='ltr'><strong>attributa</strong></span> <span class='ocrx_word' id='word_1_96' title='bbox 1074 1732 1153 1807; x_wconf 90' lang='lat' dir='ltr'><strong>sint,</strong></span> <span class='ocrx_word' id='word_1_97' title='bbox 1178 1742 1279 1793; x_wconf 87' lang='lat' dir='ltr'><strong>tamen</strong></span> <span class='ocrx_word' id='word_1_98' title='bbox 1304 1752 1398 1813; x_wconf 83' lang='lat' dir='ltr'><strong>qrrrun</strong></span> <span class='ocrx_word' id='word_1_99' title='bbox 1423 1730 1514 1794; x_wconf 81' lang='lat' dir='ltr'><strong>dico:</strong></span> <span class='ocrx_word' id='word_1_100' title='bbox 1553 1728 1656 1793; x_wconf 81' lang='lat' dir='ltr'><strong>Dices</strong></span> 
     </span>
     <span class='ocr_line' id='line_1_13' title="bbox 348 1820 1657 1909; baseline -0.001 -24"><span class='ocrx_word' id='word_1_101' title='bbox 348 1834 415 1896; x_wconf 83' lang='lat' dir='ltr'><strong>est,</strong></span> <span class='ocrx_word' id='word_1_102' title='bbox 439 1820 585 1909; x_wconf 82' lang='lat' dir='ltr'><strong>affectat</strong></span> <span class='ocrx_word' id='word_1_103' title='bbox 602 1824 839 1909; x_wconf 79' lang='lat' dir='ltr'><strong>tyrannidem:</strong></span> <span class='ocrx_word' id='word_1_104' title='bbox 860 1829 996 1896; x_wconf 72' lang='lat' dir='ltr'><strong>servm,</strong></span> <span class='ocrx_word' id='word_1_105' title='bbox 1016 1822 1131 1905; x_wconf 85' lang='lat' dir='ltr'><strong>potuit</strong></span> <span class='ocrx_word' id='word_1_106' title='bbox 1151 1821 1320 1887; x_wconf 86' lang='lat' dir='ltr'><strong>occidere:</strong></span> <span class='ocrx_word' id='word_1_107' title='bbox 1341 1825 1478 1900; x_wconf 77' lang='lat' dir='ltr'><strong>Gonsrd,</strong></span> <span class='ocrx_word' id='word_1_108' title='bbox 1495 1843 1562 1886; x_wconf 85' lang='lat' dir='ltr'><strong>uon</strong></span> <span class='ocrx_word' id='word_1_109' title='bbox 1572 1841 1657 1905; x_wconf 86' lang='lat' dir='ltr'><strong>pro·</strong></span> 
     </span>
    </p>
   </div>
   <div class='ocr_carea' id='block_1_5' title="bbox 249 1911 1657 1999">
    <p class='ocr_par' dir='ltr' id='par_1_5' title="bbox 249 1911 1657 1999">
     <span class='ocr_line' id='line_1_14' title="bbox 249 1911 1657 1999; baseline -0.001 -23"><span class='ocrx_word' id='word_1_110' title='bbox 249 1965 250 1976; x_wconf 67' lang='grc'>,</span> <span class='ocrx_word' id='word_1_111' title='bbox 349 1914 437 1979; x_wconf 81' lang='lat' dir='ltr'><strong>didit</strong></span> <span class='ocrx_word' id='word_1_112' title='bbox 461 1918 636 1997; x_wconf 70' lang='lat' dir='ltr'><strong>patriomr</strong></span> <span class='ocrx_word' id='word_1_113' title='bbox 670 1930 889 1999; x_wconf 77' lang='lat' dir='ltr'><strong>argumentum</strong></span> <span class='ocrx_word' id='word_1_114' title='bbox 918 1918 1009 1981; x_wconf 81' lang='lat' dir='ltr'><strong>sactis</strong></span> <span class='ocrx_word' id='word_1_115' title='bbox 1037 1936 1054 1977; x_wconf 84' lang='lat' dir='ltr'><strong>a</strong></span> <span class='ocrx_word' id='word_1_116' title='bbox 1083 1937 1238 1997; x_wconf 83' lang='lat' dir='ltr'>personae</span> <span class='ocrx_word' id='word_1_117' title='bbox 1260 1916 1418 1979; x_wconf 80' lang='lat' dir='ltr'><strong>attributis</strong></span> <span class='ocrx_word' id='word_1_118' title='bbox 1437 1915 1535 1979; x_wconf 86' lang='lat' dir='ltr'><strong>facio.</strong></span> <span class='ocrx_word' id='word_1_119' title='bbox 1579 1911 1657 1977; x_wconf 87' lang='lat' dir='ltr'><strong>Pari</strong></span> 
     </span>
    </p>
   </div>
   <div class='ocr_carea' id='block_1_6' title="bbox 350 2008 1750 2095">
    <p class='ocr_par' dir='ltr' id='par_1_6' title="bbox 350 2008 1750 2095">
     <span class='ocr_line' id='line_1_15' title="bbox 350 2008 1750 2095; baseline -0.003 -24"><span class='ocrx_word' id='word_1_120' title='bbox 350 2011 446 2072; x_wconf 89' lang='lat' dir='ltr'><strong>modo</strong></span> <span class='ocrx_word' id='word_1_121' title='bbox 469 2009 509 2071; x_wconf 86' lang='lat' dir='ltr'><strong>dc</strong></span> <span class='ocrx_word' id='word_1_122' title='bbox 530 2009 686 2072; x_wconf 76' lang='lat' dir='ltr'><strong>consilior</strong></span> <span class='ocrx_word' id='word_1_123' title='bbox 710 2009 760 2085; x_wconf 91' lang='lat' dir='ltr'><strong>si,</strong></span> <span class='ocrx_word' id='word_1_124' title='bbox 782 2012 897 2095; x_wconf 83' lang='lat' dir='ltr'><strong>quibus</strong></span> <span class='ocrx_word' id='word_1_125' title='bbox 918 2008 1057 2076; x_wconf 89' lang='lat' dir='ltr'><strong>consiliis</strong></span> <span class='ocrx_word' id='word_1_126' title='bbox 1080 2008 1248 2092; x_wconf 87' lang='lat' dir='ltr'><strong>aliquando</strong></span> <span class='ocrx_word' id='word_1_127' title='bbox 1270 2009 1420 2085; x_wconf 68' lang='lat' dir='ltr'><strong>incussit,</strong></span> <span class='ocrx_word' id='word_1_128' title='bbox 1444 2008 1559 2081; x_wconf 81' lang='lat' dir='ltr'><strong>dicam,</strong></span> <span class='ocrx_word' id='word_1_129' title='bbox 1583 2030 1656 2089; x_wconf 88' lang='lat' dir='ltr'><strong>per·</strong></span> <span class='ocrx_word' id='word_1_130' title='bbox 1745 2048 1750 2067; x_wconf 82' lang='lat'><strong>.</strong></span> 
     </span>
    </p>
   </div>
   <div class='ocr_carea' id='block_1_7' title="bbox 249 2099 1698 2187">
    <p class='ocr_par' dir='ltr' id='par_1_7' title="bbox 249 2099 1698 2187">
     <span class='ocr_line' id='line_1_16' title="bbox 249 2099 1698 2187; baseline 0.001 -25"><span class='ocrx_word' id='word_1_131' title='bbox 249 2111 250 2116; x_wconf 77' lang='grc'>’</span> <span class='ocrx_word' id='word_1_132' title='bbox 350 2122 428 2165; x_wconf 87' lang='lat' dir='ltr'><strong>sona</strong></span> <span class='ocrx_word' id='word_1_133' title='bbox 449 2112 499 2164; x_wconf 92' lang='lat' dir='ltr'><strong>est</strong></span> <span class='ocrx_word' id='word_1_134' title='bbox 520 2103 720 2183; x_wconf 86' lang='lat' dir='ltr'><strong>approbata:</strong></span> <span class='ocrx_word' id='word_1_135' title='bbox 744 2102 791 2177; x_wconf 85' lang='lat' dir='ltr'><strong>si,</strong></span> <span class='ocrx_word' id='word_1_136' title='bbox 814 2125 879 2187; x_wconf 82' lang='lat' dir='ltr'><strong>qtro</strong></span> <span class='ocrx_word' id='word_1_137' title='bbox 900 2125 981 2167; x_wconf 83' lang='lat' dir='ltr'><strong>nrrnc</strong></span> <span class='ocrx_word' id='word_1_138' title='bbox 1003 2122 1078 2164; x_wconf 88' lang='lat' dir='ltr'><strong>usus</strong></span> <span class='ocrx_word' id='word_1_139' title='bbox 1098 2099 1138 2162; x_wconf 91' lang='lat' dir='ltr'><strong>sit</strong></span> <span class='ocrx_word' id='word_1_140' title='bbox 1160 2100 1295 2165; x_wconf 86' lang='lat' dir='ltr'><strong>consilio</strong></span> <span class='ocrx_word' id='word_1_141' title='bbox 1316 2121 1472 2183; x_wconf 88' lang='lat' dir='ltr'><strong>personae</strong></span> <span class='ocrx_word' id='word_1_142' title='bbox 1491 2102 1698 2175; x_wconf 77' lang='lat' dir='ltr'><strong>attributo,15</strong></span> 
     </span>
    </p>
   </div>
   <div class='ocr_carea' id='block_1_8' title="bbox 350 2192 1701 2835">
    <p class='ocr_par' dir='ltr' id='par_1_8' title="bbox 350 2192 1701 2835">
     <span class='ocr_line' id='line_1_17' title="bbox 350 2192 1659 2280; baseline 0 -25"><span class='ocrx_word' id='word_1_143' title='bbox 350 2192 468 2255; x_wconf 82' lang='lat' dir='ltr'><strong>iactum</strong></span> <span class='ocrx_word' id='word_1_144' title='bbox 491 2196 652 2275; x_wconf 85' lang='lat' dir='ltr'><strong>probabo.</strong></span> <span class='ocrx_word' id='word_1_145' title='bbox 697 2196 789 2280; x_wconf 84' lang='lat' dir='ltr'><strong>Ergo</strong></span> <span class='ocrx_word' id='word_1_146' title='bbox 811 2198 886 2260; x_wconf 90' lang='lat' dir='ltr'><strong>satis</strong></span> <span class='ocrx_word' id='word_1_147' title='bbox 907 2199 1024 2259; x_wconf 71' lang='lat' dir='ltr'><strong>clarium</strong></span> <span class='ocrx_word' id='word_1_148' title='bbox 1047 2204 1114 2267; x_wconf 91' lang='lat' dir='ltr'><strong>est,</strong></span> <span class='ocrx_word' id='word_1_149' title='bbox 1138 2193 1169 2256; x_wconf 93' lang='lat' dir='ltr'><strong>in</strong></span> <span class='ocrx_word' id='word_1_150' title='bbox 1191 2195 1416 2259; x_wconf 88' lang='lat' dir='ltr'><strong>constitutione</strong></span> <span class='ocrx_word' id='word_1_151' title='bbox 1437 2194 1659 2261; x_wconf 84' lang='lat' dir='ltr'><strong>coniecturali</strong></span> 
     </span>
     <span class='ocr_line' id='line_1_18' title="bbox 354 2286 1658 2371; baseline 0 -22"><span class='ocrx_word' id='word_1_152' title='bbox 354 2297 541 2371; x_wconf 82' lang='lat' dir='ltr'><strong>argumenta</strong></span> <span class='ocrx_word' id='word_1_153' title='bbox 563 2286 631 2349; x_wconf 87' lang='lat' dir='ltr'><strong>lieri</strong></span> <span class='ocrx_word' id='word_1_154' title='bbox 653 2308 749 2370; x_wconf 89' lang='lat' dir='ltr'>posse</span> <span class='ocrx_word' id='word_1_155' title='bbox 770 2291 976 2353; x_wconf 88' lang='lat' dir='ltr'><strong>communiter</strong></span> <span class='ocrx_word' id='word_1_156' title='bbox 997 2288 1087 2351; x_wconf 89' lang='lat' dir='ltr'><strong>etde</strong></span> <span class='ocrx_word' id='word_1_157' title='bbox 1110 2306 1264 2367; x_wconf 88' lang='lat' dir='ltr'><strong>personae</strong></span> <span class='ocrx_word' id='word_1_158' title='bbox 1286 2288 1443 2350; x_wconf 86' lang='lat' dir='ltr'><strong>attributis</strong></span> <span class='ocrx_word' id='word_1_159' title='bbox 1466 2301 1497 2351; x_wconf 90' lang='lat' dir='ltr'><strong>et</strong></span> <span class='ocrx_word' id='word_1_160' title='bbox 1512 2288 1658 2370; x_wconf 83' lang='lat' dir='ltr'><strong>negotio-</strong></span> 
     </span>
     <span class='ocr_line' id='line_1_19' title="bbox 354 2378 1659 2462; baseline 0 -21"><span class='ocrx_word' id='word_1_161' title='bbox 354 2400 442 2453; x_wconf 88' lang='lat' dir='ltr'><strong>rum,</strong></span> <span class='ocrx_word' id='word_1_162' title='bbox 482 2390 518 2440; x_wconf 90' lang='lat' dir='ltr'><strong>nt</strong></span> <span class='ocrx_word' id='word_1_163' title='bbox 541 2378 658 2442; x_wconf 82' lang='lat' dir='ltr'><strong>factum</strong></span> <span class='ocrx_word' id='word_1_164' title='bbox 689 2384 856 2462; x_wconf 90' lang='lat' dir='ltr'><strong>probetur.</strong></span> <span class='ocrx_word' id='word_1_165' title='bbox 912 2380 1075 2462; x_wconf 83' lang='lat' dir='ltr'><strong>Praecipit</strong></span> <span class='ocrx_word' id='word_1_166' title='bbox 1102 2393 1267 2461; x_wconf 86' lang='lat' dir='ltr'><strong>praeterea</strong></span> <span class='ocrx_word' id='word_1_167' title='bbox 1296 2379 1328 2443; x_wconf 93' lang='lat' dir='ltr'><strong>in</strong></span> <span class='ocrx_word' id='word_1_168' title='bbox 1357 2384 1415 2444; x_wconf 90' lang='lat' dir='ltr'><strong>bac</strong></span> <span class='ocrx_word' id='word_1_169' title='bbox 1436 2380 1659 2444; x_wconf 85' lang='lat' dir='ltr'><strong>constitutione</strong></span> 
     </span>
     <span class='ocr_line' id='line_1_20' title="bbox 352 2470 1655 2559; baseline 0.002 -26"><span class='ocrx_word' id='word_1_170' title='bbox 352 2470 613 2534; x_wconf 89' lang='lat' dir='ltr'><strong>considerandum</strong></span> <span class='ocrx_word' id='word_1_171' title='bbox 631 2473 866 2554; x_wconf 84' lang='lat' dir='ltr'><strong>principaliter,</strong></span> <span class='ocrx_word' id='word_1_172' title='bbox 891 2474 979 2559; x_wconf 88' lang='lat' dir='ltr'><strong>qnod</strong></span> <span class='ocrx_word' id='word_1_173' title='bbox 998 2474 1028 2537; x_wconf 91' lang='lat' dir='ltr'><strong>in</strong></span> <span class='ocrx_word' id='word_1_174' title='bbox 1051 2474 1236 2557; x_wconf 86' lang='lat' dir='ltr'><strong>quaestione</strong></span> <span class='ocrx_word' id='word_1_175' title='bbox 1257 2486 1321 2549; x_wconf 90' lang='lat' dir='ltr'><strong>est,</strong></span> <span class='ocrx_word' id='word_1_176' title='bbox 1346 2496 1385 2537; x_wconf 87' lang='lat' dir='ltr'><strong>an</strong></span> <span class='ocrx_word' id='word_1_177' title='bbox 1404 2474 1471 2535; x_wconf 80' lang='lat' dir='ltr'><strong>ficri</strong></span> <span class='ocrx_word' id='word_1_178' title='bbox 1494 2474 1655 2555; x_wconf 80' lang='lat' dir='ltr'><strong>potuerita</strong></span> 
     </span>
     <span class='ocr_line' id='line_1_21' title="bbox 353 2564 1701 2648; baseline 0.001 -23"><span class='ocrx_word' id='word_1_179' title='bbox 353 2565 464 2625; x_wconf 87' lang='lat' dir='ltr'><strong>deinde</strong></span> <span class='ocrx_word' id='word_1_180' title='bbox 486 2584 525 2625; x_wconf 88' lang='lat' dir='ltr'><strong>an</strong></span> <span class='ocrx_word' id='word_1_181' title='bbox 548 2565 587 2625; x_wconf 91' lang='lat' dir='ltr'><strong>ab</strong></span> <span class='ocrx_word' id='word_1_182' title='bbox 609 2564 671 2629; x_wconf 89' lang='lat' dir='ltr'><strong>alio</strong></span> <span class='ocrx_word' id='word_1_183' title='bbox 693 2568 854 2646; x_wconf 73' lang='lat' dir='ltr'><strong>potueritz</strong></span> <span class='ocrx_word' id='word_1_184' title='bbox 885 2570 995 2632; x_wconf 90' lang='lat' dir='ltr'><strong>deinde</strong></span> <span class='ocrx_word' id='word_1_185' title='bbox 1017 2588 1054 2629; x_wconf 87' lang='lat' dir='ltr'><strong>an</strong></span> <span class='ocrx_word' id='word_1_186' title='bbox 1081 2567 1213 2631; x_wconf 82' lang='lat' dir='ltr'><strong>facrrltas</strong></span> <span class='ocrx_word' id='word_1_187' title='bbox 1235 2566 1342 2630; x_wconf 70' lang='lat' dir='ltr'><strong>lacent.</strong></span> <span class='ocrx_word' id='word_1_188' title='bbox 1400 2568 1488 2630; x_wconf 89' lang='lat' dir='ltr'><strong>luter</strong></span> <span class='ocrx_word' id='word_1_189' title='bbox 1510 2587 1604 2648; x_wconf 90' lang='lat' dir='ltr'>posse</span> <span class='ocrx_word' id='word_1_190' title='bbox 1628 2576 1658 2627; x_wconf 94' lang='lat' dir='ltr'><strong>et</strong></span> <span class='ocrx_word' id='word_1_191' title='bbox 1669 2596 1701 2643; x_wconf 71' lang='lat'><strong>20</strong></span> 
     </span>
     <span class='ocr_line' id='line_1_22' title="bbox 352 2657 1656 2743; baseline -0.002 -24"><span class='ocrx_word' id='word_1_192' title='bbox 352 2657 534 2719; x_wconf 77' lang='lat' dir='ltr'><strong>facultatem</strong></span> <span class='ocrx_word' id='word_1_193' title='bbox 556 2659 619 2720; x_wconf 92' lang='lat' dir='ltr'><strong>hoc</strong></span> <span class='ocrx_word' id='word_1_194' title='bbox 637 2662 784 2723; x_wconf 86' lang='lat' dir='ltr'><strong>interest:</strong></span> <span class='ocrx_word' id='word_1_195' title='bbox 807 2682 902 2743; x_wconf 89' lang='lat' dir='ltr'><strong>quum</strong></span> <span class='ocrx_word' id='word_1_196' title='bbox 922 2659 1092 2725; x_wconf 84' lang='lat' dir='ltr'><strong>substantia</strong></span> <span class='ocrx_word' id='word_1_197' title='bbox 1116 2660 1293 2723; x_wconf 87' lang='lat' dir='ltr'><strong>efficiendae</strong></span> <span class='ocrx_word' id='word_1_198' title='bbox 1315 2659 1360 2723; x_wconf 89' lang='lat' dir='ltr'><strong>rei</strong></span> <span class='ocrx_word' id='word_1_199' title='bbox 1381 2660 1462 2722; x_wconf 88' lang='lat' dir='ltr'><strong>inest</strong></span> <span class='ocrx_word' id='word_1_200' title='bbox 1484 2670 1536 2721; x_wconf 90' lang='lat' dir='ltr'><strong>aut</strong></span> <span class='ocrx_word' id='word_1_201' title='bbox 1558 2661 1656 2731; x_wconf 87' lang='lat' dir='ltr'><strong>deest,</strong></span> 
     </span>
     <span class='ocr_line' id='line_1_23' title="bbox 352 2749 1660 2835; baseline -0.002 -22"><span class='ocrx_word' id='word_1_202' title='bbox 352 2753 390 2813; x_wconf 89' lang='lat' dir='ltr'><strong>de</strong></span> <span class='ocrx_word' id='word_1_203' title='bbox 411 2750 563 2813; x_wconf 80' lang='lat' dir='ltr'><strong>facultate</strong></span> <span class='ocrx_word' id='word_1_204' title='bbox 596 2763 768 2827; x_wconf 63' lang='lat' dir='ltr'><strong>tractatum</strong></span> <span class='ocrx_word' id='word_1_205' title='bbox 804 2765 838 2816; x_wconf 92' lang='lat' dir='ltr'><strong>ut</strong></span> <span class='ocrx_word' id='word_1_206' title='bbox 859 2766 931 2817; x_wconf 89' lang='lat' dir='ltr'><strong>sunt</strong></span> <span class='ocrx_word' id='word_1_207' title='bbox 952 2753 1054 2829; x_wconf 85' lang='lat' dir='ltr'><strong>vires,</strong></span> <span class='ocrx_word' id='word_1_208' title='bbox 1088 2753 1277 2829; x_wconf 87' lang='lat' dir='ltr'><strong>ministeria,</strong></span> <span class='ocrx_word' id='word_1_209' title='bbox 1316 2753 1469 2835; x_wconf 75' lang='lat' dir='ltr'><strong>pecunias</strong></span> <span class='ocrx_word' id='word_1_210' title='bbox 1507 2749 1586 2813; x_wconf 91' lang='lat' dir='ltr'><strong>atsi</strong></span> <span class='ocrx_word' id='word_1_211' title='bbox 1608 2760 1660 2811; x_wconf 90' lang='lat' dir='ltr'><strong>aut</strong></span> 
     </span>
    </p>
   </div>
   <div class='ocr_carea' id='block_1_9' title="bbox 249 2839 1725 3021">
    <p class='ocr_par' dir='ltr' id='par_1_9' title="bbox 249 2839 1725 3021">
     <span class='ocr_line' id='line_1_24' title="bbox 249 2839 1725 2929; baseline -0.002 -22"><span class='ocrx_word' id='word_1_212' title='bbox 249 2839 250 2878; x_wconf 70' lang='lat'>³</span> <span class='ocrx_word' id='word_1_213' title='bbox 351 2864 411 2926; x_wconf 89' lang='lat' dir='ltr'><strong>per</strong></span> <span class='ocrx_word' id='word_1_214' title='bbox 428 2854 573 2905; x_wconf 88' lang='lat' dir='ltr'><strong>naturam</strong></span> <span class='ocrx_word' id='word_1_215' title='bbox 595 2865 646 2906; x_wconf 90' lang='lat' dir='ltr'><strong>res</strong></span> <span class='ocrx_word' id='word_1_216' title='bbox 666 2856 802 2929; x_wconf 82' lang='lat' dir='ltr'><strong>negatur</strong></span> <span class='ocrx_word' id='word_1_217' title='bbox 823 2857 876 2908; x_wconf 91' lang='lat' dir='ltr'><strong>aut</strong></span> <span class='ocrx_word' id='word_1_218' title='bbox 898 2868 956 2929; x_wconf 87' lang='lat' dir='ltr'><strong>per</strong></span> <span class='ocrx_word' id='word_1_219' title='bbox 977 2847 1161 2909; x_wconf 80' lang='lat' dir='ltr'><strong>document</strong></span> <span class='ocrx_word' id='word_1_220' title='bbox 1181 2868 1240 2929; x_wconf 91' lang='lat' dir='ltr'><strong>per</strong></span> <span class='ocrx_word' id='word_1_221' title='bbox 1265 2861 1408 2928; x_wconf 88' lang='lat' dir='ltr'><strong>tempus,</strong></span> <span class='ocrx_word' id='word_1_222' title='bbox 1440 2849 1480 2910; x_wconf 89' lang='lat' dir='ltr'><strong>de</strong></span> <span class='ocrx_word' id='word_1_223' title='bbox 1502 2862 1660 2925; x_wconf 85' lang='lat' dir='ltr'><strong>eoqnae·</strong></span> <span class='ocrx_word' id='word_1_224' title='bbox 1722 2899 1725 2903; x_wconf 88' lang='lat'><strong>.</strong></span> 
     </span>
     <span class='ocr_line' id='line_1_25' title="bbox 249 2929 1659 3021; baseline -0.001 -22"><span class='ocrx_word' id='word_1_225' title='bbox 249 2929 250 2960; x_wconf 44' lang='lat' dir='ltr'><strong>r</strong></span> <span class='ocrx_word' id='word_1_226' title='bbox 352 2938 454 3008; x_wconf 88' lang='lat' dir='ltr'><strong>ritur,</strong></span> <span class='ocrx_word' id='word_1_227' title='bbox 479 2956 517 2997; x_wconf 86' lang='lat' dir='ltr'><strong>an</strong></span> <span class='ocrx_word' id='word_1_228' title='bbox 538 2936 698 3019; x_wconf 78' lang='lat' dir='ltr'><strong>potuerits</strong></span> <span class='ocrx_word' id='word_1_229' title='bbox 721 2937 747 3000; x_wconf 93' lang='lat' dir='ltr'><strong>si</strong></span> <span class='ocrx_word' id='word_1_230' title='bbox 769 2938 889 3001; x_wconf 90' lang='lat' dir='ltr'><strong>dicatur</strong></span> <span class='ocrx_word' id='word_1_231' title='bbox 913 2938 1036 3002; x_wconf 85' lang='lat' dir='ltr'><strong>Tullius</strong></span> <span class='ocrx_word' id='word_1_232' title='bbox 1057 2938 1253 3003; x_wconf 81' lang='lat' dir='ltr'><strong>interfecisse</strong></span> <span class='ocrx_word' id='word_1_233' title='bbox 1278 2940 1467 3015; x_wconf 86' lang='lat' dir='ltr'><strong>Romulum,</strong></span> <span class='ocrx_word' id='word_1_234' title='bbox 1491 2940 1577 3021; x_wconf 90' lang='lat' dir='ltr'><strong>quod</strong></span> <span class='ocrx_word' id='word_1_235' title='bbox 1599 2937 1659 2998; x_wconf 89' lang='lat' dir='ltr'><strong>uti-</strong></span> 
     </span>
    </p>
   </div>
   <div class='ocr_carea' id='block_1_10' title="bbox 316 3027 1707 4047">
    <p class='ocr_par' dir='ltr' id='par_1_10' title="bbox 316 3027 1707 4047">
     <span class='ocr_line' id='line_1_26' title="bbox 353 3027 1702 3113; baseline 0 -22"><span class='ocrx_word' id='word_1_236' title='bbox 353 3050 415 3112; x_wconf 81' lang='lat' dir='ltr'><strong>que</strong></span> <span class='ocrx_word' id='word_1_237' title='bbox 436 3027 506 3090; x_wconf 83' lang='lat' dir='ltr'><strong>fieri</strong></span> <span class='ocrx_word' id='word_1_238' title='bbox 527 3050 589 3091; x_wconf 88' lang='lat' dir='ltr'><strong>non</strong></span> <span class='ocrx_word' id='word_1_239' title='bbox 609 3027 752 3108; x_wconf 88' lang='lat' dir='ltr'><strong>potnerit</strong></span> <span class='ocrx_word' id='word_1_240' title='bbox 773 3051 832 3111; x_wconf 87' lang='lat' dir='ltr'><strong>per</strong></span> <span class='ocrx_word' id='word_1_241' title='bbox 856 3042 999 3113; x_wconf 85' lang='lat' dir='ltr'><strong>tempus,</strong></span> <span class='ocrx_word' id='word_1_242' title='bbox 1020 3052 1078 3095; x_wconf 91' lang='lat' dir='ltr'><strong>nec</strong></span> <span class='ocrx_word' id='word_1_243' title='bbox 1102 3032 1234 3093; x_wconf 87' lang='lat' dir='ltr'><strong>haberet</strong></span> <span class='ocrx_word' id='word_1_244' title='bbox 1252 3051 1359 3112; x_wconf 86' lang='lat' dir='ltr'>posse.</span> <span class='ocrx_word' id='word_1_245' title='bbox 1409 3032 1488 3094; x_wconf 85' lang='lat' dir='ltr'><strong>Item</strong></span> <span class='ocrx_word' id='word_1_246' title='bbox 1511 3032 1582 3093; x_wconf 87' lang='lat' dir='ltr'><strong>loco</strong></span> <span class='ocrx_word' id='word_1_247' title='bbox 1605 3028 1657 3091; x_wconf 79' lang='lat' dir='ltr'><strong>nr:</strong></span> <span class='ocrx_word' id='word_1_248' title='bbox 1671 3054 1702 3103; x_wconf 78' lang='lat'><strong>25</strong></span> 
     </span>
     <span class='ocr_line' id='line_1_27' title="bbox 353 3121 1657 3206; baseline -0.002 -22"><span class='ocrx_word' id='word_1_249' title='bbox 353 3124 379 3184; x_wconf 91' lang='lat' dir='ltr'><strong>si</strong></span> <span class='ocrx_word' id='word_1_250' title='bbox 409 3121 559 3195; x_wconf 86' lang='lat' dir='ltr'><strong>alicuius,</strong></span> <span class='ocrx_word' id='word_1_251' title='bbox 594 3121 648 3206; x_wconf 89' lang='lat' dir='ltr'><strong>qui</strong></span> <span class='ocrx_word' id='word_1_252' title='bbox 673 3122 818 3206; x_wconf 87' lang='lat' dir='ltr'><strong>arguitur</strong></span> <span class='ocrx_word' id='word_1_253' title='bbox 842 3126 965 3196; x_wconf 88' lang='lat' dir='ltr'><strong>caedis,</strong></span> <span class='ocrx_word' id='word_1_254' title='bbox 1000 3125 1040 3185; x_wconf 86' lang='lat' dir='ltr'><strong>ab</strong></span> <span class='ocrx_word' id='word_1_255' title='bbox 1067 3144 1107 3185; x_wconf 88' lang='lat' dir='ltr'><strong>eo</strong></span> <span class='ocrx_word' id='word_1_256' title='bbox 1139 3123 1231 3205; x_wconf 82' lang='lat' dir='ltr'><strong>loco,</strong></span> <span class='ocrx_word' id='word_1_257' title='bbox 1269 3121 1323 3184; x_wconf 91' lang='lat' dir='ltr'><strong>ubi</strong></span> <span class='ocrx_word' id='word_1_258' title='bbox 1351 3126 1461 3186; x_wconf 89' lang='lat' dir='ltr'><strong>caedes</strong></span> <span class='ocrx_word' id='word_1_259' title='bbox 1485 3124 1569 3185; x_wconf 86' lang='lat' dir='ltr'><strong>l&#39;acta</strong></span> <span class='ocrx_word' id='word_1_260' title='bbox 1592 3133 1657 3197; x_wconf 87' lang='lat' dir='ltr'><strong>est,</strong></span> 
     </span>
     <span class='ocr_line' id='line_1_28' title="bbox 354 3214 1661 3301; baseline -0.001 -24"><span class='ocrx_word' id='word_1_261' title='bbox 354 3214 494 3277; x_wconf 85' lang='lat' dir='ltr'><strong>absentia</strong></span> <span class='ocrx_word' id='word_1_262' title='bbox 515 3217 706 3279; x_wconf 87' lang='lat' dir='ltr'><strong>declaratur.</strong></span> <span class='ocrx_word' id='word_1_263' title='bbox 752 3217 864 3281; x_wconf 84' lang='lat' dir='ltr'><strong>Tertio</strong></span> <span class='ocrx_word' id='word_1_264' title='bbox 884 3216 1064 3301; x_wconf 81' lang='lat' dir='ltr'><strong>qaiaeritur,</strong></span> <span class='ocrx_word' id='word_1_265' title='bbox 1089 3228 1192 3279; x_wconf 90' lang='lat' dir='ltr'><strong>utrum</strong></span> <span class='ocrx_word' id='word_1_266' title='bbox 1212 3216 1245 3278; x_wconf 90' lang='lat' dir='ltr'><strong>id</strong></span> <span class='ocrx_word' id='word_1_267' title='bbox 1259 3216 1379 3279; x_wconf 82' lang='lat' dir='ltr'><strong>lacinus</strong></span> <span class='ocrx_word' id='word_1_268' title='bbox 1400 3216 1457 3291; x_wconf 86' lang='lat' dir='ltr'><strong>sit,</strong></span> <span class='ocrx_word' id='word_1_269' title='bbox 1481 3218 1568 3300; x_wconf 90' lang='lat' dir='ltr'><strong>quod</strong></span> <span class='ocrx_word' id='word_1_270' title='bbox 1583 3236 1661 3296; x_wconf 88' lang='lat' dir='ltr'><strong>poc-</strong></span> 
     </span>
     <span class='ocr_line' id='line_1_29' title="bbox 355 3307 1678 3395; baseline 0 -24"><span class='ocrx_word' id='word_1_271' title='bbox 355 3307 456 3371; x_wconf 84' lang='lat' dir='ltr'><strong>nitere</strong></span> <span class='ocrx_word' id='word_1_272' title='bbox 478 3308 576 3370; x_wconf 86' lang='lat' dir='ltr'><strong>luerit</strong></span> <span class='ocrx_word' id='word_1_273' title='bbox 599 3328 740 3372; x_wconf 85' lang='lat' dir='ltr'><strong>necesse.</strong></span> <span class='ocrx_word' id='word_1_274' title='bbox 794 3310 875 3373; x_wconf 89' lang='lat' dir='ltr'><strong>ltem</strong></span> <span class='ocrx_word' id='word_1_275' title='bbox 903 3312 990 3395; x_wconf 89' lang='lat' dir='ltr'><strong>quod</strong></span> <span class='ocrx_word' id='word_1_276' title='bbox 1014 3330 1101 3391; x_wconf 90' lang='lat' dir='ltr'><strong>spem</strong></span> <span class='ocrx_word' id='word_1_277' title='bbox 1121 3308 1241 3372; x_wconf 87' lang='lat' dir='ltr'><strong>celandi</strong></span> <span class='ocrx_word' id='word_1_278' title='bbox 1264 3330 1326 3373; x_wconf 91' lang='lat' dir='ltr'><strong>non</strong></span> <span class='ocrx_word' id='word_1_279' title='bbox 1351 3310 1494 3374; x_wconf 84' lang='lat' dir='ltr'><strong>haberet.</strong></span> <span class='ocrx_word' id='word_1_280' title='bbox 1539 3308 1678 3373; x_wconf 77' lang='lat' dir='ltr'><strong>Deinde·</strong></span> 
     </span>
     <span class='ocr_line' id='line_1_30' title="bbox 355 3400 1662 3485; baseline 0.001 -23"><span class='ocrx_word' id='word_1_281' title='bbox 355 3400 537 3485; x_wconf 87' lang='lat' dir='ltr'><strong>quaeritur,</strong></span> <span class='ocrx_word' id='word_1_282' title='bbox 573 3420 611 3463; x_wconf 90' lang='lat' dir='ltr'><strong>an</strong></span> <span class='ocrx_word' id='word_1_283' title='bbox 644 3422 771 3464; x_wconf 89' lang='lat' dir='ltr'><strong>necesse</strong></span> <span class='ocrx_word' id='word_1_284' title='bbox 800 3401 898 3465; x_wconf 84' lang='lat' dir='ltr'><strong>luerit</strong></span> <span class='ocrx_word' id='word_1_285' title='bbox 924 3403 957 3465; x_wconf 93' lang='lat' dir='ltr'><strong>id</strong></span> <span class='ocrx_word' id='word_1_286' title='bbox 987 3401 1070 3464; x_wconf 89' lang='lat' dir='ltr'><strong>lieri.</strong></span> <span class='ocrx_word' id='word_1_287' title='bbox 1126 3402 1166 3465; x_wconf 91' lang='lat' dir='ltr'><strong>Io</strong></span> <span class='ocrx_word' id='word_1_288' title='bbox 1198 3403 1311 3485; x_wconf 87' lang='lat' dir='ltr'><strong>quibus</strong></span> <span class='ocrx_word' id='word_1_289' title='bbox 1335 3404 1480 3465; x_wconf 87' lang='lat' dir='ltr'><strong>omnibus</strong></span> <span class='ocrx_word' id='word_1_290' title='bbox 1502 3413 1662 3483; x_wconf 87' lang='lat' dir='ltr'><strong>spectatur</strong></span> 
     </span>
     <span class='ocr_line' id='line_1_31' title="bbox 353 3493 1705 3575; baseline 0 -20"><span class='ocrx_word' id='word_1_291' title='bbox 353 3504 481 3575; x_wconf 81' lang='lat' dir='ltr'><strong>semper</strong></span> <span class='ocrx_word' id='word_1_292' title='bbox 502 3493 679 3557; x_wconf 90' lang='lat' dir='ltr'><strong>consilium.</strong></span> <span class='ocrx_word' id='word_1_293' title='bbox 731 3495 825 3574; x_wconf 86' lang='lat' dir='ltr'><strong>Quod</strong></span> <span class='ocrx_word' id='word_1_294' title='bbox 848 3495 873 3556; x_wconf 86' lang='lat' dir='ltr'><strong>si</strong></span> <span class='ocrx_word' id='word_1_295' title='bbox 895 3495 926 3557; x_wconf 89' lang='lat' dir='ltr'><strong>in</strong></span> <span class='ocrx_word' id='word_1_296' title='bbox 947 3495 996 3557; x_wconf 91' lang='lat' dir='ltr'><strong>bis</strong></span> <span class='ocrx_word' id='word_1_297' title='bbox 1017 3493 1179 3557; x_wconf 89' lang='lat' dir='ltr'><strong>consilium</strong></span> <span class='ocrx_word' id='word_1_298' title='bbox 1200 3496 1358 3571; x_wconf 76' lang='lat' dir='ltr'><strong>cernitur,</strong></span> <span class='ocrx_word' id='word_1_299' title='bbox 1394 3496 1561 3558; x_wconf 76' lang='lat' dir='ltr'><strong>etinctum</strong></span> <span class='ocrx_word' id='word_1_300' title='bbox 1584 3514 1661 3574; x_wconf 88' lang='lat' dir='ltr'><strong>pro·</strong></span> <span class='ocrx_word' id='word_1_301' title='bbox 1673 3520 1705 3571; x_wconf 71' lang='lat'><strong>3⁰</strong></span> 
     </span>
     <span class='ocr_line' id='line_1_32' title="bbox 354 3586 1662 3672; baseline -0.001 -24"><span class='ocrx_word' id='word_1_302' title='bbox 354 3588 469 3650; x_wconf 85' lang='lat' dir='ltr'><strong>batur:</strong></span> <span class='ocrx_word' id='word_1_303' title='bbox 502 3586 665 3649; x_wconf 87' lang='lat' dir='ltr'><strong>consilium</strong></span> <span class='ocrx_word' id='word_1_304' title='bbox 695 3600 795 3649; x_wconf 89' lang='lat' dir='ltr'><strong>autern</strong></span> <span class='ocrx_word' id='word_1_305' title='bbox 821 3587 1005 3651; x_wconf 88' lang='lat' dir='ltr'><strong>attributum</strong></span> <span class='ocrx_word' id='word_1_306' title='bbox 1033 3607 1189 3669; x_wconf 90' lang='lat' dir='ltr'><strong>personae</strong></span> <span class='ocrx_word' id='word_1_307' title='bbox 1214 3600 1279 3651; x_wconf 83' lang='lat' dir='ltr'><strong>est:</strong></span> <span class='ocrx_word' id='word_1_308' title='bbox 1312 3609 1391 3672; x_wconf 85' lang='lat' dir='ltr'><strong>ergo</strong></span> <span class='ocrx_word' id='word_1_309' title='bbox 1413 3588 1566 3651; x_wconf 89' lang='lat' dir='ltr'><strong>attributo</strong></span> <span class='ocrx_word' id='word_1_310' title='bbox 1589 3607 1662 3667; x_wconf 89' lang='lat' dir='ltr'><strong>per·</strong></span> 
     </span>
     <span class='ocr_line' id='line_1_33' title="bbox 357 3679 1663 3762; baseline -0.001 -21"><span class='ocrx_word' id='word_1_311' title='bbox 357 3700 454 3743; x_wconf 85' lang='lat' dir='ltr'><strong>sonae</strong></span> <span class='ocrx_word' id='word_1_312' title='bbox 481 3679 596 3742; x_wconf 83' lang='lat' dir='ltr'><strong>iactum</strong></span> <span class='ocrx_word' id='word_1_313' title='bbox 619 3682 788 3762; x_wconf 90' lang='lat' dir='ltr'><strong>probatur.</strong></span> <span class='ocrx_word' id='word_1_314' title='bbox 844 3680 948 3744; x_wconf 81' lang='lat' dir='ltr'><strong>Huius</strong></span> <span class='ocrx_word' id='word_1_315' title='bbox 976 3679 1025 3741; x_wconf 91' lang='lat' dir='ltr'><strong>rei</strong></span> <span class='ocrx_word' id='word_1_316' title='bbox 1058 3681 1218 3742; x_wconf 86' lang='lat' dir='ltr'><strong>docendae</strong></span> <span class='ocrx_word' id='word_1_317' title='bbox 1252 3700 1365 3755; x_wconf 90' lang='lat' dir='ltr'><strong>causa,</strong></span> <span class='ocrx_word' id='word_1_318' title='bbox 1400 3701 1494 3761; x_wconf 83' lang='lat' dir='ltr'><strong>supra</strong></span> <span class='ocrx_word' id='word_1_319' title='bbox 1525 3680 1663 3761; x_wconf 90' lang='lat' dir='ltr'><strong>positum</strong></span> 
     </span>
     <span class='ocr_line' id='line_1_34' title="bbox 355 3772 1701 3862; baseline -0.001 -27"><span class='ocrx_word' id='word_1_320' title='bbox 355 3774 461 3835; x_wconf 88' lang='lat' dir='ltr'><strong>tbema</strong></span> <span class='ocrx_word' id='word_1_321' title='bbox 484 3774 651 3836; x_wconf 87' lang='lat' dir='ltr'><strong>tractando</strong></span> <span class='ocrx_word' id='word_1_322' title='bbox 673 3772 794 3862; x_wconf 78' lang='lat' dir='ltr'><strong>excutit</strong></span> <span class='ocrx_word' id='word_1_323' title='bbox 812 3775 930 3836; x_wconf 90' lang='lat' dir='ltr'><strong>babere</strong></span> <span class='ocrx_word' id='word_1_324' title='bbox 950 3784 1133 3856; x_wconf 85' lang='lat' dir='ltr'><strong>argumenta</strong></span> <span class='ocrx_word' id='word_1_325' title='bbox 1150 3783 1222 3835; x_wconf 88' lang='lat' dir='ltr'><strong>ante</strong></span> <span class='ocrx_word' id='word_1_326' title='bbox 1244 3777 1330 3836; x_wconf 77' lang='lat' dir='ltr'><strong>rema</strong></span> <span class='ocrx_word' id='word_1_327' title='bbox 1366 3774 1467 3857; x_wconf 86' lang='lat' dir='ltr'><strong>Quod</strong></span> <span class='ocrx_word' id='word_1_328' title='bbox 1487 3772 1522 3837; x_wconf 85' lang='lat' dir='ltr'><strong>in</strong></span> <span class='ocrx_word' id='word_1_329' title='bbox 1543 3772 1664 3836; x_wconf 87' lang='lat' dir='ltr'><strong>itinere</strong></span> <span class='ocrx_word' id='word_1_330' title='bbox 1693 3773 1701 3789; x_wconf 97' lang='lat'><em>&#39;</em></span> 
     </span>
     <span class='ocr_line' id='line_1_35' title="bbox 316 3862 1707 3951; baseline 0.002 -28"><span class='ocrx_word' id='word_1_331' title='bbox 316 3914 322 3923; x_wconf 87' lang='lat'>.</span> <span class='ocrx_word' id='word_1_332' title='bbox 354 3886 393 3928; x_wconf 88' lang='lat' dir='ltr'><strong>ae</strong></span> <span class='ocrx_word' id='word_1_333' title='bbox 413 3876 486 3929; x_wconf 89' lang='lat' dir='ltr'><strong>tam</strong></span> <span class='ocrx_word' id='word_1_334' title='bbox 495 3862 735 3951; x_wconf 84' lang='lat' dir='ltr'><strong>familiariter</strong></span> <span class='ocrx_word' id='word_1_335' title='bbox 754 3867 954 3950; x_wconf 82' lang='lat' dir='ltr'><strong>applicarit,</strong></span> <span class='ocrx_word' id='word_1_336' title='bbox 991 3866 1083 3951; x_wconf 79' lang='lat' dir='ltr'><strong>quod</strong></span> <span class='ocrx_word' id='word_1_337' title='bbox 1110 3866 1278 3931; x_wconf 83' lang='lat' dir='ltr'><strong>sermonis</strong></span> <span class='ocrx_word' id='word_1_338' title='bbox 1299 3886 1441 3929; x_wconf 86' lang='lat' dir='ltr'><strong>causam</strong></span> <span class='ocrx_word' id='word_1_339' title='bbox 1461 3865 1661 3951; x_wconf 77' lang='lat' dir='ltr'><strong>preaesierit,</strong></span> <span class='ocrx_word' id='word_1_340' title='bbox 1695 3874 1707 3895; x_wconf 66' lang='lat'><strong><em>³</em></strong></span> 
     </span>
     <span class='ocr_line' id='line_1_36' title="bbox 357 3959 1707 4047; baseline -0.001 -25"><span class='ocrx_word' id='word_1_341' title='bbox 357 3959 450 4047; x_wconf 73' lang='lat' dir='ltr'><strong>quod</strong></span> <span class='ocrx_word' id='word_1_342' title='bbox 474 3960 579 4021; x_wconf 58' lang='lat' dir='ltr'><strong>amul</strong></span> <span class='ocrx_word' id='word_1_343' title='bbox 599 3960 800 4035; x_wconf 80' lang='lat' dir='ltr'><strong>deverterit,</strong></span> <span class='ocrx_word' id='word_1_344' title='bbox 823 3959 987 4023; x_wconf 63' lang='lat' dir='ltr'><strong>coenaret.</strong></span> <span class='ocrx_word' id='word_1_345' title='bbox 1030 3960 1112 4021; x_wconf 89' lang='lat' dir='ltr'><strong>Item</strong></span> <span class='ocrx_word' id='word_1_346' title='bbox 1136 3959 1168 4027; x_wconf 87' lang='lat' dir='ltr'><strong>in</strong></span> <span class='ocrx_word' id='word_1_347' title='bbox 1191 3980 1245 4023; x_wconf 88' lang='lat' dir='ltr'><strong>re:</strong></span> <span class='ocrx_word' id='word_1_348' title='bbox 1267 3962 1372 4036; x_wconf 78' lang='lat' dir='ltr'><strong>Nox,</strong></span> <span class='ocrx_word' id='word_1_349' title='bbox 1395 3979 1548 4023; x_wconf 75' lang='lat' dir='ltr'><strong>somnam.</strong></span> <span class='ocrx_word' id='word_1_350' title='bbox 1585 3959 1665 4021; x_wconf 85' lang='lat' dir='ltr'><strong>Post</strong></span> <span class='ocrx_word' id='word_1_351' title='bbox 1676 3972 1707 4021; x_wconf 81' lang='lat'><strong>3⁵</strong></span> 
     </span>
    </p>
   </div>
   <div class='ocr_carea' id='block_1_11' title="bbox 356 4050 1710 4507">
    <p class='ocr_par' dir='ltr' id='par_1_11' title="bbox 356 4050 1710 4507">
     <span class='ocr_line' id='line_1_37' title="bbox 356 4050 1667 4145; baseline -0.002 -32"><span class='ocrx_word' id='word_1_352' title='bbox 356 4072 448 4114; x_wconf 80' lang='lat' dir='ltr'><strong>rem:</strong></span> <span class='ocrx_word' id='word_1_353' title='bbox 485 4052 586 4133; x_wconf 86' lang='lat' dir='ltr'><strong>Quod</strong></span> <span class='ocrx_word' id='word_1_354' title='bbox 605 4054 700 4115; x_wconf 84' lang='lat' dir='ltr'><strong>solus</strong></span> <span class='ocrx_word' id='word_1_355' title='bbox 722 4050 867 4125; x_wconf 76' lang='lat' dir='ltr'><strong>exierit,</strong></span> <span class='ocrx_word' id='word_1_356' title='bbox 902 4052 995 4136; x_wconf 82' lang='lat' dir='ltr'><strong>quod</strong></span> <span class='ocrx_word' id='word_1_357' title='bbox 1014 4051 1111 4115; x_wconf 85' lang='lat' dir='ltr'><strong>illum</strong></span> <span class='ocrx_word' id='word_1_358' title='bbox 1131 4064 1203 4115; x_wconf 87' lang='lat' dir='ltr'><strong>tam</strong></span> <span class='ocrx_word' id='word_1_359' title='bbox 1219 4051 1444 4145; x_wconf 85' lang='lat' dir='ltr'><strong>familiarem</strong></span> <span class='ocrx_word' id='word_1_360' title='bbox 1468 4050 1667 4114; x_wconf 70' lang='lat' dir='ltr'><strong>corrrbatum</strong></span> 
     </span>
     <span class='ocr_line' id='line_1_38' title="bbox 356 4144 1666 4230; baseline -0.004 -23"><span class='ocrx_word' id='word_1_361' title='bbox 356 4164 466 4226; x_wconf 80' lang='lat' dir='ltr'><strong>aequo</strong></span> <span class='ocrx_word' id='word_1_362' title='bbox 494 4144 611 4207; x_wconf 82' lang='lat' dir='ltr'><strong>animo</strong></span> <span class='ocrx_word' id='word_1_363' title='bbox 635 4145 835 4228; x_wconf 77' lang='lat' dir='ltr'><strong>reliquerit,</strong></span> <span class='ocrx_word' id='word_1_364' title='bbox 859 4144 960 4230; x_wconf 77' lang='lat' dir='ltr'><strong>&#39;quod</strong></span> <span class='ocrx_word' id='word_1_365' title='bbox 983 4157 1160 4208; x_wconf 84' lang='lat' dir='ltr'><strong>cruentum</strong></span> <span class='ocrx_word' id='word_1_366' title='bbox 1188 4144 1343 4229; x_wconf 79' lang='lat' dir='ltr'><strong>gladium</strong></span> <span class='ocrx_word' id='word_1_367' title='bbox 1367 4144 1533 4209; x_wconf 83' lang='lat' dir='ltr'><strong>habuerit.</strong></span> <span class='ocrx_word' id='word_1_368' title='bbox 1578 4144 1666 4204; x_wconf 89' lang='lat' dir='ltr'><strong>Haec</strong></span> 
     </span>
     <span class='ocr_line' id='line_1_39' title="bbox 359 4235 1665 4323; baseline -0.001 -27"><span class='ocrx_word' id='word_1_369' title='bbox 359 4247 431 4297; x_wconf 87' lang='lat' dir='ltr'><strong>ante</strong></span> <span class='ocrx_word' id='word_1_370' title='bbox 451 4256 537 4311; x_wconf 89' lang='lat' dir='ltr'><strong>rem,</strong></span> <span class='ocrx_word' id='word_1_371' title='bbox 574 4236 604 4299; x_wconf 93' lang='lat' dir='ltr'><strong>in</strong></span> <span class='ocrx_word' id='word_1_372' title='bbox 624 4258 680 4311; x_wconf 89' lang='lat' dir='ltr'><strong>re,</strong></span> <span class='ocrx_word' id='word_1_373' title='bbox 718 4248 792 4317; x_wconf 91' lang='lat' dir='ltr'><strong>post</strong></span> <span class='ocrx_word' id='word_1_374' title='bbox 808 4258 874 4299; x_wconf 88' lang='lat' dir='ltr'><strong>rem</strong></span> <span class='ocrx_word' id='word_1_375' title='bbox 897 4236 1046 4299; x_wconf 85' lang='lat' dir='ltr'><strong>attributa</strong></span> <span class='ocrx_word' id='word_1_376' title='bbox 1068 4237 1200 4322; x_wconf 80' lang='lat' dir='ltr'><strong>negotio</strong></span> <span class='ocrx_word' id='word_1_377' title='bbox 1216 4250 1306 4314; x_wconf 85' lang='lat' dir='ltr'><strong>sunt,</strong></span> <span class='ocrx_word' id='word_1_378' title='bbox 1331 4258 1412 4323; x_wconf 86' lang='lat' dir='ltr'><strong>quae</strong></span> <span class='ocrx_word' id='word_1_379' title='bbox 1432 4235 1551 4300; x_wconf 79' lang='lat' dir='ltr'><strong>iaciunt</strong></span> <span class='ocrx_word' id='word_1_380' title='bbox 1571 4235 1665 4296; x_wconf 87' lang='lat' dir='ltr'><strong>fidem</strong></span> 
     </span>
     <span class='ocr_line' id='line_1_40' title="bbox 359 4326 1664 4413; baseline -0.002 -24"><span class='ocrx_word' id='word_1_381' title='bbox 359 4327 504 4411; x_wconf 82' lang='lat' dir='ltr'><strong>negotio.</strong></span> <span class='ocrx_word' id='word_1_382' title='bbox 548 4329 610 4391; x_wconf 89' lang='lat' dir='ltr'><strong>Sed</strong></span> <span class='ocrx_word' id='word_1_383' title='bbox 633 4328 781 4413; x_wconf 78' lang='lat' dir='ltr'><strong>qrrooiam</strong></span> <span class='ocrx_word' id='word_1_384' title='bbox 799 4329 831 4391; x_wconf 90' lang='lat' dir='ltr'><strong>in</strong></span> <span class='ocrx_word' id='word_1_385' title='bbox 852 4329 899 4391; x_wconf 89' lang='lat' dir='ltr'><strong>his</strong></span> <span class='ocrx_word' id='word_1_386' title='bbox 921 4330 1065 4393; x_wconf 86' lang='lat' dir='ltr'><strong>omnibns</strong></span> <span class='ocrx_word' id='word_1_387' title='bbox 1088 4330 1179 4393; x_wconf 88' lang='lat' dir='ltr'><strong>etiam</strong></span> <span class='ocrx_word' id='word_1_388' title='bbox 1201 4332 1365 4395; x_wconf 87' lang='lat' dir='ltr'><strong>consilium</strong></span> <span class='ocrx_word' id='word_1_389' title='bbox 1388 4339 1569 4413; x_wconf 89' lang='lat' dir='ltr'><strong>spectatur,</strong></span> <span class='ocrx_word' id='word_1_390' title='bbox 1592 4326 1664 4400; x_wconf 87' lang='lat' dir='ltr'><strong>liet,</strong></span> 
     </span>
     <span class='ocr_line' id='line_1_41' title="bbox 357 4420 1710 4507; baseline 0.002 -25"><span class='ocrx_word' id='word_1_391' title='bbox 357 4431 395 4482; x_wconf 87' lang='lat' dir='ltr'><strong>nt</strong></span> <span class='ocrx_word' id='word_1_392' title='bbox 415 4441 511 4505; x_wconf 81' lang='lat' dir='ltr'><strong>qnirm</strong></span> <span class='ocrx_word' id='word_1_393' title='bbox 532 4420 695 4484; x_wconf 90' lang='lat' dir='ltr'><strong>consilinm</strong></span> <span class='ocrx_word' id='word_1_394' title='bbox 715 4442 872 4503; x_wconf 85' lang='lat' dir='ltr'><strong>personae</strong></span> <span class='ocrx_word' id='word_1_395' title='bbox 892 4420 933 4484; x_wconf 89' lang='lat' dir='ltr'><strong>sit</strong></span> <span class='ocrx_word' id='word_1_396' title='bbox 954 4422 1158 4501; x_wconf 88' lang='lat' dir='ltr'><strong>attributum,</strong></span> <span class='ocrx_word' id='word_1_397' title='bbox 1182 4436 1214 4488; x_wconf 89' lang='lat' dir='ltr'><strong>et</strong></span> <span class='ocrx_word' id='word_1_398' title='bbox 1235 4426 1313 4488; x_wconf 87' lang='lat' dir='ltr'><strong>baec</strong></span> <span class='ocrx_word' id='word_1_399' title='bbox 1328 4424 1430 4488; x_wconf 92' lang='lat' dir='ltr'><strong>omnia</strong></span> <span class='ocrx_word' id='word_1_400' title='bbox 1445 4421 1577 4507; x_wconf 82' lang='lat' dir='ltr'><strong>negotio</strong></span> <span class='ocrx_word' id='word_1_401' title='bbox 1596 4429 1710 4485; x_wconf 85' lang='lat' dir='ltr'><strong>sonttt</strong></span> 
     </span>
    </p>
   </div>
   <div class='ocr_carea' id='block_1_12' title="bbox 361 4585 1669 5177">
    <p class='ocr_par' dir='ltr' id='par_1_12' title="bbox 452 4585 979 4655">
     <span class='ocr_line' id='line_1_42' title="bbox 452 4585 979 4655; baseline 0.008 -18"><span class='ocrx_word' id='word_1_402' title='bbox 452 4588 479 4643; x_wconf 85' lang='lat'><strong>9.</strong></span> <span class='ocrx_word' id='word_1_403' title='bbox 502 4612 534 4627; x_wconf 90' lang='lat'>-</span> <span class='ocrx_word' id='word_1_404' title='bbox 554 4601 652 4637; x_wconf 78' lang='lat' dir='ltr'><strong>vorum</strong></span> <span class='ocrx_word' id='word_1_405' title='bbox 669 4590 700 4637; x_wconf 84' lang='lat' dir='ltr'><strong>trs</strong></span> <span class='ocrx_word' id='word_1_406' title='bbox 716 4602 808 4655; x_wconf 78' lang='lat' dir='ltr'><strong>persp.</strong></span> <span class='ocrx_word' id='word_1_407' title='bbox 828 4585 897 4640; x_wconf 74' lang='lat' dir='ltr'><strong>cod.</strong></span> <span class='ocrx_word' id='word_1_408' title='bbox 916 4588 979 4641; x_wconf 78' lang='lat' dir='ltr'><strong>ou.</strong></span> 
     </span>
    </p>

    <p class='ocr_par' dir='ltr' id='par_1_13' title="bbox 437 4658 865 4729">
     <span class='ocr_line' id='line_1_43' title="bbox 437 4658 865 4729; baseline -0.002 -14"><span class='ocrx_word' id='word_1_409' title='bbox 437 4668 482 4717; x_wconf 74' lang='lat'><strong>1⁰.</strong></span> <span class='ocrx_word' id='word_1_410' title='bbox 501 4687 538 4701; x_wconf 94' lang='lat'>-</span> <span class='ocrx_word' id='word_1_411' title='bbox 557 4658 865 4729; x_wconf 65' lang='lat' dir='ltr'><strong>permemoratur.</strong></span> 
     </span>
    </p>

    <p class='ocr_par' dir='ltr' id='par_1_14' title="bbox 432 4731 1457 4807">
     <span class='ocr_line' id='line_1_44' title="bbox 432 4731 1457 4807; baseline 0.004 -22"><span class='ocrx_word' id='word_1_412' title='bbox 432 4738 477 4793; x_wconf 75' lang='grc'><strong>13.</strong></span> <span class='ocrx_word' id='word_1_413' title='bbox 487 4731 586 4805; x_wconf 74' lang='lat' dir='ltr'><strong>factis</strong></span> <span class='ocrx_word' id='word_1_414' title='bbox 603 4752 622 4786; x_wconf 83' lang='lat' dir='ltr'><strong>a</strong></span> <span class='ocrx_word' id='word_1_415' title='bbox 637 4736 791 4804; x_wconf 79' lang='lat' dir='ltr'><strong>personae]</strong></span> <span class='ocrx_word' id='word_1_416' title='bbox 810 4732 861 4788; x_wconf 84' lang='lat' dir='ltr'><strong>ed.</strong></span> <span class='ocrx_word' id='word_1_417' title='bbox 879 4736 943 4789; x_wconf 80' lang='lat' dir='ltr'><strong>Bas.</strong></span> <span class='ocrx_word' id='word_1_418' title='bbox 961 4759 998 4777; x_wconf 73' lang='grc' dir='ltr'><strong>ι·-</strong></span> <span class='ocrx_word' id='word_1_419' title='bbox 1017 4751 1037 4787; x_wconf 79' lang='lat' dir='ltr'><strong>a</strong></span> <span class='ocrx_word' id='word_1_420' title='bbox 1047 4735 1145 4807; x_wconf 77' lang='lat' dir='ltr'><strong>fartis</strong></span> <span class='ocrx_word' id='word_1_421' title='bbox 1159 4748 1296 4807; x_wconf 80' lang='lat' dir='ltr'><strong>perronna</strong></span> <span class='ocrx_word' id='word_1_422' title='bbox 1314 4732 1384 4792; x_wconf 71' lang='lat' dir='ltr'><strong>edd.</strong></span> <span class='ocrx_word' id='word_1_423' title='bbox 1404 4732 1457 4791; x_wconf 82' lang='lat' dir='ltr'><strong>Oa.</strong></span> 
     </span>
    </p>

    <p class='ocr_par' dir='ltr' id='par_1_15' title="bbox 439 4807 886 4878">
     <span class='ocr_line' id='line_1_45' title="bbox 439 4807 886 4878; baseline -0.004 -14"><span class='ocrx_word' id='word_1_424' title='bbox 439 4812 487 4864; x_wconf 84' lang='lat'><strong>25.</strong></span> <span class='ocrx_word' id='word_1_425' title='bbox 503 4823 540 4861; x_wconf 75' lang='lat' dir='ltr'><strong>ce</strong></span> <span class='ocrx_word' id='word_1_426' title='bbox 558 4824 609 4860; x_wconf 83' lang='lat' dir='ltr'><strong>rree</strong></span> <span class='ocrx_word' id='word_1_427' title='bbox 628 4807 711 4859; x_wconf 75' lang='lat' dir='ltr'><strong>dedet</strong></span> <span class='ocrx_word' id='word_1_428' title='bbox 728 4816 757 4859; x_wconf 83' lang='lat' dir='ltr'><strong>et</strong></span> <span class='ocrx_word' id='word_1_429' title='bbox 772 4827 801 4878; x_wconf 77' lang='lat' dir='ltr'><strong>p.</strong></span> <span class='ocrx_word' id='word_1_430' title='bbox 821 4813 886 4864; x_wconf 73' lang='lat' dir='ltr'><strong>Asc.</strong></span> 
     </span>
    </p>

    <p class='ocr_par' dir='ltr' id='par_1_16' title="bbox 361 4880 1669 5107">
     <span class='ocr_line' id='line_1_46' title="bbox 433 4880 1669 4953; baseline 0.002 -21"><span class='ocrx_word' id='word_1_431' title='bbox 433 4884 480 4941; x_wconf 75' lang='lat'><strong>53.</strong></span> <span class='ocrx_word' id='word_1_432' title='bbox 497 4880 601 4933; x_wconf 71' lang='lat' dir='ltr'><strong>habere</strong></span> <span class='ocrx_word' id='word_1_433' title='bbox 618 4886 798 4951; x_wconf 72' lang='lat' dir='ltr'><strong>argumenta]</strong></span> <span class='ocrx_word' id='word_1_434' title='bbox 818 4881 1039 4937; x_wconf 76' lang='lat' dir='ltr'><strong>subandiendum</strong></span> <span class='ocrx_word' id='word_1_435' title='bbox 1060 4882 1167 4937; x_wconf 83' lang='lat' dir='ltr'><strong>videtur</strong></span> <span class='ocrx_word' id='word_1_436' title='bbox 1184 4880 1221 4941; x_wconf 73' lang='grc' dir='ltr'><strong>τὸ</strong></span> <span class='ocrx_word' id='word_1_437' title='bbox 1239 4882 1332 4936; x_wconf 77' lang='lat' dir='ltr'><strong>dicens</strong></span> <span class='ocrx_word' id='word_1_438' title='bbox 1350 4882 1391 4937; x_wconf 85' lang='lat' dir='ltr'><strong>rel</strong></span> <span class='ocrx_word' id='word_1_439' title='bbox 1410 4881 1527 4935; x_wconf 82' lang='lat' dir='ltr'><strong>doeens:</strong></span> <span class='ocrx_word' id='word_1_440' title='bbox 1547 4880 1669 4953; x_wconf 83' lang='lat' dir='ltr'><strong>alloquin</strong></span> 
     </span>
     <span class='ocr_line' id='line_1_47' title="bbox 361 4958 1668 5030; baseline 0.002 -21"><span class='ocrx_word' id='word_1_441' title='bbox 361 4960 451 5009; x_wconf 79' lang='lat' dir='ltr'><strong>mendi</strong></span> <span class='ocrx_word' id='word_1_442' title='bbox 483 4960 640 5030; x_wconf 81' lang='lat' dir='ltr'><strong>suspicione</strong></span> <span class='ocrx_word' id='word_1_443' title='bbox 668 4974 725 5010; x_wconf 86' lang='lat' dir='ltr'><strong>non</strong></span> <span class='ocrx_word' id='word_1_444' title='bbox 753 4973 860 5012; x_wconf 75' lang='lat' dir='ltr'><strong>vacaret</strong></span> <span class='ocrx_word' id='word_1_445' title='bbox 888 4958 935 5011; x_wconf 86' lang='lat' dir='ltr'><strong>ble</strong></span> <span class='ocrx_word' id='word_1_446' title='bbox 959 4959 1047 5013; x_wconf 84' lang='lat' dir='ltr'><strong>locut.</strong></span> <span class='ocrx_word' id='word_1_447' title='bbox 1074 4960 1162 5013; x_wconf 75' lang='lat' dir='ltr'><strong>Care.</strong></span> <span class='ocrx_word' id='word_1_448' title='bbox 1200 4959 1323 5027; x_wconf 78' lang='lat' dir='ltr'><strong>(Habere</strong></span> <span class='ocrx_word' id='word_1_449' title='bbox 1348 4967 1515 5027; x_wconf 72' lang='lat' dir='ltr'><strong>argumenta</strong></span> <span class='ocrx_word' id='word_1_450' title='bbox 1535 4964 1668 5013; x_wconf 80' lang='lat' dir='ltr'><strong>artissima</strong></span> 
     </span>
     <span class='ocr_line' id='line_1_48' title="bbox 362 5028 1286 5107; baseline 0.005 -25"><span class='ocrx_word' id='word_1_451' title='bbox 362 5028 528 5105; x_wconf 69' lang='lat' dir='ltr'><strong>lungendum</strong></span> <span class='ocrx_word' id='word_1_452' title='bbox 546 5048 608 5085; x_wconf 84' lang='lat' dir='ltr'><strong>enm</strong></span> <span class='ocrx_word' id='word_1_453' title='bbox 628 5048 653 5085; x_wconf 83' lang='lat' dir='ltr'><strong>r.</strong></span> <span class='ocrx_word' id='word_1_454' title='bbox 672 5036 780 5083; x_wconf 66' lang='lat' dir='ltr'><strong>excute</strong></span> <span class='ocrx_word' id='word_1_455' title='bbox 799 5037 819 5086; x_wconf 91' lang='grc' dir='ltr'><strong>Ι.</strong></span> <span class='ocrx_word' id='word_1_456' title='bbox 841 5050 864 5086; x_wconf 89' lang='grc' dir='ltr'><strong>ε.</strong></span> <span class='ocrx_word' id='word_1_457' title='bbox 884 5032 1074 5099; x_wconf 68' lang='lat' dir='ltr'><strong>„excutiendo</strong></span> <span class='ocrx_word' id='word_1_458' title='bbox 1092 5030 1200 5087; x_wconf 82' lang='lat' dir='ltr'><strong>docet.¹&#39;</strong></span> <span class='ocrx_word' id='word_1_459' title='bbox 1219 5030 1286 5107; x_wconf 78' lang='lat' dir='ltr'><strong>On.)</strong></span> 
     </span>
    </p>

    <p class='ocr_par' dir='ltr' id='par_1_17' title="bbox 434 5104 935 5177">
     <span class='ocr_line' id='line_1_49' title="bbox 434 5104 935 5177; baseline 0.004 -20"><span class='ocrx_word' id='word_1_460' title='bbox 434 5107 480 5163; x_wconf 70' lang='grc'><strong>55.</strong></span> <span class='ocrx_word' id='word_1_461' title='bbox 498 5120 535 5158; x_wconf 74' lang='lat' dir='ltr'><strong>aa</strong></span> <span class='ocrx_word' id='word_1_462' title='bbox 553 5104 627 5177; x_wconf 79' lang='lat' dir='ltr'><strong>quad</strong></span> <span class='ocrx_word' id='word_1_463' title='bbox 641 5111 768 5158; x_wconf 72' lang='lat' dir='ltr'><strong>:cenarit</strong></span> <span class='ocrx_word' id='word_1_464' title='bbox 786 5106 854 5162; x_wconf 82' lang='lat' dir='ltr'><strong>cod.</strong></span> <span class='ocrx_word' id='word_1_465' title='bbox 872 5108 935 5161; x_wconf 82' lang='lat' dir='ltr'><strong>Bas.</strong></span> 
     </span>
    </p>
   </div>
   <div class='ocr_carea' id='block_1_13' title="bbox 434 5178 1127 5253">
    <p class='ocr_par' dir='ltr' id='par_1_18' title="bbox 434 5178 1127 5253">
     <span class='ocr_line' id='line_1_50' title="bbox 434 5178 1127 5253; baseline 0.009 -21"><span class='ocrx_word' id='word_1_466' title='bbox 434 5180 480 5241; x_wconf 69' lang='lat'><strong>56.</strong></span> <span class='ocrx_word' id='word_1_467' title='bbox 497 5180 590 5253; x_wconf 72' lang='lat' dir='ltr'><strong>rum]</strong></span> <span class='ocrx_word' id='word_1_468' title='bbox 608 5180 677 5237; x_wconf 76' lang='lat' dir='ltr'><strong>cad.</strong></span> <span class='ocrx_word' id='word_1_469' title='bbox 690 5182 759 5239; x_wconf 75' lang='lat' dir='ltr'><strong>tu.</strong></span> <span class='ocrx_word' id='word_1_470' title='bbox 778 5187 841 5236; x_wconf 75' lang='lat' dir='ltr'><strong>Aac.</strong></span> <span class='ocrx_word' id='word_1_471' title='bbox 862 5208 898 5223; x_wconf 86' lang='lat'><em>-</em></span> <span class='ocrx_word' id='word_1_472' title='bbox 915 5182 963 5236; x_wconf 74' lang='lat' dir='ltr'><strong>itte</strong></span> <span class='ocrx_word' id='word_1_473' title='bbox 981 5184 1053 5241; x_wconf 77' lang='lat' dir='ltr'><strong>Ceu.</strong></span> <span class='ocrx_word' id='word_1_474' title='bbox 1073 5178 1127 5238; x_wconf 82' lang='lat' dir='ltr'><strong>On.</strong></span> 
     </span>
    </p>
   </div>
   <div class='ocr_carea' id='block_1_14' title="bbox 0 0 2234 5956">
    <p class='ocr_par' dir='ltr' id='par_1_19' title="bbox 0 0 2234 5956">
     <span class='ocr_line' id='line_1_51' title="bbox 0 0 2234 5956; baseline 0 0"><span class='ocrx_word' id='word_1_475' title='bbox 0 0 2234 5956; x_wconf 95' lang='lat' dir='ltr'><strong> </strong></span> 
     </span>
    </p>
   </div>
  </div>
 </body>
</html>
