4434 5959
538 611 598 671 148
1044 610 1331 675 VICTORINUS

535 748 765 812 coniecturam
785 752 980 819 tractandum
1003 749 1060 825 sit,
1084 743 1185 832 prima
1207 762 1295 832 parte
1317 759 1488 824 tractatura
1510 749 1561 811 vel
1582 750 1645 813 boc
1664 772 1729 814 non
1744 751 1848 815 inisse

537 844 589 904 vel
611 845 672 905 hoc
695 863 757 905 non
779 844 917 907 ltittirum
940 844 1054 919 inisse,
1086 845 1326 927 propterquod
1349 843 1450 917 istud,
1481 846 1561 905 irnde
1584 864 1655 905 reus
1677 844 1733 917 sit,
1757 844 1849 906 dica-

535 948 588 997 tur
610 957 678 997 esse
700 936 916 999 corrimissum:
939 937 997 999 ista
1019 936 1263 999 coniecturaiia
1284 946 1366 998 sunt.
1411 938 1488 999 Item
1511 937 1538 997 si
1560 936 1718 1012 definitio
1733 935 1847 1011 interit,

535 1031 630 1112 quidm
659 1028 777 1110 alioqui
807 1029 883 1091 certi
913 1028 1046 1092 nominis
1076 1052 1147 1092 reus
1179 1042 1248 1104 cst,
1286 1029 1500 1090 transferenda
1533 1030 1595 1090 huc
1622 1040 1694 1091 sunt
1717 1028 1844 1103 omnia,

511 1140 616 1203 equae
638 1134 709 1184 saint
733 1122 962 1199 definitionis:
995 1133 1165 1206 monetque
1185 1144 1267 1184 utine
1288 1122 1439 1195 alteram,
1472 1144 1555 1183 niune
1576 1134 1741 1204 utramque
1762 1143 1847 1185 con·

535 1216 743 1290 stitutionem,
768 1216 800 1277 id
822 1227 887 1290 est,
918 1227 949 1278 et
962 1216 1077 1293 finem
1099 1228 1131 1279 et
1153 1216 1382 1279 coniecturam
1403 1213 1433 1276 in
1456 1214 1554 1296 prima
1578 1226 1667 1296 parte
1689 1214 1845 1277 tractari:

535 1308 661 1371 etitem
684 1308 776 1381 alias,
815 1308 925 1370 tractis
955 1309 1072 1371 scilicet
1095 1314 1155 1372 liare
1178 1310 1350 1371 rationibus
1372 1307 1584 1389 singularum,
1619 1320 1649 1370 et
1671 1308 1845 1370 confirma-

535 1402 628 1464 tionis
659 1412 693 1463 et
717 1400 946 1463 infirmationis.
1002 1401 1107 1482 Ipsius
1136 1414 1237 1464 autem
1264 1399 1547 1482 compensationis
1570 1413 1739 1483 praecepta
1764 1402 1847 1464 naec

534 1509 624 1556 sunt:
655 1507 689 1555 ut
711 1514 927 1574 canipae-emus
957 1493 1006 1569 id,
1045 1497 1130 1577 quod
1149 1496 1315 1556 admissum
1338 1503 1384 1554 est
1408 1502 1439 1553 et
1466 1506 1600 1573 propter
1622 1498 1707 1578 quod
1727 1496 1844 1557 admis-

493 1599 601 1650 tustun
626 1599 691 1662 est,
715 1609 754 1648 en
771 1587 914 1667 partibus
935 1588 1123 1661 honestatis,
1147 1584 1306 1659 utilitatis,
1332 1583 1543 1657 necessitatis;
1568 1595 1601 1645 nt
1620 1608 1719 1669 neque
1739 1587 1843 1649 inisse

535 1692 587 1742 ant
609 1682 774 1744 honestum
797 1690 851 1742 aut
878 1680 954 1741 utile
982 1692 1035 1741 ant
1065 1677 1294 1750 necessarium,
1331 1676 1384 1737 ubi
1411 1686 1443 1735 et
1465 1679 1582 1758 gradus
1606 1682 1691 1763 tangi
1712 1692 1842 1760 potest3

534 1787 680 1837 nontam
696 1773 790 1849 utile,
813 1784 961 1834 nontam
985 1773 1169 1846 honestum,
1194 1792 1256 1832 non
1279 1780 1341 1830 tam
1364 1769 1594 1832 necessariumt
1618 1793 1697 1853 quiae
1718 1786 1838 1854 partes,

532 1868 565 1931 id
585 1880 650 1941 est,
686 1866 788 1942 utilis,
825 1864 969 1941 honesti,
1009 1863 1192 1938 necessarii,
1230 1862 1351 1944 plenius
1373 1862 1585 1943 intelligentur
1604 1864 1638 1945 ⁸iu
1658 1867 1840 1947 praeceptis

532 1961 787 2025 deliberativae.
817 1961 897 2028 ,stc
924 1960 1006 2023 iacta
1036 1958 1235 2040 separatione
1265 1956 1383 2019 eteius
1406 1954 1564 2032 beneficii,
1598 1962 1683 2040 quod
1703 1960 1839 2041 praesti.

492 2056 608 2118 astisse
630 2075 664 2116 se
691 2054 788 2127 dicit,
822 2065 853 2116 et
874 2052 940 2117 eins
962 2052 1128 2127 maleficii,
1163 2053 1249 2135 quod
1277 2049 1416 2125 admisit,
1452 2050 1534 2112 actio
1556 2061 1714 2131 postrema
1738 2056 1838 2116 dedn-

532 2150 628 2208 cenda
651 2148 758 2207 estad
788 2145 923 2210 formam
944 2146 1203 2209 deliberativae:
1233 2154 1267 2206 nt
1296 2142 1339 2204 ita
1365 2155 1494 2227 agatur,
1518 2144 1607 2225 qitasi
1632 2150 1762 2208 suadeat
1783 2160 1839 2210 aut

532 2240 707 2302 dissuadeat
739 2251 849 2303 orator
878 2239 1052 2302 iaciendum
1083 2250 1220 2305 autnon
1241 2236 1439 2300 iaciendum:
1473 2236 1619 2320 quoniam
1642 2241 1839 2303 accensatoris

531 2352 603 2412 pars
626 2344 672 2393 est
701 2332 828 2415 utique,
866 2344 900 2394 nt
921 2334 1110 2395 dissuadeat.
1160 2332 1321 2393 Defensor
1342 2352 1420 2393 vero
1449 2331 1526 2392 haec
1550 2330 1654 2393 omnia
1676 2332 1838 2395 contraria

532 2424 655 2487 actione
679 2438 865 2488 convertet:
902 2447 997 2508 quum
1027 2426 1079 2487 ille
1100 2425 1295 2491 coniectura
1316 2444 1390 2486 ustis
1412 2422 1524 2498 luerit,
1560 2423 1837 2487 coniecturaliter·

489 2519 740 2598 etrespondcat:
762 2519 835 2581 item
857 2530 967 2582 contra
987 2517 1221 2601 persuasionem
1244 2514 1436 2585 accusatoris
1466 2514 1557 2579 iidem
1579 2531 1714 2580 assumat
1737 2539 1835 2604 argu-

530 2623 631 2672 menta
655 2610 760 2674 officii.
815 2611 919 2692 Ipsius
941 2624 1043 2675 antem
1063 2610 1348 2693 compensationis
1370 2611 1545 2674 contrarias
1567 2620 1670 2691 partes
1695 2612 1832 2675 tenebit:

528 2716 563 2767 ut
585 2707 699 2767 doceat
725 2705 817 2779 utile,
839 2706 1024 2778 honestum,
1048 2702 1258 2766 necessarium
1273 2703 1387 2777 luisse,
1410 2703 1495 2786 qiiod
1516 2702 1645 2777 l'ecerit;
1668 2716 1723 2767 ant
1744 2718 1833 2769 tanto

529 2817 628 2879 opere
650 2802 721 2879 (per
742 2800 887 2881 gradum)
908 2798 983 2860 utile
1005 2797 1124 2872 inisse,
1159 2799 1342 2871 honestum,
1372 2796 1593 2859 necessarium.
1637 2798 1721 2861 Loci
1743 2821 1833 2863 coru·

528 2910 637 2953 munes
658 2892 696 2951 ab
718 2902 901 2953 accusatore
925 2901 1015 2954 erunt
1038 2892 1119 2963 ᾱιιος
1152 2888 1183 2950 in
1206 2909 1296 2963 etim,
1325 2886 1378 2970 qui
1399 2890 1437 2949 de
1459 2888 1544 2969 turpi
1565 2887 1707 2953 facinore
1730 2892 1834 2954 eonfi-

485 2994 634 3045 ttteatur
654 2994 686 3047 et
708 2995 838 3066 quaerat
860 2983 995 3067 aliquam
1028 2982 1262 3056 defensionem
1298 2992 1329 3043 et
1354 2981 1434 3043 alter
1465 2982 1562 3062 ipsius
1593 2982 1782 3069 inutilitatis·
1800 2997 1832 3048 et

527 3076 729 3157 turpitudinis
752 3078 918 3158 expressio
941 3098 1010 3140 cnm
1032 3075 1260 3158 indignatione.
1304 3074 1335 3136 Α
1358 3074 1524 3137 defensore
1550 3087 1613 3137 tres
1637 3089 1729 3152 suut;
1753 3078 1830 3141 nibil

524 3190 585 3248 per
603 3190 636 3231 se
658 3182 750 3249 turpe
772 3182 826 3231 anit
846 3170 1043 3233 inhonestum
1064 3168 1198 3250 putari,
1224 3166 1283 3231 nisi
1304 3167 1405 3231 animo
1426 3166 1569 3231 facientis
1594 3170 1830 3245 consideratum

525 3260 604 3322 alter
624 3260 825 3341 amplificatio
847 3262 991 3325 beneficii
1011 3260 1172 3343 praestiti;
1206 3260 1317 3325 tertius
1345 3262 1503 3344 expositio
1525 3261 1622 3343 ipsius
1643 3274 1674 3324 et
1695 3262 1830 3346 periculi

524 3364 555 3413 et
579 3354 731 3415 beneficii.

483 3452 515 3502 tt
541 3450 545 3454 ’
607 3448 666 3509 Ex
686 3447 807 3528 ortibus
829 3460 910 3512 sunt
940 3446 1156 3528 indicationes]
1213 3449 1305 3513 Duae
1326 3446 1446 3510 scilicet
1473 3445 1697 3510 iudicationes
1718 3448 1862 3510 coam·-

523 3539 683 3599 eturaies.
1264 3546 1273 3573 ’

606 3633 677 3692 Aut
701 3632 783 3691 haec
807 3631 1040 3712 comparativa,
1073 3634 1172 3696 cuius
1192 3654 1280 3697 necne
1301 3631 1506 3716 indigemus]
1550 3634 1642 3695 Haec
1663 3632 1828 3697 iudicatio

521 3721 655 3803 propria
678 3732 726 3783 est
747 3720 845 3802 ipsius
866 3726 1134 3807 compensatione
1156 3726 1402 3791 constitutionis.

603 3819 678 3879 Hoc
698 3836 822 3877 cate-sae
841 3817 962 3899 genus]
1005 3820 1301 3901 compensationem
1321 3819 1452 3881 scilicet.

480 3919 511 3969 ts
603 3908 781 3991 Oportebit
799 3910 960 3973 attinere
981 3924 1172 3974 ceterarum
1200 3932 1330 3995 quoque
1354 3911 1632 3975 constitutionum
1657 3914 1829 3979 rationem

519 4011 622 4082 atque
634 4000 831 4083 praecepta]
875 4003 909 4064 Si
931 4015 1032 4066 tamen
1052 4004 1193 4065 incidant
1205 4016 1328 4067 ceterae
1346 4004 1600 4069 constitutiones.
1643 4008 1729 4069 Istae
1745 4009 1825 4070 enirn

520 4092 779 4169 constitutiones,
804 4116 883 4176 quiae
904 4094 935 4158 in
957 4098 1168 4179 assumptiva
1189 4108 1258 4159 sunt
1280 4098 1472 4181 qualitate,
1485 4109 1617 4179 possunt
1631 4104 1824 4179 praeceden-

519 4196 567 4247 tes
589 4206 697 4250 onmes
720 4188 960 4253 constitutiones
975 4192 1136 4272 recipere:
1161 4202 1195 4252 ut
1211 4192 1289 4255 haec
1309 4213 1415 4267 nunc,
1439 4211 1519 4275 quae
1539 4193 1825 4274 compensationis

612 4459 637 4509 1.
657 4460 688 4503 ut
707 4458 732 4503 εἰ
749 4454 816 4522 qnid
828 4472 881 4524 per
897 4460 1084 4507 coniecturam
1103 4454 1284 4507 tractandum
1303 4462 1356 4521 sit,
1379 4463 1471 4528 prima
1494 4466 1577 4528 parte
1596 4460 1752 4529 tractetur]
1792 4460 1825 4513 ln

517 4526 689 4600 praecedenti
710 4527 830 4579 editione
850 4528 920 4581 male
945 4527 1047 4582 editum
1067 4547 1142 4583 erat:
1174 4540 1206 4581 ut
1226 4536 1251 4581 si
1272 4532 1338 4601 quid
1353 4550 1405 4602 per
1424 4538 1609 4587 coniecturam
1626 4534 1825 4601 tractandum,

515 4607 541 4653 ai
557 4608 650 4672 prc'ma
669 4612 753 4673 parte
763 4611 923 4670 tractetur.
945 4604 1027 4657 Cane.
1065 4606 1164 4673 (Recte
1184 4610 1223 4656 sit
1243 4606 1312 4660 Coti.
1331 4606 1408 4680 Bas.)
1547 4646 1550 4653 .

593 4676 662 4731 ibid.
682 4696 738 4727 non
748 4676 857 4744 juisse]
880 4677 947 4731 eod.
968 4682 1030 4732 Bas.
1050 4708 1086 4719 -
1105 4698 1160 4731 non
1181 4678 1305 4750 obfuisse
1325 4680 1393 4733 Etid.
1414 4668 1489 4735 On..

609 4754 635 4809 3.
655 4750 795 4823 definitio]
837 4754 984 4805 iihetorum
1006 4758 1098 4826 tulgus
1120 4754 1296 4827 definitivum
1314 4764 1418 4807 stateem
1440 4772 1527 4811 uocat.
1547 4760 1629 4811 Cane.

610 4830 638 4883 6.
650 4824 753 4899 fierem]
776 4825 963 4897 Definittvum
982 4837 1086 4881 statum
1106 4829 1173 4881 altar
1194 4830 1339 4901 appeliant.
1360 4836 1441 4884 carr.

594 4906 639 4957 1't.
657 4900 869 4968 deliberativae]
890 4903 990 4974 Supple
1009 4910 1162 4969 materiae,
1179 4911 1290 4975 partis,
1312 4906 1352 4957 uel
1371 4924 1479 4958 canuae.
1500 4909 1586 4959 Care.

595 4978 639 5032 19.
658 4975 893 5044 coniecturaliter]
940 4981 998 5029 ilos
1018 4994 1076 5042 eat,
1102 4978 1251 5031 secundum
1273 4980 1375 5051 regulas
1395 4997 1422 5033 et
1446 4994 1590 5053 praecepta
1609 4988 1703 5033 statas
1720 4986 1820 5033 eante-

510 5054 644 5110 ciuraiisr
664 5055 691 5102 in
709 5068 763 5121 qno
779 5050 887 5104 scilieet
907 5050 989 5116 iacti,
1008 5070 1037 5106 ut
1056 5057 1151 5120 aiunt,
1172 5059 1296 5127 quaestio
1317 5059 1479 5109 instituitur.
1500 5059 1585 5110 Care.

583 5132 629 5186 28.
648 5124 785 5197 beneficii]
806 5127 911 5182 Excidit
931 5145 946 5179 e
966 5128 1050 5200 Cupp.
1070 5129 1124 5182 0¹.
