4434 5959
549 580 614 643 338
685 583 690 595 ‘
1098 584 1335 650 Boe'rttttts

548 727 588 788 ad
610 725 753 790 maxima'
770 746 888 809 genera
920 725 1025 807 possit
1061 725 1206 799 ascendi,
1244 725 1381 808 itemque
1412 723 1597 790 emaximis
1617 729 1793 811 generibus
1814 751 1869 814 per

548 820 628 883 inlra
648 820 750 902 posita
775 840 892 904 genera
908 841 945 880 sc
961 820 1082 901 species
1104 839 1204 900 usque
1226 819 1266 880 ad
1287 809 1447 881 individua
1466 819 1570 883 valeat
1589 841 1658 884 esse
1680 823 1864 894 descensus.

548 914 586 976 ld
610 934 687 977 vero
709 933 772 976 uuo
789 912 909 974 clarum
929 914 983 975 liet
999 914 1161 996 exemplu.
1206 909 1325 976 Cicero
1340 912 1459 996 quippe
1476 913 1672 978 individuum
1687 927 1755 994 est;
1778 921 1871 984 buius

547 1005 667 1093 species
695 1007 810 1080 homor
847 1005 940 1069 huius
966 1027 1065 1090 genus
1095 1004 1228 1080 animal;
1264 1005 1357 1068 huius
1376 1005 1522 1087 superius
1548 1028 1648 1090 genus
1682 1023 1731 1075 est
1751 1033 1873 1097 corpus

520 1100 735 1174 sanimattun;
769 1110 819 1173 et,
858 1098 885 1162 si
906 1100 1034 1184 longius
1056 1101 1223 1173 ascendas,
1260 1119 1379 1182 eorpus
1400 1099 1492 1162 altius
1521 1121 1621 1184 genus
1644 1103 1806 1179 invenies;
1843 1107 1871 1172 si

546 1193 703 1276 prolixius
726 1193 911 1276 egrediare,
942 1191 1117 1256 substantia
1152 1191 1251 1255 ultimi
1281 1194 1356 1258 loco
1390 1195 1517 1278 generis
1546 1197 1700 1260 occurrit.
1760 1201 1868 1278 Quum

546 1287 646 1371 igitur
663 1287 758 1350 multa
781 1287 842 1350 sint
869 1308 1006 1371 genera,
1038 1291 1068 1348 si
1088 1285 1258 1348 cuiuslibet
1288 1286 1405 1368 speciei
1436 1309 1534 1372 genus
1558 1289 1780 1372 assignandum
1807 1294 1868 1370 sit,

546 1402 612 1444 non
633 1400 762 1444 necesse
787 1380 867 1450 erit,
889 1381 1009 1463 inquit,
1044 1381 1177 1442 maxima
1200 1391 1231 1442 et
1253 1379 1438 1462 principalia
1463 1402 1581 1462 genera
1603 1403 1730 1464 semper
1752 1387 1868 1470 exqui-

545 1495 638 1548 rere,
663 1495 772 1537 rerum
789 1493 900 1538 eorum
921 1464 1051 1557 quoque
1076 1472 1214 1558 aliquid,
1240 1493 1320 1555 quae
1343 1474 1375 1538 in
1398 1473 1500 1537 medio
1521 1475 1623 1538 locata
1648 1487 1740 1549 stmt,
1765 1501 1868 1560 opor.

503 1569 623 1631 sttebit
651 1567 818 1644 adhibere,
851 1567 905 1631 illa
927 1579 1029 1644 tatptm
1054 1565 1178 1630 ratione
1201 1578 1345 1641 serrata,
1378 1578 1412 1629 ut
1440 1589 1565 1649 seraper
1595 1587 1695 1651 genus
1717 1573 1866 1651 superius

545 1662 586 1727 sit
607 1677 665 1738 eo,
701 1665 742 1725 ad
758 1663 846 1746 quod
868 1661 1069 1743 praedicatur
1092 1671 1127 1722 ut
1152 1681 1266 1744 genua.
1324 1663 1477 1724 Extrema
1502 1661 1620 1746 quippe
1649 1659 1772 1725 inscitia
1795 1677 1862 1742 est,

546 1755 590 1831 si,
625 1757 696 1818 dum
723 1776 824 1839 genos
851 1775 976 1834 semper
1000 1765 1110 1815 nstttra
1132 1751 1300 1835 speciebus
1325 1755 1466 1835 propriis
1494 1766 1752 1836 superponatur,
1789 1757 1865 1822 loco

545 1849 669 1934 generis
686 1848 740 1920 id.
771 1849 860 1931 quod
881 1858 928 1908 est
949 1845 1333 1922 inleriusflcollocetur.
1378 1848 1539 1928 Quocirca
1567 1849 1713 1910 vitiosum
1734 1861 1801 1925 est,
1839 1850 1866 1914 si

544 1943 615 2027 quis
638 1941 788 2023 corporis
819 1961 919 2024 genus
945 1939 1030 2002 dieat
1058 1961 1129 2002 esse
1157 1960 1276 2021 corpus
1298 1941 1479 2006 animatum.
1527 1943 1603 2022 Quo
1626 1941 1674 2015 lit,
1700 1952 1755 2020 ιιι,
1779 1945 1807 2007 si
1827 1949 1867 2010 ad

502 2035 680 2118 ttspeciem
702 2035 871 2116 aptandum
890 2045 937 2096 est
953 2053 1073 2117 genus,
1097 2053 1229 2106 eorum,
1252 2054 1333 2115 quae
1348 2035 1512 2116 superiora
1535 2035 1619 2106 sint,
1643 2034 1764 2120 aliquid
1775 2051 1865 2121 apte-

545 2150 632 2205 sarrs,
669 2138 700 2192 et
719 2149 782 2192 non
806 2124 866 2190 erit
889 2147 1018 2190 necesse
1039 2125 1180 2188 ultimum
1204 2143 1329 2207 semper
1356 2149 1455 2211 genus
1476 2127 1649 2202 adhibere,
1674 2142 1730 2206 ut,
1754 2131 1782 2195 si
1804 2135 1864 2198 ho·

544 2222 620 2286 ruini
646 2243 745 2307 genus
764 2219 929 2304 proprium
953 2241 1151 2302 praeponere
1173 2219 1321 2296 velimus,
1346 2243 1408 2285 non
1425 2243 1551 2286 necesse
1569 2231 1633 2294 est,
1659 2232 1692 2284 ιιι
1714 2227 1863 2289 snbstan-

543 2313 616 2378 tiam
636 2334 885 2398 praeponamus,
906 2315 962 2376 sed
982 2313 1029 2376 rel
1048 2334 1166 2395 corpus
1191 2313 1240 2376 vel
1260 2335 1377 2396 corpus
1398 2315 1565 2378 animatum
1585 2321 1662 2390 rel,
1687 2325 1776 2400 quod
1795 2343 1862 2384 ma.

543 2409 627 2472 xime
654 2408 725 2471 fieri
744 2419 891 2489 oportet,
921 2408 1048 2471 animal.
1105 2406 1166 2470 Illa
1187 2407 1268 2471 enim
1295 2429 1421 2490 semper
1447 2433 1564 2492 genera
1591 2414 1739 2477 sumenda
1763 2425 1860 2490 sunt,

499 2519 750 2589 ttqtraecunque
776 2501 923 2583 proxima
961 2498 1076 2564 formis
1104 2499 1290 2575 adbaerent,
1324 2523 1422 2585 eaque
1450 2504 1480 2566 iu
1509 2506 1692 2572 delinitione
1725 2509 1861 2570 maxime

541 2597 766 2682 requiruntur3
795 2598 851 2659 sed
874 2595 904 2658 io
927 2593 1251 2678 argumentationibus
1275 2595 1352 2657 nihil
1382 2597 1504 2671 differt,
1540 2611 1644 2662 utrum
1675 2601 1859 2683 proximum

541 2689 660 2774 eligas,
699 2711 737 2752 an
759 2688 903 2772 superius
925 2708 1039 2770 genus.
1096 2689 1179 2751 Nam
1197 2689 1353 2771 'quoniam'
1370 2711 1411 2754 ex
1434 2691 1607 2756 continenti
1628 2695 1665 2757 lit
1688 2715 1860 2778 argumen-

540 2785 637 2860 tatio,
672 2785 743 2866 plus
774 2783 913 2846 eontinet
934 2780 985 2858 id,
1019 2782 1106 2864 quod
1133 2792 1181 2843 est
1204 2781 1348 2862 superius
1374 2805 1485 2867 genus.
1546 2786 1727 2865 Quocirca,
1768 2788 1796 2851 si
1819 2789 1858 2851 de

539 2877 666 2943 homine
688 2876 804 2960 aliquid
822 2875 995 2960 ambigitur
1013 2887 1077 2938 eta
1093 2895 1209 2957 genere
1225 2877 1465 2958 argumentandi
1481 2880 1615 2942 sumitur
1630 2881 1740 2954 locus,
1766 2881 1861 2963 quid·

496 2972 615 3059 ttqtrid
637 2973 675 3034 de
698 2969 822 3034 animali
846 2969 989 3044 dicetur,
1022 2967 1055 3031 id
1080 2968 1171 3032 etiam
1198 2969 1236 3030 de
1257 2969 1385 3032 bomine
1410 2971 1657 3052 praedicabitur.
1702 2976 1777 3054 Quo
1803 2977 1856 3048 lit,

539 3079 590 3141 ut,
615 3064 642 3128 si
663 3064 739 3148 quid
759 3055 850 3127 etiarn
872 3065 912 3126 de
933 3063 1069 3125 animato
1087 3083 1228 3142 corpore
1250 3063 1468 3144 praedicetur,
1493 3064 1574 3128 idem
1600 3069 1637 3128 de
1655 3068 1782 3130 h'omine
1798 3067 1859 3130 dici

538 3159 652 3243 possit.
697 3160 740 3224 Ut
757 3156 855 3240 igitur
872 3154 1161 3240 argumentationes
1181 3177 1221 3217 ex
1236 3155 1388 3237 proximis
1405 3158 1574 3240 generibus
1585 3160 1682 3234 fiunt,
1706 3160 1747 3224 ita
1765 3161 1857 3224 etiam

511 3262 520 3274 ’
538 3273 578 3314 er
603 3251 733 3315 ulterius
752 3248 944 3313 constitutis.
968 3250 1032 3312 Sed
1040 3249 1069 3310 in
1087 3248 1135 3310 bis
1152 3247 1296 3311 erunibus
1312 3249 1387 3312 illud
1404 3261 1469 3324 est,
1496 3254 1581 3334 quod
1600 3253 1734 3316 trraxime
1750 3253 1857 3319 consi-

537 3348 707 3408 derandum
732 3345 873 3417 ridetur,
911 3364 950 3406 ne
971 3344 1021 3416 id,
1051 3343 1139 3425 quod
1159 3353 1205 3403 est
1227 3341 1375 3417 inieritis,
1405 3344 1563 3424 superiori
1586 3358 1804 3426 praeponatur
1822 3359 1856 3409 ιιι

495 3447 526 3499 tt
538 3457 648 3522 genus.
692 3437 736 3500 Et
750 3433 901 3499 sententia
921 3435 1045 3521 quidem
1059 3434 1129 3499 talis
1151 3445 1210 3498 est.
1256 3436 1353 3514 Quod
1376 3457 1456 3499 vero
1471 3441 1509 3498 ad
1530 3442 1705 3522 exetuplum
1730 3439 1854 3514 attinet,

538 3529 747 3592 declarabitur
766 3531 828 3592 hoc
849 3531 958 3592 modo.
1003 3527 1050 3591 Sit
1069 3549 1148 3611 aqua
1168 3526 1275 3610 pluvia
1299 3549 1355 3604 ea,
1379 3551 1459 3611 quae
1478 3531 1600 3596 deiecto
1623 3535 1660 3594 de
1687 3533 1778 3595 caelo
1800 3533 1857 3594 inr-

536 3622 585 3685 bri
608 3621 784 3708 colligitur.
828 3622 934 3685 Huius
958 3619 1081 3704 species
1101 3623 1218 3704 duplex
1231 3632 1297 3700 εει,
1320 3621 1379 3685 alia
1401 3626 1481 3686 euim
1499 3645 1580 3707 aqua
1602 3627 1709 3707 pluria
1737 3649 1855 3691 nocens

536 3727 603 3791 est,
628 3715 688 3779 alia
710 3736 773 3778 noo
801 3735 930 3778 nocens.
975 3712 1129 3779 Nocentis
1148 3735 1275 3798 quoque
1296 3717 1412 3797 duplex
1432 3719 1554 3798 species
1576 3732 1641 3794 est,
1666 3721 1724 3782 alia
1749 3743 1853 3793 uranu,

535 3809 593 3872 alia
615 3808 706 3874 vitio.
751 3809 843 3892 Aqua
863 3808 968 3891 pluvia
988 3828 1082 3870 manu
1102 3829 1219 3870 nocens
1237 3820 1302 3884 est,
1338 3831 1419 3894 quae
1441 3810 1482 3873 ita
1508 3813 1583 3876 loco
1602 3813 1709 3896 aliquo
1732 3812 1858 3893 excipi·'

493 3913 604 3977 astur,
639 3914 673 3965 ut
697 3901 770 3965 inde
798 3903 959 3985 profluens
984 3903 1087 3965 ricino
1112 3913 1243 3977 noceat,
1281 3901 1307 3964 si
1334 3903 1424 3966 locus
1459 3905 1483 3966 is
1508 3927 1571 3969 non
1602 3905 1642 3967 sit
1665 3907 1852 3969 neutraliter

534 3996 626 4072 talis,
651 3999 707 4060 sed
726 4018 815 4059 roano
839 3995 971 4060 bortrinis
988 3993 1191 4074 excipiendae
1209 4015 1311 4078 aquae
1326 3995 1422 4058 luerit
1437 4012 1626 4079 apparatus3
1654 3999 1730 4064 vitio
1749 4021 1828 4063 vero
1841 4023 1866 4074 ,·

535 4091 683 4175 quotiens
705 4089 890 4153 naturaliter
911 4090 952 4151 ita
972 4109 1040 4151 sese
1063 4087 1152 4150 locus
1172 4090 1284 4164 babet,
1321 4101 1353 4151 ut
1374 4093 1521 4172 excipere
1548 4114 1660 4176 aquam
1691 4092 1798 4174 possit
1823 4103 1855 4154 et

535 4207 653 4249 nocere
676 4183 794 4249 vicino.
841 4183 876 4248 Si
904 4182 971 4246 eius
999 4181 1097 4266 igitur
1124 4203 1241 4267 aquae,
1277 4205 1369 4267 quam
1394 4185 1463 4268 quis
1487 4187 1587 4249 arceri
1611 4185 1707 4260 velit,
1732 4207 1772 4248 ne
1793 4183 1854 4248 sibi

534 4291 667 4354 noceat,
702 4276 868 4352 aricino,
904 4296 1003 4360 genus
1030 4272 1106 4339 velit
1129 4276 1318 4362 exquirere,
1358 4299 1422 4342 non
1449 4301 1576 4343 necesse
1601 4291 1649 4342 est
1676 4279 1715 4339 ab
1739 4279 1850 4341 ultimo

492 4388 636 4454 tuusque
655 4392 770 4454 genere
792 4371 968 4444 deducere,
1006 4378 1040 4430 ut
1059 4365 1143 4434 dicat
1166 4391 1265 4455 aquae
1292 4369 1377 4448 eius,
1413 4394 1506 4455 quam
1534 4371 1603 4455 quis
1629 4369 1705 4434 velit
1728 4371 1850 4445 arceri,

535 4485 636 4548 genus
657 4485 725 4526 esse
747 4484 858 4546 aquam
882 4460 1039 4544 plttviflmt
1060 4469 1115 4528 sed
1140 4476 1246 4546 potest
1269 4463 1319 4540 id,
1344 4469 1430 4549 quod
1452 4465 1583 4555 inquirit
1600 4485 1718 4550 genus,
1743 4464 1851 4546 paullo

535 4557 665 4620 inferius
684 4557 841 4633 invenire,
867 4569 899 4617 ιιι
921 4557 1013 4620 huius
1032 4581 1149 4641 aquae,
1174 4579 1266 4642 quam
1288 4559 1390 4621 arceri
1405 4560 1582 4634 desiderat,
1607 4558 1638 4620 id
1662 4579 1763 4642 genus
1781 4580 1849 4622 esse

535 4649 634 4724 dicat,
656 4653 742 4735 quod
761 4663 808 4713 est
827 4672 906 4733 aqua
928 4652 1034 4734 pluvia
1052 4676 1182 4718 nocens.
1218 4653 1311 4732 Quod
1334 4651 1359 4714 si
1383 4674 1482 4736 genus
1501 4652 1680 4734 proximum
1702 4662 1845 4736 quaerat,

534 4741 611 4805 illud
632 4743 749 4826 poterit
770 4744 937 4819 adbibere,
962 4749 1048 4830 quod
1066 4760 1130 4827 cst,
1153 4769 1233 4832 aqua
1252 4745 1359 4827 pluvia
1382 4767 1474 4808 manu
1499 4766 1628 4809 nocens.
1674 4747 1750 4808 Hoc
1771 4745 1848 4808 enim

490 4853 522 4904 ts
535 4859 644 4900 arcere
666 4837 737 4922 quis
757 4838 902 4917 cogitur,
928 4844 1015 4921 quod
1034 4862 1125 4903 manu
1150 4841 1187 4903 lit
1209 4839 1358 4913 noxium3
1383 4841 1468 4923 quod
1493 4861 1570 4902 vero
1593 4837 1655 4900 loci
1678 4837 1847 4902 formavel

537 4929 615 4995 vitio
631 4931 894 4996 incommoditatis
909 4933 1025 5018 aliquid
1041 4945 1210 5016 apportat,
1236 4955 1345 4996 arcere
1368 4955 1431 4996 non
1448 4933 1587 5018 cogitur.
1633 4931 1729 5012 Quod
1746 4942 1846 4994 autent

609 5078 636 5178 p,
654 5139 688 5174 ss
706 5125 810 5191 species
828 5118 890 5179 add.
909 5121 986 5193 Eine.
1006 5122 1074 5177 Ven.
1112 5125 1140 5182 5.
1162 5123 1258 5192 altius]
1279 5123 1357 5178 Eius.
1377 5151 1413 5166 -
1432 5121 1549 5175 alterius
1568 5118 1637 5176 edd.
