4434 5959
965 557 1057 622 LlB.
1081 555 1113 621 l.
1644 552 1707 621 279

388 692 480 759 cuius
500 692 713 759 definitionem
728 694 758 759 in
779 694 910 777 Topicis
933 695 1120 762 differentiis
1134 696 1275 781 apertius
1297 694 1550 780 explanabimus.
1594 694 1708 763 Omnis

389 810 470 855 vcro
490 788 694 873 syllogismis
717 790 768 853 vel
791 792 988 872 enthymema
1012 789 1289 871 propositionibus
1312 802 1454 856 constat:
1491 811 1583 854 otone
1609 790 1707 875 igitur

386 894 606 967 argumentum
630 884 818 963 syllogismo
842 885 892 949 rel
910 886 1140 965 enthymemate
1163 883 1341 966 profertur.
1399 884 1608 963 Enthymema
1628 905 1707 947 vero

387 988 437 1039 est
459 974 663 1057 imperfectus
684 977 912 1059 syllogismus,
944 977 1033 1043 cuius
1054 976 1176 1062 aliquae
1202 990 1310 1061 partes
1334 978 1384 1041 vel
1406 987 1543 1060 propter
1566 977 1707 1042 brevita-

387 1080 452 1133 tetu
480 1069 529 1131 rel
562 1081 697 1151 propter
734 1068 876 1133 notitiam
908 1070 1146 1153 praetermissae
1179 1083 1263 1134 stant.
1324 1073 1436 1156 ltaque
1465 1074 1545 1135 baec
1576 1081 1733 1156 quinques

387 1163 619 1248 argrtmeutatio
642 1184 660 1224 a
680 1163 858 1247 syllogismi
876 1186 992 1249 genere
1008 1186 1071 1228 non
1093 1165 1222 1230 recedit.
1261 1164 1422 1244 Quoniam
1444 1164 1542 1250 igitur
1557 1163 1707 1249 syllogis-

387 1278 458 1321 ntus
481 1256 583 1320 omnis
603 1256 879 1338 propositionibus
909 1269 1052 1332 constat,
1090 1256 1330 1340 propositiones
1353 1280 1431 1323 rero
1456 1258 1618 1333 terminis,
1642 1268 1709 1320 ter·

385 1350 525 1436 acinique
546 1349 683 1415 interae
704 1350 852 1413 differunt
873 1373 935 1427 eo,
960 1354 1048 1435 quod
1072 1372 1152 1414 unus
1174 1351 1276 1415 maior
1297 1362 1362 1428 est,
1393 1352 1474 1415 alter
1492 1352 1613 1425 minum
1637 1350 1709 1413 lieri

386 1466 452 1509 uon
474 1456 599 1527 potest,
636 1456 668 1507 ut
688 1466 729 1508 ex
748 1444 1022 1526 propositionibus
1041 1443 1209 1510 conclusio
1232 1457 1398 1521 nascatur,
1438 1445 1495 1509 nisi
1523 1466 1580 1528 per
1601 1445 1709 1507 termi-

387 1561 449 1605 nos
482 1560 675 1621 progressae
702 1537 942 1619 propositiones
970 1551 1134 1603 extremos
1158 1537 1311 1601 terminos
1333 1537 1464 1601 alicuius
1488 1536 1571 1601 tertii
1593 1536 1752 1601 medie-tt

389 1644 457 1695 tate
478 1630 712 1719 coniunxerint.
754 1632 791 1696 ld
810 1630 960 1695 lacillitno
983 1634 1219 1695 demonstratur
1241 1632 1403 1712 exemplo.
1447 1631 1590 1695 Sit'eniru
1610 1652 1710 1716 qttae·

389 1728 472 1803 stio,
497 1738 613 1789 utrum
634 1728 736 1789 ltomo
762 1725 954 1797 substantia
973 1725 1039 1799 sit,
1072 1724 1285 1787 muninime.
1331 1725 1429 1788 sotto
1453 1724 1527 1789 tuiti
1549 1726 1709 1810 quaestio·

389 1822 439 1885 nis
464 1830 583 1902 partem
617 1820 746 1881 alteram
775 1820 1063 1900 comprobandam,
1101 1837 1139 1880 ea
1161 1828 1228 1891 est,
1261 1818 1433 1882 homiuem
1456 1840 1530 1882 esse
1550 1820 1710 1881 substau-

388 1915 499 1985 ciam·
533 1912 564 1976 iu
591 1913 650 1974 ltac
671 1910 768 1995 igitur
788 1914 852 1974 duo
875 1923 948 1975 sunt
970 1909 1112 1986 termini,
1150 1912 1344 1975 substantia
1365 1925 1459 1997 atque
1481 1914 1603 1988 hatno,
1627 1934 1709 1996 quo·

390 2030 462 2073 rum
485 2005 586 2070 maior
606 2005 818 2078 susbstantia,
840 2006 942 2069 homo
961 2024 1040 2068 tero
1062 2003 1180 2069 minor.
1224 2006 1322 2084 Quod
1341 2027 1383 2069 ex
1408 2026 1448 2070 eo
1470 2013 1752 2088 qttoqttepote-15

388 2102 432 2165 rit
454 2100 597 2173 ostendi,
622 2100 770 2184 qnoniam
795 2097 965 2180 posterius,
993 2097 1180 2175 substantia,
1205 2098 1234 2161 in
1260 2099 1442 2181 prolatione
1464 2101 1652 2181 profertur,
1676 2111 1710 2161 ut

390 2196 424 2258 in
455 2196 518 2258 boe
544 2194 630 2276 ipso,
667 2195 753 2275 quod
775 2192 924 2267 dicimus,
962 2194 1076 2256 Homo
1097 2191 1292 2255 srebstnntia
1311 2204 1382 2268 est,
1421 2190 1508 2275 prius
1528 2192 1709 2267 bominem,

388 2286 550 2371 posterius
573 2285 778 2349 substantiam
810 2285 1018 2348 nominamus.
1077 2286 1121 2351 Ut
1143 2284 1242 2379 igitur
1266 2286 1470 2349 substantiam
1492 2297 1585 2367 atque
1607 2285 1711 2349 botui-

388 2402 459 2443 uem
483 2379 668 2463 iungamus,
707 2398 837 2440 necesse
858 2388 905 2440 est
929 2378 1061 2441 medium
1091 2378 1256 2441 terminum
1286 2378 1443 2461 reperiri,
1481 2378 1536 2463 qui
1556 2390 1709 2462 utrosque

388 2474 521 2555 copulet
544 2470 715 2546 terminos;
738 2471 790 2533 bio
805 2470 843 2533 sit
861 2470 1008 2546 amitttat,
1033 2472 1152 2555 fiatque
1167 2481 1229 2535 una
1244 2472 1444 2553 propositio:
1470 2474 1592 2539 Omnis
1607 2478 1709 2539 ltomu
1722 2480 1754 2529 ²⁰

388 2566 521 2635 animal
550 2577 613 2629 est.
670 2564 705 2627 ln
740 2566 797 2625 ltac
822 2562 921 2647 igitur
951 2562 1175 2645 propositione
1203 2563 1316 2627 animal
1357 2565 1575 2648 praedicatur,
1611 2568 1708 2630 ltotuo

388 2657 567 2723 subiicitur.
600 2660 722 2723 Rursus
745 2656 901 2741 adiungo:
924 2658 1033 2721 Omne
1052 2667 1169 2719 aretem
1187 2658 1320 2721 animal
1342 2658 1538 2722 substantia
1561 2671 1626 2724 est.
1672 2662 1709 2723 lo

389 2755 451 2817 ltaa
473 2770 582 2814 rursus
605 2749 716 2812 auitnal
736 2749 947 2829 supponitur,
985 2750 1161 2813 substantia
1183 2751 1396 2833 praedicatur.
1441 2753 1553 2835 ltaque
1577 2752 1709 2815 conclu·

390 2848 454 2909 do:
477 2842 599 2910 Omnis
621 2846 722 2905 ltotno
744 2841 938 2905 susbstantia
954 2854 1018 2905 est.
1074 2845 1126 2907 Aa
1145 2865 1204 2926 per
1233 2845 1296 2908 ltoc
1317 2846 1413 2909 honio
1436 2844 1562 2929 quidem
1585 2866 1709 2926 semper

390 2937 551 3003 subiectus
574 2946 641 3009 est;
679 2935 790 2997 anitual
822 2954 900 2998 vero
928 2938 967 2997 ad
995 2936 1150 3015 bominem
1182 2937 1307 3022 quidem
1336 2938 1551 3021 praedicatum
1572 2950 1639 3011 est,
1670 2940 1752 3001 adas

389 3028 597 3097 substantium
624 3048 702 3090 vero
738 3028 930 3101 sttbiectuto;
964 3030 1137 3093 substantia
1168 3054 1247 3096 vero
1274 3032 1346 3114 ipsa
1369 3053 1494 3115 semper
1528 3031 1707 3114 praedicata

390 3122 587 3209 permansit;
624 3124 706 3185 uotle
730 3121 779 3197 lit,
805 3132 839 3183 ut
859 3119 962 3183 minor
990 3123 1118 3204 attidem
1136 3122 1177 3187 sit
1202 3126 1320 3200 bomo,
1358 3124 1458 3187 tucior
1482 3147 1561 3189 tero
1583 3124 1710 3189 ltoutins

389 3218 585 3294 substantia,
618 3218 736 3283 medius
765 3229 866 3279 autem
893 3214 1044 3279 terminus
1069 3217 1197 3281 animal.
1257 3218 1414 3300 Quoniam
1448 3217 1546 3303 igitur
1577 3217 1711 3280 extremi

388 3312 515 3378 termini
539 3309 632 3375 medii
661 3309 902 3393 interpositione
925 3310 1132 3391 caprulanum,
1163 3332 1267 3395 eoqtte
1293 3315 1388 3377 modo
1412 3310 1607 3398 quaestionis
1628 3309 1711 3373 inter

388 3431 426 3474 se
442 3410 580 3470 membra
607 3406 817 3481 conveniunt,
842 3402 1042 3485 adhibitaque
1064 3405 1254 3485 probatione
1273 3405 1412 3469 solvitur
1433 3405 1611 3478 dubitatio3
1634 3404 1709 3467 nibil
1722 3414 1755 3461 tt

388 3514 438 3567 est
470 3500 555 3563 aliud
584 3511 803 3583 argumentum
828 3518 921 3581 qttam
953 3496 1127 3559 medietatis
1154 3495 1318 3562 intentio:
1349 3500 1430 3562 haec
1452 3498 1533 3561 enirn
1560 3498 1611 3562 rel
1633 3518 1711 3561 rou·

389 3596 544 3679 iungere,
578 3592 603 3656 si
631 3591 796 3655 affirmatio
822 3590 1029 3665 defendatur,
1066 3590 1115 3651 vel
1138 3589 1342 3674 disiungere,
1365 3590 1393 3654 si
1415 3591 1544 3676 negatio
1571 3591 1709 3653 vindice·

390 3703 464 3767 tur,
498 3687 617 3771 poterit
649 3699 823 3750 extremos.
878 3685 968 3766 Quae
996 3705 1092 3769 quum
1115 3684 1157 3746 ita
1180 3684 1264 3759 sint,
1293 3688 1425 3749 duarum
1451 3683 1709 3767 propositionum

388 3796 422 3848 et
449 3782 561 3847 tertiae
581 3779 795 3846 conclusionis
819 3778 920 3844 maior
941 3778 1065 3859 quidem
1087 3778 1268 3860 propositio
1294 3777 1411 3842 dicitur
1427 3800 1483 3852 ea,
1507 3798 1589 3861 qtrae
1610 3775 1710 3839 maid·

389 3900 457 3941 rent
478 3876 644 3940 terminum
661 3872 820 3948 continet,
845 3873 875 3936 id
897 3884 964 3948 est,
989 3870 1020 3933 in
1043 3893 1104 3957 qna
1123 3872 1224 3935 maior
1245 3871 1372 3955 quidem
1398 3870 1620 3954 praedicatur,
1645 3892 1708 3931 me·
1723 3883 1753 3931 ss

388 3972 460 4035 dius
487 3991 568 4035 rero
586 3969 796 4053 supponitur,
822 3978 874 4031 uta
900 3970 1008 4032 Omne
1029 3965 1161 4027 animal
1177 3966 1368 4029 susbstantia
1386 3977 1450 4029 est.
1497 3964 1608 4027 llliuor
1632 3983 1709 4024 raro

388 4064 571 4153 propositio
605 4075 669 4141 est,
715 4084 796 4147 quae
828 4060 959 4125 medium
993 4058 1120 4143 qttidem
1155 4058 1320 4121 terminum
1353 4059 1539 4141 praedicat,
1576 4053 1706 4118 subiicit

390 4174 494 4227 aretem
517 4158 691 4233 minorem,
716 4167 769 4220 utt
800 4154 921 4221 Omnis
942 4154 1044 4215 bomo
1063 4151 1194 4214 animat
1209 4163 1274 4216 est.
1318 4153 1380 4215 Sed
1403 4150 1549 4236 quoniam
1569 4171 1587 4212 a
1605 4150 1705 4211 maio·

388 4258 478 4323 ribus
500 4274 629 4317 neeesse
646 4263 693 4314 est
714 4250 834 4315 minora
858 4249 1069 4321 descendere,
1091 4246 1176 4309 -eius
1199 4244 1431 4322 conclusionis,
1464 4264 1545 4331 quae
1566 4266 1606 4306 ex
1629 4244 1706 4305 ‹lua-

389 4354 449 4417 btts
478 4344 754 4432 propositionibus
786 4342 948 4416 nascitur,
981 4340 1033 4403 illa
1061 4338 1150 4423 quasi
1183 4338 1315 4421 propria
1343 4338 1491 4403 effectrix
1524 4336 1752 4421 propositione

389 4444 516 4509 ridetur
538 4461 625 4515 esse,
649 4461 729 4523 quae
749 4436 850 4521 prima
871 4447 944 4507 est3
973 4436 1050 4497 hacc
1072 4444 1174 4497 ntttcm
1198 4443 1263 4496 esta
1287 4432 1409 4498 Omnis
1430 4435 1532 4497 ltomo
1551 4431 1707 4497 susbstan-

388 4538 440 4601 tia
457 4547 522 4600 est.
551 4533 660 4614 Quod,
685 4532 739 4616 qui
757 4530 882 4613 priores
899 4526 1161 4611 posterioresque
1184 4537 1313 4591 nostros
1334 4526 1540 4606 Aualytieos,
1565 4546 1646 4609 quos
1668 4526 1708 4585 ab

388 4628 567 4695 Aristotele
589 4624 822 4699 transtulimus,
847 4622 944 4706 legit,
971 4620 1093 4683 minime
1116 4621 1251 4684 dubitat.
1296 4621 1358 4683 Sed
1379 4620 1406 4683 si
1428 4620 1518 4703 qrtis,
1542 4642 1623 4703 quae
1644 4617 1710 4681 illic

386 4721 506 4805 scripta
535 4731 625 4795 strnl,
664 4717 805 4783 nesciens
835 4718 874 4779 ad
897 4716 975 4777 hoca
995 4716 1127 4799 legenda
1150 4712 1352 4796 proruperit,
1390 4712 1481 4777 etiam
1505 4714 1531 4775 si
1554 4713 1707 4776 rationem

387 4836 511 4891 rerunt,
534 4834 612 4900 quas
629 4835 690 4877 nott
707 4810 872 4895 iutelligit,
897 4807 1020 4872 minime
1035 4808 1297 4892 cotnpreheudit,
1321 4809 1363 4872 ita
1386 4819 1508 4884 tamen,
1533 4819 1567 4873 ut
1589 4807 1707 4869 dictum
1721 4820 1751 4869 ts

388 4920 456 4987 est,
490 4930 560 4973 esse
588 4908 744 4983 confidat,
773 4924 870 4989 seque
893 4901 924 4966 id
948 4902 976 4967 iu
1000 4902 1186 4969 Aristotelis
1215 4902 1391 4985 Analyticis
1413 4902 1542 4966 uberius
1564 4900 1709 4964 intentu·

467 5121 513 5173 ll.
532 5117 667 5168 ternanos
683 5110 779 5185 attqm
798 5110 947 5167 medietate
965 5112 1042 5174 blot.
