4434 5959
960 631 1049 695 LlB.
1074 631 1121 702 1„
1643 639 1682 700 55

451 769 698 834 commutabile
726 781 795 845 est,
830 770 923 854 pund
950 770 993 832 ab
1018 770 1218 836 aduersario
1242 785 1356 856 potest
1377 776 1492 839 leviter
1515 789 1682 841 mutatum

366 888 415 928 ea·
431 865 613 928 contraria
631 875 733 948 parte
755 862 837 943 diet]
881 860 1113 927 commutabile
1136 877 1200 940 est,
1225 866 1344 952 inquit,
1369 872 1456 952 quod
1473 893 1535 934 nou
1557 871 1680 955 quidem

369 962 408 1020 ab
428 956 621 1020 adversariis
642 956 704 1019 dici
731 978 794 1038 pro
815 977 849 1018 se
869 955 972 1038 possit
1000 953 1065 1031 ita,
1090 968 1125 1019 ut
1148 980 1163 1020 a
1187 970 1218 1022 tc
1240 962 1395 1041 prolatum
1418 975 1487 1037 est;
1518 967 1570 1026 sed
1593 985 1681 1026 com-

369 1063 489 1114 mutato
513 1051 616 1113 verbo
638 1049 689 1112 vel
711 1049 818 1112 addito
839 1047 941 1130 possit
963 1048 994 1109 in
1015 1061 1138 1130 partem
1161 1052 1350 1118 contrariam
1374 1057 1573 1121 commutari.

451 1149 614 1227 Longum
638 1154 707 1216 est,
742 1143 835 1226 quod
857 1140 1017 1224 plurimis
1043 1144 1153 1206 uerbis
1180 1159 1241 1209 αιιι
1264 1148 1440 1210 sententiis
1467 1152 1560 1212 mna
1579 1172 1681 1233 quom
1710 1153 1724 1201 ⁵

369 1240 455 1304 sotis
473 1249 525 1302 est
544 1235 764 1320 producimu]
807 1233 1011 1299 Meminimus
1032 1234 1064 1297 in
1086 1238 1210 1302 duobus
1232 1260 1301 1301 esse
1324 1240 1497 1304 orationem
1521 1255 1679 1306 nostram:

369 1355 451 1395 niune
472 1328 516 1394 in'
529 1328 636 1392 verbis
657 1328 806 1413 singulis,
841 1328 975 1390 crinein
997 1329 1191 1408 coniunctis,
1227 1355 1308 1416 quae
1330 1334 1503 1397 sententiae
1525 1335 1680 1396 dicuntur.

370 1429 484 1508 itaque
505 1423 634 1506 (inquit)
664 1421 792 1505 longum
814 1431 880 1496 est,
910 1422 996 1502 quod
1025 1420 1114 1485 nimis
1136 1431 1192 1488 aui
1211 1425 1241 1488 in
1265 1426 1370 1488 verbis
1393 1439 1445 1488 aut
1468 1426 1498 1489 in
1520 1427 1681 1492 sententiis

369 1519 549 1582 involutum
571 1527 632 1578 est.
1294 1569 1297 1574 .

265 1688 266 1691 Ἴ
454 1615 661 1692 separatum
673 1618 743 1682 est,
767 1605 858 1689 quod
876 1625 945 1668 non
966 1631 1014 1671 ex
1034 1611 1111 1694 ipsa
1124 1632 1231 1698 casua
1251 1613 1390 1675 ductum
1415 1624 1487 1687 est,
1511 1633 1571 1675 nec
1593 1614 1679 1676 sieut
1694 1616 1722 1663 ¹⁰

369 1705 512 1790 otiqraod
530 1701 716 1790 membrum
737 1720 913 1761 annexum
933 1703 1095 1785 orationi]
1140 1707 1325 1784 Separatum
1349 1716 1414 1779 est,
1440 1708 1525 1788 quod
1551 1719 1680 1769 nonest

365 1798 492 1886 proprii
514 1793 635 1878 negotii
657 1814 758 1875 neqire
787 1790 855 1855 eius
876 1813 1006 1868 caussae,
1034 1806 1102 1878 ‘qna
1126 1801 1164 1859 de
1184 1797 1312 1881 agitur:
1346 1811 1378 1860 ut
1400 1799 1425 1861 si
1447 1797 1600 1860 homicida
1625 1798 1680 1860 tibi

367 1893 563 1959 accusandus
584 1889 644 1962 sit,
669 1897 700 1949 et
721 1897 755 1949 tu
778 1887 818 1947 ab
839 1883 982 1949 adulterii
1003 1887 1198 1952 facinoribus
1220 1891 1384 1954 exordium
1407 1912 1521 1952 sumas.
1661 1963 1665 1972 ι

449 1984 677 2049 Tronolotum
699 1969 782 2053 est,
826 1977 918 2060 quoti
945 1981 1042 2043 aliud
1073 1982 1237 2060 conficit,
1275 2005 1378 2068 pisam
1413 2005 1537 2046 causae
1569 2005 1679 2064 genus

364 2082 540 2165 posterlatr
560 2086 599 2136 ut
622 2073 743 2157 siquis
757 2069 1032 2161 docilemsaeiat
1054 2076 1269 2150 auditorem,
1293 2099 1396 2161 quum
1417 2077 1678 2140 benevolentiam
1693 2087 1720 2135 ts

365 2193 471 2237 carrea
496 2169 682 2246 desiderem
714 2177 775 2230 aut
796 2167 828 2230 si
849 2164 1020 2247 principio
1041 2179 1171 2244 utatur,
1200 2189 1303 2252 quum
1335 2170 1598 2234 insinuationem
1623 2193 1679 2233 res

363 2264 529 2351 postulet]
573 2263 617 2324 Et
647 2280 741 2341 supra
771 2259 871 2322 dixit:
908 2260 1047 2339 Quare,
1081 2282 1187 2344 piarem
1212 2274 1284 2324 tam
1306 2262 1441 2326 diuerso
1461 2264 1529 2326 sint
1551 2286 1679 2348 genera

365 2379 571 2431 morum,
607 2352 765 2416 exordiri
791 2374 923 2438 quoque
944 2351 1077 2434 tiiepari
1104 2355 1237 2418 ratione
1262 2355 1297 2416 in
1320 2377 1521 2440 unoquoque
1545 2381 1678 2422 neeesse

365 2465 428 2519 est.
483 2453 578 2532 Ergo
609 2448 792 2509 translatum
822 2459 891 2523 est,
927 2447 1047 2533 inquit,
1082 2470 1175 2532 quum
1205 2448 1317 2532 ignoto
1342 2471 1458 2532 genere
1487 2473 1596 2514 causac
1627 2465 1677 2514 am

365 2547 484 2609 toeites
509 2564 571 2625 pro
601 2541 804 2604 attentissimi
833 2552 971 2606 attentos
1000 2561 1061 2624 pro
1082 2541 1246 2605 benevolis
1267 2541 1428 2606 iaciendos
1451 2541 1540 2606 nobis
1562 2544 1719 2608 indicum

366 2651 526 2722 putamus.

449 2734 582 2795 Contra
591 2738 812 2809 praeceptum
828 2740 897 2804 est,
921 2729 1013 2813 quod
1027 2728 1113 2790 nihil
1123 2749 1242 2800 eorum
1259 2724 1388 2816 efflat,
1411 2750 1558 2812 quorum
1572 2753 1677 2794 emesa

366 2824 407 2886 de
431 2821 590 2886 exordiis
613 2815 797 2903 praecepta
820 2821 1018 2900 traduntur]
1064 2823 1186 2887 Contra
1219 2833 1422 2902 praeceptum
1451 2833 1516 2894 est,
1554 2823 1673 2906 inquit,

366 2918 453 2998 qnod
474 2913 609 2976 iudicum
632 2911 750 2975 animos
771 2913 831 2977 sibi
851 2936 914 2977 non
931 2926 1113 2997 comparat,
1136 2914 1290 2978 interdurn
1313 2913 1403 2977 ctiam
1430 2912 1562 2976 infestos
1586 2916 1673 2978 lacit.

367 3009 475 3087 Quare
497 3004 594 3068 linitis
617 3005 740 3069 exordii
761 3007 958 3089 praeceptis,
983 3028 1065 3069 nnnc
1079 3005 1170 3070 nobis
1185 3009 1224 3069 de
1239 3007 1418 3069 narratione
1434 3003 1597 3069 dicendum
1614 3019 1672 3070 est.
1686 3021 1717 3066 ιι

449 3097 623 3164 Narratio
658 3109 709 3161 est
748 3111 926 3181 gestorum
958 3092 1075 3163 rerum
1110 3111 1181 3162 aue
1208 3111 1245 3162 ut
1279 3110 1457 3182 gestarum
1487 3099 1675 3181 expositio]

366 3191 486 3255 Deiioit
508 3191 584 3275 quid
605 3190 646 3254 sit
670 3191 824 3256 narratio.
868 3193 906 3254 ln
928 3191 1110 3255 delinitione
1133 3213 1231 3268 vero,
1256 3205 1289 3256 ut
1311 3213 1405 3273 saepe
1430 3191 1489 3254 iam
1513 3191 1672 3269 diximus,

367 3286 483 3361 οιιιιιίι,
509 3305 589 3368 qsrae
606 3285 646 3347 ad
666 3304 732 3346 rem
748 3284 947 3365 aperiendam
965 3285 1138 3366 pertinent,
1161 3284 1271 3369 colligi
1296 3297 1389 3367 atque
1412 3283 1527 3347 includi
1546 3286 1673 3350 debent.

367 3379 474 3458 Quare
494 3377 640 3461 quioniam
662 3397 726 3440 nen
745 3387 861 3438 tanturm
880 3377 932 3440 illa
956 3389 1140 3454 narrantur,
1177 3399 1257 3464 quiae
1277 3399 1353 3442 vere
1383 3389 1471 3462 gesta
1495 3391 1587 3455 sunt,
1619 3382 1676 3442 sed

366 3472 460 3532 etiarn
480 3470 558 3545 illa,
582 3489 661 3553 quae
688 3490 752 3532 uon
773 3481 845 3532 suut
865 3484 970 3553 gesta,
994 3474 1050 3536 sed
1074 3471 1142 3555 geri
1170 3483 1362 3554 potnerunt,
1386 3472 1458 3536 ideo
1479 3473 1543 3535 ait:
1581 3476 1716 3538 Nor-³0

367 3564 459 3627 ratio
481 3575 533 3626 est
562 3572 738 3646 gestarum
763 3585 879 3626 rerum
905 3576 968 3626 aut
993 3577 1032 3627 ut
1064 3577 1243 3648 gestarum
1265 3565 1453 3648 expositio.
1507 3567 1674 3630 Gestarum

366 3678 473 3720 rernm
493 3655 651 3736 expositio
677 3667 725 3718 est
745 3657 946 3740 negotiorum
976 3655 1113 3721 ciiilimn
1137 3669 1169 3722 et
1194 3659 1407 3724 historiarum.
1450 3659 1495 3722 Ut
1516 3670 1673 3742 gestarum
1710 3741 1716 3752 ἱ

265 3782 266 3829 ι
367 3771 473 3812 mmor
497 3748 656 3830 expositio
689 3760 736 3820 est
757 3749 1008 3828 comoediarum,
1042 3752 1220 3816 fabularum
1257 3765 1289 3816 ct
1316 3755 1503 3827 thematum,
1540 3774 1621 3835 quiae
1642 3755 1673 3818 in

368 3840 527 3904 auditorio
547 3842 705 3904 dicuntur.
749 3843 841 3925 Ergo
870 3841 928 3906 tria
958 3865 1074 3928 genera
1096 3845 1285 3910 narrationis
1313 3866 1382 3909 esse
1414 3841 1502 3908 dicit.
1548 3847 1674 3924 Unum,

368 3935 454 4015 qnod
486 3933 522 3994 iit
552 3933 584 3995 in
613 3953 725 3995 causac
753 3936 970 4016 expositione,
1008 3949 1042 4000 ut
1073 3950 1121 4000 est
1150 3938 1248 4005 illud:
1293 3941 1331 4004 G.
1369 3936 1527 4020 Quintius
1546 3937 1715 4028 froterii

366 4026 505 4088 lruimee
531 4029 570 4090 P.
598 4027 732 4110 Quintii
747 4026 851 4118 suit,-
880 4040 913 4092 et
940 4029 1015 4093 huic
1041 4029 1166 4094 similia.
1218 4035 1338 4096 Verum
1361 4029 1510 4115 quoniam
1532 4035 1674 4098 narratio

368 4138 481 4180 rainae
502 4139 565 4182 non
592 4119 625 4182 id
646 4121 747 4183 solum
769 4123 852 4205 agit,
883 4133 990 4185 utres
1012 4134 1116 4206 gestas
1139 4125 1299 4205 explicet,
1333 4121 1555 4186 verumetiam
1579 4128 1674 4188 merlin

366 4208 482 4364 iuturip
504 4211 672 4318 praestruit
703 4213 957 4298 quiaestionibus,
987 4215 1287 4295 animadvertamus,
1311 4231 1346 4281 ut
1367 4216 1485 4319 Cicero
1507 4230 1675 4302 utrumque

368 4321 461 4384 comp
473 4325 552 4367 exus
573 4318 626 4368 ιιι.

442 4497 470 4554 3.
485 4495 640 4563 prolatum]
660 4495 710 4550 cd.
730 4497 796 4549 Bas.
814 4525 851 4540 ·-
865 4497 1017 4569 probatum
1034 4495 1105 4552 Edd.
1127 4497 1178 4551 Οιι.

443 4569 487 4625 tt.
507 4567 687 4622 Translatum
706 4579 764 4637 est,
792 4571 866 4642 quod
883 4575 949 4642 ceu]
979 4574 1147 4640 Quintilian.
1166 4572 1215 4628 lib.
1234 4573 1261 4630 lt·
1281 4589 1306 4630 c.
1329 4583 1353 4634 ί.
1373 4574 1420 4628 ubi
1441 4573 1474 4630 de
1494 4581 1568 4631 vitiis
1588 4594 1674 4629 exor-

368 4639 496 4706 diorum,
516 4645 686 4696 tronslatnm
704 4645 844 4698 exordium
861 4662 955 4711 vocat,
977 4645 1049 4718 quod
1069 4647 1179 4700 aliunde
1194 4649 1328 4710 traditum
1357 4651 1545 4705 Herennianus
1568 4652 1673 4705 Rhetor

368 4715 416 4770 tu.
439 4723 462 4773 ι.
483 4718 654 4770 translatum
673 4719 814 4774 exordium
835 4719 937 4774 includi
958 4727 996 4778 ais
1022 4726 1051 4775 in
1078 4731 1229 4795 separato,
1260 4723 1332 4795 quod
1359 4727 1468 4781 scilieet
1487 4745 1542 4780 non
1562 4745 1594 4779 ex
1614 4731 1674 4798 ipss

370 4805 451 4843 ausu
468 4807 562 4845 natum
582 4795 696 4847 ridetur.
717 4795 804 4851 Care.

443 4869 484 4926 16.
502 4877 554 4919 aut
570 4873 598 4919 st
610 4871 761 4942 principio]
781 4873 859 4940 Quae
878 4887 1027 4940 sequuntur
1052 4871 1087 4924 ad
1114 4889 1198 4945 usque
1223 4872 1385 4928 vccabulum
1410 4893 1496 4946 ergo,
1526 4875 1624 4930 derunt
1645 4878 1673 4928 iu

370 4939 602 4996 &sustinone
623 4947 704 4998 Cirr.
732 4951 771 5012 (et
793 4949 821 4998 in
842 4943 883 4998 St.
904 4943 976 5018 tit.)

442 5019 486 5074 25.
504 5035 574 5069 mure
592 5019 690 5090 nabis]
703 5037 760 5074 orn.
778 5019 858 5072 nobis
872 5016 919 5073 Cd.
943 5024 1003 5074 lias.
1023 5020 1079 5075 Oa.

443 5093 487 5148 tt.
506 5107 534 5144 et
554 5100 599 5154 51.
619 5103 763 5163 gattariam
794 5097 899 5164 return]
926 5096 986 5150 Hoc
1005 5094 1101 5149 ordine
1121 5095 1169 5151 Cd.
1189 5097 1267 5166 nse,
1301 5113 1332 5151 ιιι
1351 5099 1444 5153 Turio.
1466 5099 1616 5153 ciceronis.
1636 5117 1673 5156 ε.-

371 5180 459 5216 nram
476 5175 622 5237 gestarum
641 5167 707 5225 tidd.
729 5169 781 5224 Οι.
