4434 5959
534 604 596 670 298
1073 607 1309 674 BOETHIUS

533 746 674 811 homine.
732 750 777 815 Ut
796 748 905 831 igitur
938 750 1093 816 minuatur
1123 748 1233 812 animal
1262 758 1294 812 et
1321 746 1440 814 homini
1462 760 1674 834 coaequetur,
1709 747 1856 812 addimus

535 842 759 918 differentiam,
791 867 851 928 qua
881 846 1023 910 adiuncta
1052 867 1157 909 rerum
1189 844 1315 929 quidem
1341 867 1488 908 istamcrus
1510 842 1641 917 crescit,
1679 842 1730 906 ris
1749 854 1855 906 autem

535 936 582 1000 rei
604 947 697 1019 atque
711 940 889 1018 amplitudo
909 939 1067 1003 minuitur.
1112 941 1208 1003 Addo
1228 939 1328 1023 igitur
1348 938 1523 1016 rationale,
1548 938 1722 1022 efficioque
1740 937 1858 1000 animal

534 1030 702 1117 rationale.
747 1032 857 1095 Minus
885 1045 933 1096 est
965 1032 1065 1116 igitur
1097 1032 1212 1095 animal
1236 1033 1409 1108 rationale,
1446 1056 1541 1117 qrasaan
1568 1030 1704 1114 proprie
1727 1031 1857 1093 animal.

510 1118 743 1189 tDico'autem
774 1126 930 1190 hominem
960 1150 1028 1191 esse
1052 1125 1163 1190 animal
1183 1126 1348 1193 rationale.
1399 1130 1463 1192 Sed
1485 1129 1515 1191 id
1535 1129 1673 1192 nondum
1691 1144 1857 1206 coaequa·

535 1226 587 1279 tur
606 1220 644 1280 ad
669 1219 837 1282 homiuem.
892 1221 1035 1303 Possunt
1063 1220 1145 1284 enim
1167 1242 1236 1284 esse
1254 1220 1397 1284 animalia
1421 1220 1641 1295 rationabilia,
1664 1218 1748 1281 sicut
1779 1218 1858 1281 Pla·

533 1310 603 1374 toni
632 1333 760 1395 quoque
789 1315 829 1375 de
858 1314 951 1376 astris
980 1314 1101 1395 placet,
1140 1338 1222 1400 quae
1254 1316 1398 1379 homines
1421 1338 1484 1381 non
1507 1328 1590 1379 sunt.
1635 1314 1733 1377 Addo
1756 1311 1857 1395 igitur

539 1424 650 1467 rursus
666 1406 755 1467 aliam
773 1406 991 1483 differentiam,
1016 1408 1122 1491 siquo
1137 1412 1232 1474 modo
1247 1410 1276 1472 in
1292 1422 1410 1473 tanturn
1426 1409 1566 1472 definitio
1582 1408 1805 1481 contrahatur,
1822 1416 1859 1467 ut

535 1498 590 1561 hat
619 1500 757 1576 homiui,
793 1507 880 1586 qtrod
911 1504 1077 1597 delinitur,
1116 1504 1260 1588 aequale.
1317 1503 1473 1588 Adiungo
1502 1503 1602 1585 igitur
1631 1501 1787 1576 mortale,
1818 1522 1857 1561 ac

494 1593 607 1656 todico
631 1594 788 1657 hominem
811 1618 880 1661 esse
902 1597 1015 1661 animal
1037 1596 1210 1673 rationale,
1244 1598 1392 1661 mortale.
1447 1598 1485 1661 ld
1515 1606 1669 1678 aequatur
1689 1595 1730 1655 ad
1750 1594 1858 1657 homi-

536 1708 620 1750 nem.
664 1690 746 1751 Nam
766 1702 797 1752 et
821 1690 875 1771 qui
898 1694 995 1757 homo
1019 1704 1083 1767 est,
1122 1691 1236 1753 animal
1256 1690 1429 1764 rationale,
1464 1690 1599 1753 mortale
1620 1700 1690 1762 est,
1714 1700 1748 1751 et
1768 1691 1858 1770 qtaod

536 1792 585 1848 est
614 1781 725 1845 animal
758 1784 913 1849 ration'ale
943 1784 1100 1859 mortale,
1140 1786 1236 1846 homo
1265 1796 1326 1847 est.
1382 1784 1467 1849 Dico
1499 1783 1598 1868 igitur
1618 1783 1755 1847 hominis
1777 1786 1860 1845 hanc

536 1893 607 1937 esse
637 1876 868 1951 definitionem,
907 1900 987 1961 quiae
1019 1900 1059 1941 ex
1087 1876 1232 1960 pluribus
1260 1877 1478 1941 communibus
1499 1876 1613 1941 iunctis
1634 1898 1731 1939 unum
1752 1889 1857 1938 tamen

537 1966 682 2050 quiddam
712 1970 877 2052 proprium
910 1970 1030 2035 homiui
1060 1980 1156 2057 atque
1184 1970 1315 2053 aequale
1350 1970 1502 2034 coniecit.
1556 1972 1664 2054 Atque
1686 1968 1718 2033 in
1740 1968 1859 2031 ceteris

496 2068 526 2119 ts
539 2060 773 2126 delinitionibus
796 2068 903 2127 eadem
925 2066 1007 2128 ratio
1032 2076 1079 2127 cst
1091 2110 1100 2142 ,
1140 2075 1174 2127 ut
1196 2064 1396 2127 definitiones
1420 2064 1498 2127 fiant
1519 2064 1661 2128 collectis
1682 2061 1860 2127 communi·

538 2154 654 2217 tatibus
676 2155 707 2217 in
731 2177 888 2241 statimque
910 2159 1084 2239 copulatis,
1116 2179 1212 2242 quium
1233 2157 1425 2220 accessesit
1448 2157 1500 2220 illa
1523 2156 1751 2240 copulatione,
1775 2178 1859 2239 quae

538 2249 713 2312 eommunia
744 2262 837 2327 suut,
871 2254 1015 2317 contrahi
1038 2264 1134 2336 atque
1156 2250 1186 2313 in
1210 2249 1361 2315 minorem
1385 2251 1528 2316 cohiberi
1552 2252 1696 2324 modum,
1736 2249 1856 2332 eique,

539 2343 627 2427 quod
648 2342 813 2417 delinitur,
846 2368 886 2409 ex
916 2345 1189 2410 communitatibus
1217 2344 1394 2408 coniunctis
1427 2344 1546 2427 aliquid
1570 2343 1737 2428 proprium
1762 2356 1859 2426 atque

541 2435 672 2517 aequale
695 2438 912 2520 componitur.
965 2442 1042 2505 Hoc
1063 2450 1111 2502 est
1129 2437 1246 2521 igitur,
1270 2440 1358 2520 quod
1379 2437 1421 2500 ait
1447 2436 1586 2512 Cicero,
1610 2438 1694 2500 hunc
1710 2458 1783 2499 esse
1804 2440 1860 2500 de·

497 2544 530 2595 tt
540 2527 692 2593 linitionis
719 2535 865 2598 modum:
899 2556 1004 2618 quum
1026 2531 1214 2615 asumpseris
1235 2552 1298 2606 ea,
1330 2531 1650 2616 quaesierunt,
1678 2552 1785 2615 quom
1803 2530 1861 2591 de·

533 2620 648 2700 finire
668 2624 767 2699 velia,
792 2644 868 2688 cum
887 2626 966 2689 aliis
986 2625 1199 2700 communia,
1225 2646 1331 2708 usque
1349 2648 1391 2688 eo
1410 2624 1589 2709 persequi,
1620 2634 1660 2685 ut
1674 2623 1862 2705 proprium

539 2712 733 2802 efficiatur,
758 2720 851 2803 quod
871 2723 1000 2782 nullam
1022 2720 1057 2781 in
1079 2718 1185 2782 oliam
1203 2740 1277 2781 rem
1298 2716 1489 2809 transferri
1510 2717 1643 2800 possit:
1664 2728 1699 2779 ut
1719 2716 1770 2777 his
1787 2737 1861 2778 ver-

541 2810 590 2873 bis
612 2820 644 2872 et
664 2811 724 2873 hac
746 2813 898 2875 sententia
921 2812 1064 2875 breviter
1085 2810 1213 2895 signare
1236 2811 1399 2886 videatur,
1433 2813 1515 2873 hanc
1536 2831 1604 2872 esse
1625 2808 1860 2883 definitionem,

543 2924 627 2987 qatae
649 2925 691 2983 ex
712 2906 970 2970 substantialibus
1002 2906 1277 2969 communitatibus
1305 2904 1408 2967 iuncta
1439 2918 1533 2988 atque
1559 2903 1591 2967 in
1615 2902 1769 2966 minorem
1793 2920 1862 2963 mo·

498 2999 613 3059 asdnm
635 3000 764 3061 redacta
786 2999 822 3062 fit
848 2997 877 3062 ei
898 3000 964 3074 rei,
989 3020 1070 3085 qatae
1085 2998 1253 3073 delinitur,
1277 2998 1430 3082 aequalis.
1475 2997 1629 3079 Exempla
1653 3016 1756 3069 vero,
1779 3014 1861 3077 quae

541 3090 650 3174 ponit,
676 3092 856 3157 huiusmodi
878 3105 967 3169 sunt,
991 3116 1085 3158 umtm
1104 3092 1299 3157 definiendae
1320 3092 1522 3166 hereditatis,
1546 3092 1679 3154 alterum
1703 3087 1862 3171 gentilita-

541 3184 597 3250 tis.
642 3186 837 3250 Hereditatis
859 3187 982 3272 quidem
1004 3190 1067 3251 hoc
1082 3189 1196 3250 modo:
1219 3186 1404 3251 Hereditas
1418 3196 1469 3247 est
1480 3185 1640 3267 pecunia.
1683 3182 1863 3247 Commune

542 3278 606 3342 hoo
627 3289 658 3341 et
681 3281 784 3343 miritis
807 3280 875 3344 aliis
897 3292 944 3344 est
965 3280 1177 3357 conveniens,
1201 3301 1282 3364 quae
1304 3280 1494 3342 hereditates
1510 3300 1573 3343 non
1588 3287 1680 3351 sunt,
1702 3285 1741 3339 ut
1762 3278 1863 3339 dona·

542 3368 683 3434 tionibus
706 3373 756 3435 vel
778 3372 874 3437 hirtis
895 3374 946 3435 rel
969 3373 1163 3458 quibuslibet
1183 3372 1253 3435 aliis
1273 3371 1462 3455 pecuniariis
1483 3372 1598 3446 rebus,
1634 3391 1715 3453 quae
1735 3369 1864 3433 minime

502 3468 616 3528 ³⁰sunt
634 3465 838 3530 hereditates.
882 3466 969 3531 Huic
992 3465 1091 3551 igitur
1117 3466 1269 3548 pecuniae
1295 3467 1471 3528 addendum
1497 3463 1614 3547 aliquid
1634 3463 1718 3527 tuit:
1743 3466 1862 3526 idest:

544 3578 632 3641 quoe
653 3568 762 3621 morte
783 3559 931 3623 alicuius
950 3560 998 3622 od
1022 3560 1217 3645 quempiam
1233 3558 1400 3644 pervenit.
1444 3558 1615 3621 Hereditas
1634 3556 1715 3652 euim
1729 3555 1865 3638 pecunia

544 3661 595 3714 est
616 3653 655 3713 ad
676 3652 852 3735 quempiam
875 3665 978 3719 morte
999 3654 1201 3737 perveniens.
1253 3654 1319 3716 Sed
1334 3674 1374 3716 ne
1393 3650 1424 3715 id
1447 3651 1572 3737 quidem
1588 3650 1715 3734 plenum
1738 3650 1865 3713 heredi·

544 3742 618 3809 tatis
642 3744 779 3827 explicat
799 3745 1003 3809 intellectum.
1038 3744 1215 3811 Commune
1235 3765 1369 3830 namque
1390 3754 1458 3819 est,
1490 3756 1522 3807 et
1541 3744 1694 3827 pecuniae
1716 3754 1863 3823 mortuos

544 3860 614 3901 rum
637 3839 782 3921 pluribus
804 3830 903 3902 teneri
925 3838 1028 3904 modis
1049 3851 1196 3922 possunt,
1220 3841 1309 3903 velut
1325 3838 1355 3902 si
1369 3838 1455 3901 bello
1471 3837 1540 3921 quis
1557 3838 1658 3901 rictus
1670 3847 1719 3901 est
1732 3858 1773 3899 ac
1785 3858 1863 3918 spo·

502 3932 651 3998 teliatus.
695 3932 882 3997 Addeudum
910 3932 1009 4017 igitur
1031 3945 1079 3995 est
1099 3932 1239 4017 aliquid,
1262 3934 1357 4009 iura,
1379 3942 1416 3995 ut
1437 3932 1495 3996 sit:
1532 3931 1716 3997 Hereditas
1734 3940 1788 3993 eat
1805 3952 1864 4013 pe·

544 4026 664 4101 cunio,
688 4048 774 4111 pune
792 4038 903 4091 morte
923 4027 1069 4091 alicuius
1090 4027 1139 4089 od
1168 4026 1362 4110 quempiam
1386 4026 1463 4089 iure
1482 4026 1651 4109 pervenit.
1694 4024 1865 4087 Heredita-

545 4128 592 4183 tes
630 4119 714 4184 enirn
750 4120 819 4183 iure
848 4121 1027 4204 capiuntur.
1082 4119 1240 4184 Videatur
1268 4119 1405 4183 forsitan
1439 4120 1502 4181 hoc
1535 4118 1610 4182 loco
1649 4116 1863 4181 definitionem

543 4232 642 4295 posse
678 4214 872 4279 consistere:
918 4216 975 4277 sed
1006 4210 1143 4277 minime.
1187 4210 1272 4293 Quid
1303 4212 1403 4288 enim,
1438 4212 1465 4274 si
1493 4212 1601 4296 legata
1623 4208 1757 4292 pecunia
1794 4222 1861 4283 est,

545 4305 705 4369 hereditas
748 4306 873 4391 uiridem
912 4306 976 4370 dici
1015 4326 1078 4371 nou
1122 4316 1254 4388 potest,
1308 4298 1405 4388 capta
1439 4315 1543 4369 tamen
1581 4313 1685 4367 morte
1729 4301 1860 4365 alicuius

499 4398 615 4465 soture
657 4400 788 4482 pecunia
824 4412 882 4468 est.
945 4401 1026 4463 Nam
1063 4408 1247 4461 testamenta
1278 4396 1348 4461 iure
1375 4398 1473 4474 liunt,
1511 4397 1646 4480 pecunia
1674 4396 1772 4459 etiam
1792 4397 1863 4459 iure

547 4490 684 4573 legatur.
742 4492 961 4557 Adiiciendum
988 4502 1043 4555 est·
1066 4492 1202 4576 aliquid,
1239 4490 1271 4554 id
1297 4491 1435 4565 scilic-et,
1469 4511 1536 4575 qtao
1565 4492 1607 4553 ab
1633 4489 1863 4553 hereditatibus

546 4584 650 4671 legata
672 4599 876 4668 separentur,
899 4598 935 4649 ut
956 4584 1112 4663 dicamus,
1134 4585 1340 4649 hereditatem
1363 4606 1432 4648 esse
1453 4583 1616 4667 pecuniam
1638 4595 1743 4646 morte
1765 4582 1864 4645 alicu·

546 4678 594 4741 ius
617 4681 655 4741 ad
678 4680 853 4762 quempiam
875 4678 1111 4760 pervenientem
1140 4678 1227 4754 iure,
1261 4698 1341 4763 quae
1363 4678 1467 4762 legata
1498 4676 1638 4741 nonsit.
1681 4678 1769 4740 Num
1791 4673 1864 4738 satis

546 4784 595 4835 est
616 4770 811 4837 definitioni?
843 4772 990 4837 Minime.
1034 4770 1245 4852 Quindecim,
1280 4772 1307 4834 si
1336 4792 1438 4834 meum
1471 4770 1596 4854 quidem
1618 4768 1793 4834 dominium
1826 4767 1864 4829 sit

505 4868 635 4933 latrandi
651 4868 703 4933 vel
724 4866 854 4931 alicuius
875 4864 1075 4951 pecuniariae
1099 4866 1156 4942 rei,
1174 4864 1303 4930 alterius
1319 4888 1399 4929 vero
1413 4862 1639 4929 ususfructus?
1660 4864 1744 4926 Nam
1764 4872 1864 4927 morte

545 5172 578 5226 n
621 5098 697 5220 Auia
717 5098 838 5165 tantuna]
857 5092 935 5149 Bina.
956 5092 1023 5147 Van.
1046 5074 1076 5137 ι’-
1098 5094 1199 5144 lterum
1220 5092 1314 5144 ceteri.
1348 5092 1392 5146 12.
1412 5095 1441 5140 et
1454 5086 1534 5160 ‘quod
1551 5118 1570 5132 -
1588 5118 1607 5131 -
1625 5084 1709 5140 Ιιοιιιο
1727 5088 1784 5155 eat]
1805 5080 1862 5139 add.

581 5188 622 5226 ns.
657 5172 711 5225 'em
