4434 5959
893 609 985 674 ιιιι.
1008 607 1058 673 ιι.
1129 630 1133 641 =
1597 570 1664 667 ιιι

345 750 407 815 tris
428 749 607 835 significate
642 760 690 813 cst
717 750 835 815 iactum
859 750 941 814 ritae
965 746 1171 831 praeteritae,
1214 750 1301 831 quod
1323 766 1489 829 personam
1515 747 1658 829 probati

351 858 398 909 est
420 846 538 907 iactum
558 856 591 909 et
609 844 704 921 illud,
728 849 814 927 quod
836 844 1024 917 intenditur,
1048 842 1149 923 ipsum
1167 840 1262 918 illud,
1288 844 1374 926 quod
1392 842 1504 903 dicitur
1518 862 1536 903 ιι
1550 842 1660 925 igitur·

350 939 525 1001 occidistis
546 939 724 1002 estfactum
739 939 884 1014 tertium,
909 940 987 1010 hoc,
1011 940 1097 1020 quod
1116 934 1226 997 tribuit
1245 946 1462 1019 argumentum
1483 937 1521 997 ad
1541 935 1659 998 iactum

348 1030 445 1104 illud,
470 1033 551 1094 uode
572 1030 721 1094 iudicium
737 1044 801 1104 est3
832 1041 866 1093 ut
886 1028 1062 1102 transisti,
1084 1026 1258 1090 clamasti:
1294 1027 1406 1111 quibus
1428 1031 1582 1107 probatur
1603 1049 1663 1091 oc*

349 1124 475 1187 uidisti.
518 1126 595 1188 Iloc
614 1145 696 1208 ergo
717 1123 857 1186 ultimum
880 1132 950 1196 est,
975 1125 1064 1205 quod
1083 1122 1164 1185 dixit
1185 1142 1207 1184 o
1215 1118 1344 1212 facto:
1365 1125 1452 1206 quod
1471 1123 1570 1203 ipsum
1583 1129 1684 1201 per-i

349 1217 508 1299 spicietur
525 1218 558 1280 io
575 1219 676 1282 tribus
694 1217 775 1294 iliis,
806 1228 885 1279 onte
909 1216 1104 1299 negotium,
1128 1216 1165 1277 in
1186 1217 1340 1299 negotio,
1360 1226 1440 1297 post
1461 1215 1658 1297 negotium:

250 1379 251 1382 Ἴ
351 1312 443 1373 simul
469 1334 540 1373 cum
563 1310 645 1385 suis,
670 1332 729 1393 per
749 1332 830 1395 quae
854 1330 890 1372 se
911 1309 1069 1391 explicant
1094 1308 1198 1385 faeta,
1223 1309 1315 1384 loco,
1350 1320 1511 1388 tempore,
1543 1309 1657 1384 modo,

351 1403 539 1479 occasione,
569 1404 735 1467 facultate.
792 1406 885 1487 Ergo
906 1403 984 1464 haec
1002 1402 1060 1465 tria
1079 1414 1171 1479 arunt,
1205 1424 1284 1488 quae
1306 1400 1519 1464 coniecturae
1540 1420 1659 1485 sugge-

250 1481 251 1502 ¹
349 1510 422 1560 runt
442 1510 648 1581 argumenta,
672 1520 786 1573 carisa,
809 1517 966 1578 persona,
988 1495 1119 1559 iactum.

431 1594 547 1657 Causa
568 1591 786 1655 distribuitur
808 1591 842 1653 iu
864 1589 1102 1671 impulsionem
1132 1599 1166 1653 et
1185 1586 1496 1669 ratiocinationem]
1537 1587 1657 1669 impul·
1671 1587 1701 1637 ¹⁰

350 1682 397 1747 sio
417 1697 536 1745 motum
564 1685 660 1745 habet
686 1683 904 1764 repentinum,
929 1701 991 1744 noo
1013 1682 1241 1757 voluntarium
1280 1698 1311 1747 ut
1330 1704 1437 1761 arnor,
1463 1681 1654 1746 vinolentia:

349 1788 381 1839 et
403 1777 532 1841 omnino
559 1775 663 1841 omnia
694 1775 890 1849 huiusumdi,
933 1794 1014 1854 quac
1051 1774 1171 1839 reniam
1200 1789 1376 1853 murentur,
1414 1781 1440 1843 si
1470 1779 1660 1843 confiteatur

349 1868 381 1933 id
396 1872 511 1951 ipsum,
531 1873 619 1953 quod
633 1869 746 1932 iecisse
768 1871 924 1953 arguitur.
968 1869 1049 1929 Nam
1066 1869 1092 1931 si
1107 1882 1211 1951 negat,
1236 1884 1419 1955 argumenta
1435 1886 1507 1938 suot
1518 1896 1536 1937 a
1547 1889 1659 1943 causas

350 1975 384 2029 ut
407 1965 469 2027 sit:
493 1964 632 2038 Fecisti,
655 1963 739 2047 quio
759 1963 950 2030 vinolentus
960 1958 1090 2049 sitisti.
1134 1964 1274 2040 Fecisti,
1297 1966 1379 2049 quia
1392 1962 1659 2056 omoreferisti.

350 2058 488 2131 Fecisti,
523 2056 605 2141 quia
632 2056 821 2118 irocrmdus
842 2074 897 2118 es:
933 2056 1046 2137 quibus
1067 2057 1168 2119 causis
1189 2062 1345 2140 probatur
1370 2060 1476 2124 lacere
1498 2056 1657 2140 potuisse,
1672 2059 1701 2113 ts

349 2154 433 2231 quod
459 2161 569 2233 negat.
614 2148 830 2212 Ratiocinatio
853 2158 956 2209 autem
983 2169 1074 2210 causa
1098 2162 1146 2211 est
1163 2150 1255 2214 etiam
1280 2153 1346 2234 ipsa
1371 2152 1556 2226 voluntatis3
1579 2151 1659 2211 haec

348 2243 473 2308 ratione
492 2242 626 2306 faciendi
648 2242 745 2305 luisse
761 2241 898 2305 ostendit
921 2241 1115 2306 voluntatem
1135 2254 1188 2305 aut
1209 2266 1271 2307 nou
1286 2245 1436 2321 faciendi,
1460 2266 1541 2329 quae
1564 2240 1660 2305 strui·

349 2346 401 2398 tur
419 2358 461 2398 cx
487 2334 727 2397 ratiocinatione
756 2335 808 2395 rel
836 2332 913 2397 boni
938 2335 989 2396 vel
1014 2334 1104 2409 rnali;
1141 2336 1208 2398 sirc
1231 2336 1288 2399 iam
1313 2339 1477 2419 praeteriti
1496 2338 1573 2401 boni
1593 2334 1660 2400 sire

349 2428 468 2502 luturi3
491 2426 611 2511 pariter
629 2429 701 2490 mali
715 2427 766 2490 vel
787 2424 953 2509 praeteriti
972 2428 1025 2489 rel
1040 2428 1151 2490 iuturi.
1196 2429 1289 2508 Quod
1306 2450 1364 2494 nos
1385 2430 1518 2493 diximus
1541 2434 1658 2493 bonum

351 2522 401 2585 vel
424 2522 559 2593 malarum
581 2521 696 2597 idest,
726 2532 762 2583 ut
782 2518 906 2604 gloriae
927 2540 1040 2597 causa,
1064 2533 1098 2583 ut
1123 2520 1346 2599 amicitiarum,
1376 2536 1412 2587 ut
1431 2522 1659 2587 inimicitiarum
1670 2524 1703 2573 ²⁰

351 2614 612 2689 ulciscendorum,
636 2625 671 2676 ut
688 2626 801 2688 metus,
822 2625 858 2677 ut
877 2613 1040 2695 pecuniae.
1076 2616 1138 2678 His
1156 2614 1256 2699 igitur
1276 2618 1449 2681 commodis
1470 2618 1522 2680 vel
1538 2615 1661 2679 incom-

351 2708 451 2771 modis
469 2708 530 2770 laos
549 2708 666 2790 grados
687 2708 741 2769 dat
757 2706 890 2789 primos.
934 2706 1104 2771 Commodi
1126 2707 1297 2786 retinendi,
1321 2709 1431 2794 utique
1452 2713 1538 2796 quod
1551 2710 1659 2785 habet,

350 2812 381 2863 et
408 2798 569 2885 angendi;
600 2800 728 2875 deiude,
764 2798 976 2881 adipiscendi,
1007 2800 1039 2862 id
1070 2801 1179 2887 utique
1206 2797 1271 2878 est,
1303 2806 1388 2887 qnod
1420 2826 1483 2867 noo
1513 2806 1660 2867 habebat.

350 2893 475 2960 Contra
495 2893 689 2957 incommodi
708 2893 869 2957 reiiciendi
889 2891 1011 2975 pariter
1027 2904 1059 2956 et
1071 2894 1130 2970 id,
1159 2898 1247 2979 quod
1269 2898 1420 2972 habebat,
1443 2894 1659 2967 imminuendis

349 2985 530 3062 devitandi,
563 2986 672 3069 utiquc
689 2989 776 3069 quod
793 2986 936 3049 futurum
956 2998 1036 3053 erat.
1078 2990 1126 3052 lta
1147 2988 1207 3051 tria
1228 2991 1306 3053 haee
1324 2990 1424 3053 tribus
1444 2988 1660 3071 superioribus
1670 2986 1703 3037 2⁶

349 3082 562 3162 respoudeotr
585 3078 758 3142 commodis
781 3078 995 3153 incommoda3
1024 3076 1089 3142 illic
1109 3080 1281 3158 retinendi,
1306 3082 1357 3145 hic
1378 3080 1561 3155 reiiciendi;
1596 3080 1660 3144 illic

349 3172 502 3259 sugcndi,
540 3172 592 3233 hic
613 3170 785 3247 minuendi;
812 3170 878 3234 illic
897 3171 1106 3254 adipiscendi,
1145 3174 1196 3236 irio
1226 3174 1399 3237 devitandis
1433 3176 1546 3257 quibus
1569 3174 1662 3237 etiam

279 3331 283 3337 ,
348 3266 402 3329 ills
422 3266 587 3341 accident,
610 3277 644 3327 ut
664 3264 782 3349 aliquid
803 3258 994 3348 incommodi
1014 3286 1191 3343 sumamus,
1215 3267 1266 3330 vel
1286 3280 1321 3331 ut
1343 3268 1441 3329 maius
1459 3270 1659 3331 commodum

349 3379 600 3441 consequamur,
639 3357 690 3421 vel
723 3369 757 3420 ut
780 3356 878 3420 maius
907 3357 1141 3423 incommodum
1171 3358 1328 3423 vitemus:
1365 3372 1418 3423 ant
1448 3380 1590 3436 reserum,
1628 3371 1663 3422 ut

350 3454 550 3516 commodum
566 3450 694 3533 aliquod
714 3462 968 3533 praetereamus3
991 3452 1043 3515 rel
1061 3463 1096 3515 ut
1111 3452 1206 3515 maius
1221 3455 1417 3517 commodum
1441 3452 1661 3535 adipiscamur,
1673 3448 1705 3498 ³⁰

250 3573 251 3588 ι
351 3548 402 3611 rel
424 3558 460 3609 ot
485 3544 584 3609 maius
615 3544 848 3609 incommodum
875 3544 1061 3608 devitemusa
1120 3548 1202 3610 Nam
1231 3560 1262 3611 et
1288 3546 1406 3629 suscipi
1427 3546 1659 3611 incommodum

349 3660 484 3721 parrum
494 3650 619 3720 potest,
643 3650 678 3701 ut
691 3638 789 3701 maius
801 3637 928 3723 aliquod
943 3640 1142 3703 commodum
1161 3660 1403 3724 consequamur,
1428 3640 1481 3703 vel
1497 3652 1531 3703 ut
1543 3641 1664 3703 incom-

350 3734 476 3795 modum
492 3730 592 3794 maius
621 3731 755 3795 vitetur:
786 3742 818 3794 et
845 3752 958 3795 rursus
978 3752 1112 3814 parrum
1136 3736 1335 3797 commodum
1358 3732 1515 3797 contemni
1538 3743 1659 3816 potest,

350 3825 404 3887 rel
425 3832 460 3888 ut
481 3825 580 3889 maius
601 3826 732 3909 aliquod
745 3826 944 3888 commodum
965 3844 1219 3909 consequamur,
1240 3825 1292 3889 rel
1316 3836 1350 3889 ut
1367 3824 1465 3887 maitrs
1487 3826 1662 3889 incommo-

350 3916 421 3979 dum
445 3916 581 3981 vitetur:
610 3930 645 3981 ut
662 3918 736 3981 leno
759 3926 927 3981 contentus
941 3915 1002 3978 tuit
1022 3914 1088 3979 sine
1111 3917 1202 3982 lucro
1224 3917 1421 3982 meretricem
1440 3920 1531 3995 darc,
1564 3940 1602 3981 ne
1624 3918 1707 3981 ab³⁵

442 4041 471 4097 5.
486 4039 624 4110 probatam
641 4029 779 4107 occiduis]
804 4035 837 4090 Id
856 4051 916 4103 est,
933 4036 1002 4089 hsce
1020 4043 1189 4093 accusatoris
1208 4043 1363 4112 propositio
1382 4020 1665 4093 occidisti-Cissei

350 4108 476 4167 dtcsssnt
493 4118 756 4185 κατασκευάζεται
775 4108 810 4170 τὸ
828 4110 960 4176 ἔκτανες.
981 4111 1063 4165 Cara.

443 4194 471 4247 7.
491 4206 553 4241 sum
570 4190 644 4260 suls]
664 4190 769 4242 Mirum
787 4188 849 4243 hoc.
872 4186 971 4240 Fuitne
988 4204 1051 4238 cum
1068 4188 1106 4242 V.
1126 4187 1188 4253 lu's,
1207 4193 1322 4259 pariaque
1340 4187 1385 4240 lais
1405 4186 1448 4241 rel
1463 4188 1518 4240 its?
1537 4186 1590 4242 Os.

425 4270 470 4320 10.
488 4278 526 4316 ac
544 4263 637 4317 Cassa
652 4269 715 4336 ipsa
733 4262 871 4316 diotdttm
887 4265 919 4312 iu
936 4261 1009 4329 duo,
1035 4262 1225 4333 tmprshionem
1244 4270 1272 4316 st
1290 4271 1345 4317 ras.
1366 4261 1435 4317 Cod.
1455 4266 1517 4316 Bas.
1543 4268 1615 4331 Aac,
1633 4277 1665 4316 ot

350 4342 407 4394 sins
427 4340 582 4403 victorini,
599 4355 658 4391 oon
678 4339 821 4392 Ciceronis
839 4334 931 4392 verbs.
949 4335 1003 4390 Os.

423 4418 471 4470 12.
491 4418 517 4465 sl
535 4412 721 4486 confiteatur}
740 4412 844 4485 Sopplc
863 4427 936 4464 reus.
956 4411 1039 4465 cius.

422 4492 469 4545 ¹7.
487 4484 556 4539 lasse
574 4492 662 4557 ratio]
692 4493 776 4541 Auses
806 4484 949 4561 legebatur
978 4483 1046 4538 iaec
1065 4491 1196 4547 ratione,-
1224 4482 1297 4557 qnod
1317 4484 1522 4539 emendavimus
1545 4504 1578 4539 es
1598 4484 1665 4541 edit.

351 4562 512 4616 dssileensi.
530 4562 614 4616 Cirr.
653 4561 861 4616 destituendum
881 4574 940 4613 crst
960 4565 1089 4627 ratione,
1110 4563 1163 4619 τοῦ
1184 4560 1262 4637 δρᾶν
1280 4559 1359 4638 μετὰ
1379 4563 1480 4637 λόγον.
1499 4562 1551 4615 Οι.

422 4640 470 4693 20.
488 4637 589 4688 ὁοακια
605 4638 787 4705 assimulans]
816 4636 885 4693 cod.
906 4636 968 4689 Bss.
985 4656 1022 4693 .-.
1040 4637 1142 4688 maleam
1160 4636 1210 4689 vel
1225 4636 1324 4689 bouum
1343 4634 1415 4689 Edd.
1452 4636 1524 4689 Tum
1543 4644 1574 4688 ut
1594 4635 1662 4691 Cod.

350 4709 413 4764 Bes.
434 4728 484 4784 pro
502 4720 532 4763 ct
549 4720 639 4763 mattas
655 4708 726 4765 uid.
753 4710 807 4765 Οι.

423 4792 468 4845 ²8·
488 4786 597 4856 aliquid
613 4786 795 4857 incommoda]
826 4789 969 4861 Perpersm
996 4782 1100 4839 editum
1125 4800 1183 4839 erat
1212 4786 1356 4839 commodi.
1376 4788 1459 4844 Care,
1509 4786 1665 4859 (Cotumodi

250 4881 251 4884 ¹
351 4864 435 4913 astsm
454 4859 507 4915 cd.
526 4862 604 4927 Bss.)

423 4940 470 4995 51.
488 4934 703 5008 incommodum]
713 4935 760 4989 Sic
769 4937 869 5008 scripsi
883 4954 944 4990 cnm
951 4939 1014 4991 Asc.
1026 4951 1076 5009 pro
1087 4956 1094 4987 :
1104 4933 1274 4986 commodum
1281 4932 1348 4991 Cod,
1359 4934 1595 4989 Bas.'etli‹ld.ceu.
1608 4934 1662 4989 Os.

422 5014 467 5069 35.
487 5010 592 5063 Totum
611 5010 703 5063 locum
721 5016 764 5063 sic
783 5016 927 5064 constitut.
957 5013 1023 5065 s'cit.
1052 5006 1122 5062 edd.
1152 5012 1209 5062 sie:
1241 5017 1268 5060 et
1291 5028 1400 5061 marsum
1419 5008 1588 5062 commodum
1608 5040 1627 5051 -
1646 5040 1665 5053 -

349 5084 551 5136 itoeommoduras
573 5089 698 5139 vitatur:
717 5092 745 5136 et
763 5102 861 5137 rursus
876 5103 971 5137 rerum
989 5090 1054 5153 (sir)
1073 5082 1242 5135 commodum
1262 5089 1400 5135 coartemsai
1415 5091 1526 5153 potest,
1545 5090 1577 5133 sat
1590 5083 1663 5137 karo.

351 5157 402 5210 cs.
420 5158 482 5213 Bas.
501 5174 615 5213 moces
640 5168 669 5211 et
687 5178 786 5212 rursus
804 5178 897 5213 rerum
915 5159 982 5235 (sic)
1001 5157 1173 5214 commodam
1189 5166 1328 5213 contemni
1338 5168 1452 5229 potest,
1470 5166 1501 5211 ut
1518 5158 1591 5213 lasso.
1611 5158 1665 5213 Oa.
