4434 5959
790 617 897 688 car.
920 618 1040 685 xvu.
1062 619 1200 685 xuur.
1597 599 1672 687 'aas

351 762 467 823 orator
493 755 662 845 ingenuum
691 760 866 841 pudorem,
900 761 1073 825 uerborum
1105 760 1298 842 turpitudine
1321 770 1352 824 et
1373 783 1480 826 rerum
1503 760 1672 827 obscoeni-

349 864 418 916 tate
436 852 545 925 ritate.
589 853 736 917 Alterum
763 874 861 929 vero,
885 852 999 929 idest,
1023 854 1213 930 dicacitatis,
1245 858 1332 939 ‹prnod
1353 869 1401 919 est
1424 859 1521 921 breve
1543 856 1672 941 aliquod

350 958 384 1011 et
405 945 622 1009 circumcisum
647 948 780 1022 dictum,
812 946 961 1021 urbanius
983 950 1021 1009 ad
1044 947 1140 1018 risum
1159 952 1436 1013 commovendum.
1455 1017 1459 1023 ,
1481 951 1518 1014 ld
1540 972 1672 1037 maguae

352 1042 449 1106 debet
470 1060 540 1107 ease
562 1041 738 1117 cautionis,
763 1051 796 1104 ιιι
817 1062 876 1105 nec
897 1039 985 1103 nimis
1006 1040 1157 1123 frequens
1178 1040 1238 1115 ait,
1270 1062 1328 1105 nec
1349 1042 1483 1107 scurrile
1505 1046 1685 1124 uideatur,⁸

350 1156 413 1201 ncc
432 1137 704 1210 subobscoenum,
734 1156 793 1199 nee
822 1136 996 1211 mimicum,
1031 1156 1090 1199 nec
1108 1135 1275 1215 petulans,
1313 1158 1371 1199 nec
1394 1136 1582 1217 inprobum,
1613 1154 1696 1203 neca

349 1228 385 1294 iu
406 1229 631 1306 calamitatem,
656 1249 715 1292 nec
735 1228 954 1305 inhumanum,
979 1250 1036 1292 nec
1058 1229 1090 1291 iu
1111 1230 1253 1305 facinus,
1287 1251 1347 1293 nec
1372 1230 1436 1294 odii
1463 1231 1566 1294 locum
1590 1230 1672 1294 risru

351 1334 512 1404 occupet:
547 1333 579 1386 et
599 1326 687 1410 quod
714 1323 848 1387 maxime
877 1322 1060 1407 lugiendrun
1082 1333 1149 1401 est,
1187 1324 1259 1407 qrria
1282 1334 1331 1386 est
1351 1322 1596 1405 ineptissimum,
1632 1344 1672 1387 nc

352 1428 410 1481 aut
432 1437 507 1481 suae
538 1438 695 1499 personae
728 1429 780 1480 aut
810 1416 920 1483 iudicis
948 1426 1002 1481 aut
1033 1427 1234 1493 ceterorum,
1268 1430 1320 1481 aut
1343 1418 1478 1500 tempori
1508 1430 1563 1479 arnt
1598 1418 1672 1481 loco

352 1523 409 1576 aut
433 1510 479 1575 rei
513 1512 614 1575 miuus
643 1514 897 1575 accommodatus
927 1511 1015 1575 iocus
1052 1523 1083 1575 et
1111 1532 1221 1593 parurn
1250 1521 1430 1594 oportunus
1462 1509 1670 1574 existimetur.

352 1607 460 1671 Valde
483 1605 574 1669 etiam
596 1605 746 1691 frigidum
769 1604 829 1668 erit
850 1603 1034 1679 ridiculum,
1058 1605 1084 1669 si
1107 1604 1283 1688 quiaesituru
1306 1617 1338 1668 et
1359 1626 1422 1668 nou
1444 1614 1575 1685 repente
1596 1605 1714 1667 ena-¹⁰

351 1712 418 1764 tum
441 1696 648 1784 intelligatur.
703 1699 899 1764 Parcendum
930 1697 1057 1771 amicis,
1092 1697 1148 1784 qui
1169 1699 1231 1762 siut
1252 1720 1270 1761 e
1292 1697 1496 1782 dignitatibus
1519 1696 1672 1760 audienti·

351 1794 414 1857 bua
446 1791 533 1866 kari3
569 1790 715 1855 vitandae
751 1790 938 1854 insanabiles
974 1792 1206 1856 contumeliae:
1243 1794 1462 1856 tantummodo
1498 1788 1672 1853 adversarii

351 1885 490 1970 ligendi:
514 1906 572 1949 nee
593 1896 695 1948 umen
717 1905 843 1968 semper
865 1905 1054 1971 necyomnes
1077 1908 1135 1948 nec
1158 1885 1375 1951 omnimodo.
1420 1887 1487 1950 Per
1507 1886 1585 1947 baec
1608 1882 1672 1967 igi·

352 1990 408 2044 tur
429 1980 629 2063 parecbaais,
662 1980 780 2053 idest,
819 1979 982 2064 egressio,
1007 2000 1073 2042 esse
1096 1978 1284 2063 intelligitur
1305 1979 1435 2042 alicuius
1456 1978 1505 2042 rei
1526 1979 1565 2039 ad
1586 1977 1671 2040 utili·

352 2084 452 2138 tatem
481 2094 593 2137 causae
623 2073 808 2157 pertinentis
830 2082 921 2135 extra
950 2071 1091 2137 ordinem
1115 2094 1288 2136 excurrens
1309 2072 1471 2136 tractatio.
1515 2068 1715 2151 Quicquid¹⁵

351 2166 453 2253 igitur
469 2166 603 2241 dicitur,
642 2168 731 2249 quod
751 2164 791 2229 sit
813 2177 941 2247 praeter
962 2164 1051 2240 illas,
1089 2186 1169 2247 qrras
1187 2165 1338 2241 lecimus,
1369 2176 1476 2247 partes
1496 2162 1671 2237 orationis,

353 2260 475 2337 idest,
498 2259 738 2343 prohoemium,
762 2256 989 2332 narrationem,
1014 2259 1213 2343 quiaestiones
1236 2272 1267 2323 et
1285 2261 1467 2345 epilogum,
1499 2280 1534 2322 ea
1561 2256 1673 2340 prole·

353 2366 410 2419 cto
430 2353 577 2438 egressio
597 2363 662 2427 eet;
699 2350 731 2415 id
758 2362 826 2427 est,
859 2350 1052 2435 indignatio,
1090 2351 1176 2428 laus,
1210 2352 1443 2435 interpellatio,
1477 2352 1673 2415 interventus

353 2448 508 2524 alienius,
541 2446 693 2511 turnultus
715 2444 915 2527 repentinus,
952 2443 1173 2527 amplificatio,
1197 2445 1351 2521 minutio,
1382 2448 1537 2510 allectus:
1561 2446 1599 2508 de
1625 2446 1673 2509 lu·

353 2541 464 2615 nuria,
489 2544 527 2604 de
542 2540 685 2617 avaritia,
709 2542 748 2603 de
770 2538 945 2621 religione,
970 2541 1009 2602 de
1031 2540 1163 2603 officiis:
1188 2550 1219 2601 et
1232 2540 1470 2605 innumerabilia
1485 2549 1570 2613 silut,
1592 2552 1714 2620 qrraett

353 2634 492 2699 maxime
510 2634 678 2699 iocundam
700 2644 732 2697 et
754 2642 897 2711 ornatam
912 2631 1031 2695 laeiuut
1046 2626 1236 2697 orationem.
1281 2634 1396 2697 Potest
1418 2643 1519 2695 autem
1544 2632 1673 2715 lougius

354 2727 461 2805 exire,
501 2726 555 2811 quui
582 2738 752 2809 praeparat
784 2725 899 2807 aliquid
929 2736 1001 2790 aute
1023 2727 1257 2811 quiaestiooem,
1291 2738 1322 2791 et
1351 2726 1406 2809 qui
1426 2726 1532 2788 linitae
1555 2727 1674 2808 proba-

354 2819 436 2885 tioni
457 2820 544 2885 velut
573 2817 877 2885 commendationem
902 2818 1024 2883 adiicit:
1063 2832 1094 2883 at
1127 2822 1182 2907 qui
1209 2843 1250 2885 ex
1279 2821 1382 2885 medio
1411 2818 1566 2902 erumpit,
1604 2818 1673 2882 cito

354 2914 462 2978 redire
484 2916 578 2979 debet
599 2935 651 2991 eo,
678 2916 759 2977 trude
782 2912 929 2975 devertit.
975 2910 1124 2977 Ciceroni
1145 2913 1266 2996 placuit
1287 2914 1317 2977 in
1338 2914 1481 2976 secundo
1502 2910 1579 2975 artis
1601 2913 1675 2973 rbe-

354 3008 480 3071 toricae
512 3008 593 3070 lnauc
620 3018 743 3089 partem
773 3027 837 3071 non
867 3025 986 3087 ponere
1019 3005 1051 3069 in
1083 3028 1237 3083 numero;
1260 3009 1361 3093 ,qarod
1390 3008 1428 3069 de
1449 3026 1543 3070 cansa
1564 3004 1716 3091 egrediar

354 3100 481 3167 nonnisi
501 3121 560 3184 per
580 3099 686 3165 lucrum
709 3118 905 3179 communem
928 3110 1018 3181 putet
1039 3110 1206 3183 oportere.

776 3210 913 3325 xviu.
944 3257 1006 3323 nn
1029 3208 1255 3326 nerbono.

441 3401 601 3485 Epilogus
621 3401 717 3465 babet
738 3410 845 3484 partes
867 3409 951 3473 tres,
989 3401 1280 3475 annumerationern‘,
1304 3398 1572 3487 indignationem,
1596 3421 1676 3466 cou-

355 3497 568 3583 questiouem.
612 3494 819 3559 Enumeratio
842 3503 909 3566 est,
946 3512 1005 3573 per
1027 3514 1121 3583 quiam
1143 3515 1196 3558 res
1222 3494 1364 3577 disperse
1387 3506 1418 3558 et
1440 3497 1551 3559 diffuse
1573 3495 1675 3558 dictae

355 3612 452 3656 unum
480 3590 510 3652 in
539 3589 643 3653 locum
677 3599 838 3673 coguntur
874 3597 904 3649 et
933 3586 1156 3651 reminiscendi
1184 3609 1279 3652 causa
1312 3611 1405 3653 uuum
1432 3590 1492 3652 sub
1514 3598 1719 3671 aspectruntt

355 3680 579 3748 subiiciuotur.
638 3682 713 3747 Hoc
742 3680 768 3743 si
799 3700 924 3761 semper
952 3680 1061 3743 eodem
1092 3684 1188 3747 modo
1221 3683 1410 3747 tractabitur
1439 3683 1607 3765 perspicue
1636 3684 1677 3744 ab

356 3774 524 3852 omnibus,
546 3774 683 3839 artifieio
706 3775 841 3859 qrrodarn
864 3772 996 3835 tractari
1018 3773 1231 3861 intelligetur3
1261 3776 1310 3841 sio
1332 3778 1437 3848 varie,
1469 3788 1500 3840 et
1521 3779 1602 3839 banc
1623 3798 1677 3839 su·

355 3866 532 3953 opinionem
555 3878 587 3933 et
609 3868 786 3932 satietatem
809 3864 911 3929 vitare
932 3866 1077 3949 poterit:
1110 3883 1141 3934 et
1173 3870 1248 3935 ideo
1278 3884 1342 3935 turn
1373 3872 1536 3953 oportebit
1557 3868 1677 3953 sigilla·

355 3962 414 4027 tim
437 3982 528 4025 unam
552 3982 709 4047 quamque
730 3982 796 4023 reur
821 3958 996 4045 attingere,
1020 3974 1054 4026 et
1074 3963 1117 4029 ita
1139 3986 1249 4029 omncs
1264 3966 1399 4027 transire
1422 3963 1564 4027 breviter
1578 3982 1676 4046 argu·

358 4056 587 4120 mentatiouese
612 4066 676 4119 turn
699 4054 822 4125 dicere,
847 4072 924 4137 quas
946 4066 1054 4136 partes
1073 4058 1263 4141 exposueris
1284 4058 1315 4121 in
1337 4056 1529 4139 partitione,
1553 4058 1591 4117 de
1607 4054 1719 4139 qui-³⁵

357 4151 420 4214 bus
440 4148 601 4233 pollicitus
623 4148 666 4213 sis
688 4160 720 4213 te
742 4148 917 4221 dicturum,
942 4158 973 4210 et
995 4152 1149 4213 reducere
1170 4150 1202 4213 in
1221 4150 1423 4224 memoriam,
1448 4148 1563 4232 qrribus
1578 4148 1677 4210 ratio·

358 4244 452 4307 nibus
474 4264 566 4306 unam
589 4264 746 4327 quamque
770 4251 890 4321 partem
921 4242 1138 4306 confirmaris:
1171 4254 1236 4305 tum
1260 4244 1299 4306 ab
1322 4242 1370 4305 his
1392 4260 1563 4326 quaerere,
1599 4238 1679 4325 quid

358 4336 418 4413 ait,
443 4340 530 4422 quod
551 4336 612 4400 sibi
635 4338 872 4401 relle'debcant
894 4334 1117 4399 demonstrari.
1160 4340 1236 4401 Hoc
1257 4336 1358 4400 modo
1379 4335 1557 4398 docuimus
1571 4332 1676 4410 illud,

357 4432 423 4493 lroc
432 4428 750 4523 palnunmferimus.
794 4430 842 4495 lta
864 4426 956 4490 simul
976 4440 1005 4490 et
1025 4430 1054 4493 iu
1072 4430 1252 4493 memoriam
1268 4430 1382 4493 redibit
1398 4430 1523 4493 auditor
1537 4440 1568 4491 ct
1586 4448 1679 4509 prae-

356 4532 447 4586 terea
469 4520 545 4585 nibil
574 4523 699 4606 putabit
721 4542 803 4593 esse,
828 4520 915 4607 quand
938 4526 1050 4587 debeat
1072 4524 1264 4588 desiderare.
1308 4523 1356 4588 lta
1379 4524 1436 4598 lit,
1461 4535 1495 4587 nt
1516 4529 1721 4587 enumera-to

357 4614 404 4681 tio
426 4616 470 4680 sit
490 4628 544 4679 aut
567 4617 726 4681 variarum
755 4618 1061 4703 argumentationum
1089 4616 1258 4699 separatim
1280 4619 1447 4693 decursus,
1481 4628 1533 4681 aut
1555 4628 1678 4679 tuarum

447 4808 472 4859 l.
491 4812 715 4859 Gadarene-ibide.
753 4808 778 4859 l.
799 4812 834 4857 lta
852 4812 930 4868 Cnd.,
949 4826 1021 4873 quarn
1039 4812 1097 4859 alibi
1116 4814 1148 4858 sit
1167 4826 1283 4870 peram.
1322 4810 1363 4859 li.
1384 4813 1418 4857 lta
1436 4812 1498 4858 Cod.

435 4956 482 5009 26.
502 4948 616 5007 vadatur
645 4966 742 5005 auctor
771 4950 925 5024 intelligere
945 4950 1037 5005 locum
1059 4949 1092 5004 ad
1112 4952 1214 5007 lieren.
1235 4951 1271 5004 ll.
1291 4954 1338 5010 30.
1377 4948 1504 5021 Quodsi
1526 4954 1564 5003 iss
1585 4968 1613 5003 sc
1635 4967 1677 5003 res

357 5026 540 5157 zsssgtegul'ptse
562 5031 591 5081 ln
611 5044 707 5081 eoram
727 5032 863 5082 sententia
884 5043 944 5093 ees,
964 5030 1011 5100 qul
1031 5026 1117 5082 llbrns
1137 5026 1199 5082 lllas
1218 5044 1275 5081 nnn
1295 5027 1466 5092 Cornificio,
1485 5024 1534 5081 aed
1547 5026 1678 5081 Ciceroni

434 5180 482 5237 29.
504 5175 545 5234 Ad
566 5178 665 5233 lieren.
687 5177 723 5232 ll.
743 5180 805 5245 bib,
826 5174 947 5248 Qul-ntll.
970 5174 1017 5233 vl.
1038 5186 1064 5236 t.
