4434 5959
537 596 597 659 tlt
1041 596 1326 667 VICTORINUS

535 736 564 801 si
585 734 804 819 opportunitas
825 746 892 812 est,
916 736 1202 818 opportunitatem
1238 739 1265 803 si
1285 738 1436 821 opidum,
1465 741 1599 823 spatium
1622 742 1835 808 eouleramus.

536 832 679 894 Persona
702 840 802 891 autem
825 828 952 893 omniuo
974 830 1134 893 manifesta
1157 842 1217 893 est.
1241 831 1357 913 Opinio
1379 854 1458 897 vero
1480 846 1528 897 est
1550 834 1692 899 iudicium
1709 838 1834 918 populi.

537 924 630 985 Haeo
648 921 692 983 ita
713 921 912 995 conferetur,
950 921 976 983 si
998 923 1153 985 dieamus:
1192 924 1247 987 Sic
1267 925 1307 987 de
1330 924 1391 987 illo
1411 946 1448 988 re
1470 926 1657 991 iudicatum
1677 940 1748 1003 est,
1784 930 1835 992 sio

535 1014 577 1076 de
594 1016 657 1076 hoe
680 1014 868 1076 indicatum
887 1025 948 1075 oret
969 1014 1188 1077 iudicandum
1207 1027 1276 1087 est:
1298 1028 1350 1079 aut
1371 1017 1482 1081 Aliter
1502 1018 1543 1085 de
1565 1020 1626 1082 illo
1645 1044 1682 1083 re
1704 1021 1836 1083 iudica·

511 1119 626 1182 stum,
664 1108 764 1171 aliter
785 1107 826 1169 de
846 1109 909 1170 lune
929 1107 1116 1171 iudicatum
1136 1120 1197 1173 aut
1218 1110 1438 1173 iudicandum
1457 1124 1527 1185 est,·
1558 1122 1592 1175 ut
1613 1114 1641 1175 si
1660 1134 1722 1195 pro
1742 1116 1836 1177 nobis

535 1212 601 1275 est,
623 1201 846 1263 confirmetur:
870 1200 1046 1276 sinestra,
1071 1212 1206 1264 mutetur
1228 1201 1350 1284 opinio.

540 1335 543 1338 -
617 1295 668 1355 Ao
689 1292 721 1355 si
739 1312 807 1373 quo
826 1290 862 1353 iu
881 1313 1022 1355 numero
1051 1293 1155 1368 illud,
1191 1296 1283 1378 quoi
1308 1318 1374 1377 per
1399 1296 1655 1361 similitudinem
1682 1298 1836 1387 offertur
1875 1302 1879 1310 “

534 1396 568 1449 et
588 1406 654 1468 piso
684 1384 762 1463 eet]
805 1385 880 1446 Hoc
907 1405 969 1447 uon
1001 1386 1089 1467 qttasi
1122 1387 1198 1449 alius
1227 1387 1337 1469 aliquis
1370 1392 1481 1453 modus
1507 1390 1688 1453 conserendi
1711 1404 1759 1453 est
1781 1396 1835 1469 (ne

535 1476 606 1559 quis
627 1478 713 1541 sorte
741 1477 860 1552 credat)
881 1479 935 1538 sed
958 1477 1115 1558 opinionis
1140 1480 1318 1561 expositio:
1353 1502 1432 1563 quae
1453 1483 1574 1565 quidem
1598 1504 1686 1545 usuum
1711 1496 1836 1565 partem

493 1580 620 1633 sotenet
640 1571 758 1642 solnm,
787 1568 886 1632 idest
908 1570 1010 1644 illam,
1043 1594 1137 1653 quirum
1161 1574 1200 1634 ab
1222 1573 1412 1637 adversariis
1433 1577 1597 1639 coniuncta
1620 1576 1834 1639 dissolvimus.

616 1663 679 1727 Sin
699 1662 886 1724 iudicatam
907 1664 1046 1746 aliquod
1065 1663 1260 1752 inferetur,
1283 1666 1444 1749 quoniam
1463 1668 1501 1729 id
1519 1690 1565 1729 eor
1582 1667 1634 1729 liis
1655 1668 1738 1733 locis
1760 1688 1834 1729 rua·

533 1756 627 1819 orime
668 1767 834 1829 armatur,
869 1756 969 1817 laude
997 1755 1074 1833 oet]
1128 1760 1172 1821 Et
1200 1761 1239 1821 ad
1260 1761 1321 1822 hoo
1342 1759 1442 1823 nihilo
1466 1760 1564 1821 minus
1586 1760 1835 1822 confirmandum

533 1848 600 1930 ipse
622 1850 712 1912 nobis
734 1847 849 1911 indicat
869 1849 1149 1931 confirmationem
1206 1852 1286 1915 Nam
1315 1863 1464 1935 quattuor
1493 1852 1591 1915 modis
1617 1852 1691 1913 dieit
1716 1854 1836 1914 contir-

534 1944 677 2005 mondum
700 1939 791 2003 nobis
817 1960 884 2003 esse
911 1940 1095 2018 iudicatum,
1134 1940 1245 2027 quibus
1275 1944 1380 2027 utique
1408 1944 1537 2007 sublatis
1562 1944 1712 2005 infirmari
1737 1965 1836 2024 posse

492 2036 688 2107 ssdeelarat;
711 2034 773 2096 hoo
793 2044 861 2107 est,
886 2034 977 2097 laude
995 2055 1123 2111 eorum,
1157 2036 1211 2120 qui
1233 2034 1433 2111 iudicaruute
1454 2036 1652 2100 similitudine
1674 2038 1740 2099 eius
1764 2038 1834 2111 rei,

533 2149 593 2211 qua
611 2131 649 2189 de
671 2126 795 2209 agitur,
819 2128 947 2215 adeam
975 2147 1059 2203 rem,
1098 2151 1162 2212 qua
1181 2132 1218 2191 de
1239 2129 1404 2193 iudicatum
1427 2144 1492 2205 est;
1516 2142 1547 2193 et
1569 2150 1631 2191 nou
1655 2132 1748 2193 modo
1770 2150 1836 2191 uon

533 2242 601 2284 esse
623 2222 846 2301 reprehensum
874 2219 1040 2293 iudicium,
1077 2223 1134 2284 sed
1160 2224 1199 2283 ab
1228 2222 1371 2285 omnibus
1399 2227 1627 2305 approbatum:
1667 2234 1698 2283 et
1724 2222 1750 2283 si
1773 2222 1836 2283 dil·

532 2312 644 2385 ficilius
666 2326 697 2375 et
718 2312 815 2378 maius
835 2335 904 2377 esse
927 2316 1094 2377 doceamus
1116 2316 1190 2378 illud
1212 2316 1403 2393 iudicatum,
1429 2321 1515 2401 quod
1536 2318 1705 2387 alienatur,
1739 2335 1835 2395 quiam

533 2404 584 2477 io,
609 2408 693 2489 quod
714 2406 819 2469 instet.
863 2407 965 2484 Quum
986 2406 1066 2469 enim
1087 2408 1244 2471 afferimus
1267 2409 1453 2484 iudicatum,
1479 2423 1514 2471 ut
1535 2410 1567 2471 id
1581 2419 1705 2470 nostrae
1722 2426 1836 2467 causae

490 2520 523 2569 20
533 2498 652 2580 prosit,
676 2520 802 2561 necesse
824 2510 872 2561 est
892 2498 995 2579 primo
1014 2520 1032 2560 a
1054 2500 1144 2569 laude
1162 2522 1289 2577 eorum,
1314 2504 1367 2586 qui
1386 2504 1560 2566 iudicarunt
1575 2501 1622 2576 id,
1647 2500 1732 2582 quod
1752 2498 1835 2559 iudi·

532 2603 633 2654 eatum
655 2590 866 2671 proferimus,
890 2592 1066 2654 ordiamurt
1090 2613 1148 2673 per
1169 2592 1368 2657 iudicantium
1391 2596 1471 2659 euim
1494 2594 1728 2662 alletoritatem,
1751 2592 1835 2654 iudi·

532 2684 593 2747 oati
615 2685 784 2748 alletoritas
801 2686 1016 2748 confirmatur.
1059 2683 1181 2749 Deinde
1199 2700 1232 2749 ut
1254 2689 1302 2763 id,
1327 2686 1832 2772 quodiudicatumproferimus,
1873 2675 1886 2697 ⁸

533 2778 632 2841 simile
659 2777 705 2852 ei,
743 2800 807 2861 qino
829 2781 867 2840 de
888 2778 1015 2861 agitur,
1039 2798 1108 2841 esse
1131 2792 1358 2844 monstremus:
1395 2792 1459 2843 tum
1483 2782 1562 2843 enim
1586 2800 1643 2843 nos
1665 2778 1835 2846 iudicatu·

532 2870 706 2945 adiuvabit,
740 2871 768 2934 si
793 2871 864 2933 huic
890 2870 988 2933 simile
1017 2873 1261 2935 demonstretur.
1311 2874 1431 2935 Verum
1457 2876 1535 2934 haee
1561 2872 1729 2935 similitudo
1755 2880 1834 2933 ooto

489 2965 591 3029 esitio
619 2964 761 3027 similiter
792 2964 933 3046 partibus
961 2963 1103 3027 iacienda
1138 2974 1207 3038 est;
1244 2967 1307 3029 hoo
1334 2978 1402 3041 est,
1438 2985 1572 3049 genero,
1613 2977 1741 3038 natura,
1782 2964 1833 3037 vi,

532 3058 760 3140 suegoitudiue‚
783 3057 877 3131 loeo,
900 3077 1055 3137 persona,
1085 3068 1247 3138 tempore,
1276 3057 1449 3141 opinione:
1486 3070 1517 3121 et
1536 3056 1663 3121 omnino
1686 3058 1748 3118 hoo
1769 3053 1834 3115 iam

530 3161 638 3213 tenere
669 3153 837 3226 debemus,
875 3170 1089 3232 quameunque
1122 3150 1347 3213 similitudinem
1384 3150 1432 3215 his
1459 3153 1551 3215 uobis
1588 3148 1729 3230 partibus
1763 3167 1836 3208 osse

528 3243 716 3306 feriendam.
759 3244 880 3307 Deinde
901 3246 996 3307 tertio
1017 3244 1113 3306 modo
1135 3242 1302 3329 iudicatum
1324 3244 1563 3317 confirmamus,
1586 3242 1611 3303 si
1633 3241 1835 3304 ostendamus

529 3338 632 3417 ipsum
654 3336 819 3398 iudicatum
840 3351 986 3400 non'esse
1006 3338 1251 3416 reprehensum,
1276 3347 1308 3399 et
1323 3358 1385 3399 uon
1404 3339 1499 3401 modo
1515 3356 1577 3399 noo
1593 3332 1833 3413 reprehensum,

489 3430 585 3491 sused
609 3428 701 3491 etiam
724 3431 764 3491 ab
786 3432 929 3492 omuibus
949 3431 1179 3510 approbatum
1203 3440 1237 3491 ut
1258 3428 1293 3491 hi·
1313 3428 1428 3493 iudices
1453 3431 1492 3491 de
1513 3430 1575 3492 hoo
1599 3424 1730 3509 negotio
1746 3424 1836 3485 siusi-

530 3518 571 3582 tia
593 3542 722 3602 sperare
747 3534 917 3605 cogantur.
975 3523 1160 3585 Extremum
1189 3522 1283 3597 illud,
1317 3522 1344 3585 si
1366 3522 1519 3585 difficilius
1541 3532 1572 3583 et
1593 3519 1689 3583 maius
1712 3519 1834 3581 iudiea-

529 3624 615 3685 tum.
647 3636 737 3696 qulam
767 3614 817 3688 id,
853 3635 916 3698 quo
936 3616 974 3677 de
994 3614 1116 3697 egitur,
1145 3635 1213 3677 esse
1235 3616 1420 3678 doceamus:
1458 3634 1613 3697 uunquam
1636 3612 1715 3674 enim
1737 3610 1836 3673 iudex

529 3706 561 3769 in
587 3706 708 3769 minore
735 3706 866 3789 negotio
892 3706 997 3769 iacere
1025 3707 1177 3769 dubitabit
1203 3706 1253 3782 id,
1285 3710 1370 3789 quod
1392 3706 1451 3769 iam
1473 3706 1637 3770 iudicatum
1658 3704 1689 3766 in
1712 3704 1836 3765 maiore

531 3800 748 3880 perspexerit.'
788 3799 847 3863 His
868 3800 974 3883 itaque
995 3799 1075 3863 loeis
1097 3798 1265 3861 iudicatum
1290 3799 1515 3863 confirmatur:
1537 3796 1644 3862 iisdem
1666 3796 1835 3871 conversis

488 3889 722 3965 ttiniinmatur3
745 3892 863 3965 idest,
888 3905 922 3953 ut
941 3891 1058 3955 iudices
1081 3892 1261 3973 vituperem
1284 3905 1318 3955 ut
1335 3894 1535 3977 negotiorum
1552 3888 1834 3953 dissimilitudinem

530 3986 664 4058 doceas;
686 3995 721 4047 ut
742 3986 963 4066 reprehensum
984 3983 1127 4047 iudicium
1146 3984 1223 4047 illud
1244 3987 1457 4060 demonstres,
1481 3996 1512 4048 et
1533 3995 1566 4045 ut
1587 3984 1663 4045 illud
1685 3979 1833 4045 iudicium

529 4076 630 4140 minus
652 4098 689 4137 ao
707 4078 822 4152 facile,
845 4080 907 4139 hoc
931 4098 1008 4140 vero
1033 4078 1155 4141 difficile
1176 4098 1212 4140 ao
1235 4078 1332 4141 maius
1355 4081 1509 4143 ostendas.
1552 4076 1673 4141 Deinde
1700 4078 1832 4149 doceas,

530 4190 610 4251 quiae
631 4170 704 4233 vitia
730 4170 760 4233 io
786 4169 967 4235 adversario
991 4171 1182 4252 perscrutari
1213 4183 1305 4253 atque
1326 4172 1466 4234 iuvenire
1486 4170 1673 4239 debeeuuus3
1709 4167 1740 4228 id
1762 4174 1831 4241 est,

530 4280 568 4323 ne
589 4260 673 4323 sorte
691 4261 769 4326 illud
787 4262 970 4337 iudicatum,
1005 4264 1090 4346 quod
1119 4262 1265 4337 affertur,
1303 4262 1374 4325 huie
1394 4261 1526 4346 negotio
1548 4258 1621 4323 nihil
1647 4260 1765 4342 prosit;
1798 4271 1832 4320 et

487 4372 569 4422 tune
591 4354 667 4417 illud
687 4354 870 4435 proferatur
891 4355 1055 4426 iudicium,
1085 4354 1116 4417 in
1139 4376 1204 4437 quo
1226 4353 1343 4417 iudices
1364 4355 1561 4417 contraxisse
1583 4365 1705 4414 constet
1727 4352 1832 4415 offen·

530 4465 608 4508 sam.
657 4448 768 4510 Tertio
791 4448 868 4510 illud
896 4447 1173 4522 considerandtuu,
1209 4468 1247 4510 ne
1281 4468 1376 4531 quum
1403 4468 1463 4529 pro
1504 4442 1594 4509 nobis
1624 4444 1735 4507 similia
1768 4444 1834 4507 sint

603 4614 647 4661 11.
666 4606 726 4675 Sin]
746 4606 813 4660 cod.
835 4610 894 4661 Bas.
913 4636 948 4648 -
968 4614 993 4659 ri
1011 4608 1080 4661 Edd.
1101 4608 1154 4662 On.

605 4681 649 4738 16.
672 4681 704 4733 lu
715 4697 775 4733 toro
788 4681 850 4735 loeo
864 4699 972 4736 securus
987 4698 1046 4735 sum
1061 4682 1128 4736 Cod.
1150 4686 1210 4736 Bas.
1226 4684 1287 4735 Asu.
1302 4708 1332 4725 -
1346 4690 1406 4733 est:
1425 4678 1663 4735 commemorando
1677 4696 1732 4730 nou
1751 4678 1836 4731 morlo

528 4766 582 4806 cet.
601 4771 631 4806 ιιι
645 4770 694 4806 nos
705 4760 758 4809 nisi
771 4757 842 4826 quod
856 4764 908 4809 etsi
922 4774 971 4829 pro
985 4767 1015 4809 et
1033 4762 1058 4807 ri
1070 4773 1096 4810 et
1111 4758 1185 4810 obest
1204 4756 1283 4810 illud.
1296 4758 1333 4809 Ca
1356 4778 1381 4829 p.
1394 4784 1432 4799 -··
1443 4766 1506 4809 eet:
1524 4754 1761 4808 corumemoraudo
1774 4770 1833 4805 nou

528 4827 609 4879 modo
640 4853 674 4869 ·-
700 4832 903 4899 approbatum:
933 4841 961 4884 et
988 4831 1205 4885 demonstrando
1232 4832 1262 4883 id
1288 4832 1317 4883 dr·
1341 4832 1430 4884 «sumu
1454 4862 1474 4875 -
1497 4861 1517 4874 -
1539 4830 1770 4883 corrodentem
1790 4844 1833 4883 rt.

529 4902 591 4957 tlt.
611 4902 664 4958 Oa.

603 4981 649 5036 25.
668 4982 777 5047 agitur]
799 4978 848 5033 ed.
866 4982 929 5034 Bas.
947 5008 984 5022 -
1003 4987 1109 5048 agatur
1128 4978 1195 5033 Edd.
1216 4980 1268 5033 On.

603 5055 650 5107 29.
668 5071 724 5105 non
742 5071 801 5105 esse
819 5056 1021 5126 reprehensum]
1042 5056 1186 5126 Perpenna
1211 5052 1352 5129 lugebitur
1370 5068 1466 5110 tutet:
1480 5070 1536 5107 nou
1554 5050 1634 5106 aurudo
1652 5067 1711 5104 essa
1729 5066 1833 5121 repre-

528 5124 649 5179 hensum.
669 5128 752 5185 Cirr.
789 5128 886 5203 (Recte
905 5128 977 5185 cod.
993 5131 1057 5183 Das.
1076 5134 1138 5185 Asc.
1157 5126 1224 5203 Oa.)
