4434 5959
545 578 606 641 258
977 584 1018 649 C.
1043 586 1196 651 ttttntts
1219 583 1401 651 VICTOR

544 721 573 783 ln
596 744 660 805 quo
683 743 746 785 tino
765 723 812 786 vis
836 723 1093 806 omnisxoratorls
1110 738 1168 789 est.
1212 726 1325 809 Magni
1344 724 1582 808 igitur-indicii,
1606 748 1747 791 summae
1769 728 1866 792 etiam

543 808 709 891 laettlta'tis¹
725 838 794 880 esse
809 820 904 887 ¹debet
933 821 1116 885 moderator
1139 819 1193 882 ille
1217 832 1247 882 et
1273 820 1360 901 qaaasi
1381 819 1578 901 temperator
1604 820 1695 883 huiats
1719 820 1867 902 triperti-

543 923 593 973 tae
626 910 799 975 varietatis.
855 914 934 975 Nam
967 926 998 975 et
1021 913 1187 989 iudicabit,
1226 917 1439 997 quodcunque
1464 935 1545 995 opus
1569 914 1627 985 sit,
1666 926 1698 975 et
1720 916 1865 993 poterit,

544 1024 734 1089 quocunque
757 1008 851 1069 modo
874 1027 965 1068 carisa
991 1007 1180 1088 postulabit,
1217 1007 1337 1069 dicere.
1381 1009 1445 1069 Sed
1465 1017 1513 1070 est
1539 1006 1758 1090 eloquentiae,
1780 1008 1868 1071 sicut

517 1100 736 1182 areliquarum
762 1121 889 1173 rerum,
928 1101 1161 1164 fundamentum
1184 1099 1354 1181 sapientia.
1405 1102 1449 1165 Ut
1471 1100 1550 1163 enim
1574 1100 1606 1163 ln
1631 1101 1717 1174 vita,
1758 1100 1806 1163 sic
1833 1104 1866 1164 in

542 1195 686 1261 oratione
707 1192 784 1255 nihil
810 1205 857 1255 est
884 1194 1054 1267 difficilius,
1092 1214 1184 1277 quana
1209 1193 1285 1277 quid
1308 1196 1418 1256 deceat
1441 1195 1567 1256 rideiea
1603 1197 1728 1278 πρέπον
1750 1195 1866 1274 appel·

541 1286 605 1347 lant
629 1290 690 1349 laoc
720 1286 854 1359 Graeci,
887 1308 945 1350 nos
979 1286 1108 1349 dicimus
1139 1307 1213 1348 sane
1234 1288 1408 1349 decorum:
1442 1288 1482 1349 de
1508 1308 1575 1369 quo
1596 1286 1682 1348 clare
1708 1297 1740 1347 et
1763 1288 1864 1349 anaalta

453 1421 460 1439 1
541 1380 794 1462 praecipiuntur,
832 1392 862 1443 et
892 1402 944 1443 res
974 1392 1020 1442 est
1050 1379 1245 1460 cogitatione
1275 1379 1469 1461 dignissima.
1527 1379 1633 1441 Huius
1656 1379 1864 1461 ignoratione

541 1496 604 1536 nnn
623 1476 718 1537 modo
744 1472 776 1535 in
802 1474 884 1547 rita,
909 1476 965 1536 sed
986 1472 1166 1555 saepissime
1187 1485 1217 1535 et
1241 1473 1397 1555 poe'matis
1416 1486 1447 1535 et
1469 1472 1499 1534 in
1522 1472 1668 1536 oratione
1690 1484 1864 1553 peccatur.

498 1585 527 1632 to
542 1568 601 1631 Est
622 1580 724 1629 autem
749 1566 823 1649 quid
850 1570 959 1629 deceat
981 1568 1104 1629 oratori
1125 1566 1311 1641 ridendum,
1335 1588 1398 1631 non
1421 1566 1451 1629 ln
1472 1565 1634 1629 sententiis
1653 1568 1779 1639 solum,
1804 1571 1865 1630 sed

541 1662 631 1725 etiam
654 1660 685 1724 iu
711 1661 829 1723 verbis.
890 1662 965 1722 Non
989 1660 1089 1723 omnis
1110 1659 1259 1733 fortuna,
1294 1680 1358 1723 nou
1385 1658 1486 1724 omnis
1507 1662 1629 1733 honos,
1666 1680 1732 1722 non
1755 1660 1864 1724 omnis

539 1755 731 1829 attctoritas,
767 1775 830 1817 non
863 1753 965 1816 omnis
1003 1764 1088 1815 aetas
1117 1774 1176 1816 nec
1205 1773 1283 1816 vero
1313 1752 1402 1816 locus
1434 1762 1487 1816 aut
1509 1765 1632 1835 tempus
1655 1765 1708 1814 aut
1731 1752 1865 1815 auditor

539 1850 641 1913 omnis
671 1849 783 1911 eodem
817 1858 869 1909 atat
901 1849 1072 1909 verborum
1103 1866 1221 1930 genere
1248 1849 1428 1909 tractandus
1450 1859 1497 1909 est
1526 1859 1580 1908 aaut
1601 1846 1861 1909 sententiarum:

538 1962 725 2025 semperque
748 1943 777 2003 iu
802 1938 887 2003 ouini
909 1950 1000 2019 parte
1022 1939 1197 2015 orationis,
1229 1952 1264 2003 ut
1287 1940 1388 2015 vitae,
1412 1940 1488 2024 quid
1508 1942 1616 2001 deceat
1639 1951 1687 2000 est
1710 1940 1865 2002 conside-

495 2038 689 2098 asrandum:
728 2036 814 2115 quod
845 2044 875 2093 et
904 2034 933 2095 in
964 2054 999 2096 re
1025 2036 1063 2096 de
1090 2054 1151 2115 qua
1184 2034 1291 2117 agitur
1312 2032 1448 2112 positum
1480 2044 1546 2105 est,
1582 2041 1613 2093 et
1645 2030 1679 2093 in
1709 2033 1863 2113 personis

537 2150 666 2203 coriam,
690 2128 746 2212 qui
761 2128 955 2211 inquinantur,
979 2140 1009 2189 et
1032 2129 1061 2189 in
1077 2148 1207 2201 eorum,
1231 2126 1285 2210 qui
1306 2127 1446 2188 audiunt.
1490 2128 1551 2189 Est
1572 2124 1665 2187 etiam
1686 2126 1864 2208 eloquendi

537 2221 653 2303 triplex
678 2264 826 2287 .....
885 2222 965 2283 Nam
997 2232 1048 2283 aut
1078 2240 1198 2283 cornuta
1235 2231 1288 2282 aut
1321 2220 1416 2282 colon
1449 2232 1501 2281 aut
1534 2220 1688 2301 periodos
1725 2222 1860 2284 dicitur.

538 2314 670 2380 Comma
694 2314 819 2379 concisa
842 2314 873 2377 in
896 2314 1034 2397 singulas
1058 2326 1165 2395 partes
1187 2312 1294 2377 brevis
1313 2313 1437 2386 oratio,
1466 2322 1500 2374 ut
1521 2324 1569 2375 est
1590 2313 1667 2375 illud
1693 2315 1781 2393 apud
1803 2315 1859 2377 M.

538 2407 699 2471 'l'ulliuutt
734 2407 834 2482 abiit,
868 2407 1035 2481 excessit,
1068 2408 1197 2483 consu,
1228 2406 1354 2490 erupit.
1399 2405 1506 2471 Colon
1530 2426 1611 2469 vero
1632 2426 1691 2485 per
1712 2410 1861 2471 membra

493 2514 525 2564 2⁰
537 2503 683 2567 delinitae
713 2501 855 2563 breviter
887 2500 1058 2572 dictiones,
1095 2513 1131 2562 ut
1155 2514 1201 2563 est
1227 2504 1310 2583 apud
1330 2503 1483 2563 eundem:
1519 2520 1694 2584 quormque
1716 2499 1860 2563 tandem

535 2596 674 2657 absume
695 2594 844 2659 Catilina
860 2593 1028 2675 potienti
1044 2595 1195 2656 nostro?
1216 2615 1320 2679 quarn
1341 2595 1403 2655 diu
1418 2605 1451 2657 te
1469 2590 1666 2684 iamsuror
1687 2592 1754 2655 iste
1774 2605 1861 2655 trusa

535 2689 674 2753 elaadet?
701 2709 800 2773 quem
828 2687 874 2749 ad
889 2686 1003 2763 finem
1025 2707 1095 2751 sere
1116 2684 1288 2773 effren-ata
1308 2683 1449 2749 iuctcibit
1476 2684 1649 2747 oracionis?
1693 2685 1859 2750 Periodos

537 2804 615 2849 vero
631 2784 730 2865 longo
752 2779 870 2842 ambitu
893 2793 923 2841 et
942 2780 1035 2861 pleno
1054 2780 1185 2842 circuitu
1202 2778 1357 2843 orationis
1373 2781 1560 2841 circumacta
1584 2781 1776 2853 conversio,
1802 2792 1858 2843 ut:

534 2876 600 2941 etsi
621 2898 758 2950 uereor,
793 2873 941 2943 inlices,
977 2892 1018 2935 ne
1046 2886 1146 2955 turpe
1173 2874 1219 2936 sit
1246 2894 1312 2954 pro
1328 2870 1537 2962 fortissimo
1565 2872 1639 2934 niro
1667 2872 1802 2935 dicere:
1823 2887 1858 2937 et

491 2984 640 3036 nestora
664 2968 766 3032 omnia
791 2968 886 3031 totius
909 2966 1080 3049 principii,
1106 2988 1187 3049 quae
1210 2986 1326 3049 magno
1345 2968 1424 3027 orbe
1446 2964 1635 3027 circumacta
1655 2966 1855 3029 volvuntur:

535 3086 616 3149 quae
641 3062 835 3137 differentia,
874 3072 971 3143 prout
1000 3082 1051 3123 res
1085 3075 1116 3123 et
1150 3061 1304 3122 orationis
1334 3071 1387 3121 aut
1415 3080 1549 3141 maguae
1574 3069 1626 3119 aut
1656 3081 1777 3139 parrae
1799 3075 1856 3123 aut

451 3154 453 3163 '
534 3180 604 3221 ctam
634 3157 750 3238 impetu
785 3156 1003 3239 exsurgentis,
1042 3165 1094 3215 aut
1129 3165 1239 3215 contra
1268 3150 1497 3234 tranquillioris
1525 3152 1609 3215 ratio
1642 3156 1852 3236 poposcerit,

534 3253 594 3315 erit
616 3252 793 3331 usurpanda
817 3248 954 3311 dicendi.
1000 3248 1102 3310 Ethos
1125 3260 1156 3310 et
1172 3249 1288 3328 pathos
1311 3266 1388 3327 prae
1407 3244 1509 3309 oculis
1532 3247 1721 3309 habendum.
1746 3249 1853 3311 Etlaos

535 3359 637 3407 autem
664 3357 710 3406 est
735 3343 857 3405 habitus
885 3342 1010 3423 quidam
1041 3342 1151 3403 inentis
1178 3353 1211 3405 et
1237 3360 1359 3402 morum
1382 3352 1553 3421 perpetuus
1580 3352 1692 3411 tenor,
1729 3352 1765 3401 ut
1788 3342 1854 3403 ira·

492 3441 675 3510 socundus,
709 3457 844 3511 arsura,
874 3436 969 3517 pius,
1000 3434 1155 3509 runicus,
1192 3434 1344 3499 vellanis
1369 3433 1416 3493 rel
1440 3432 1565 3495 timidus
1595 3433 1644 3495 rel
1663 3433 1853 3499 libidinosus

537 3532 586 3595 vel
609 3550 759 3604 severus,
785 3532 834 3593 vel
856 3552 953 3593 senex
977 3524 1028 3592 vel
1052 3531 1236 3591 adolescens
1255 3538 1287 3589 et
1309 3536 1436 3599 cetera;
1460 3546 1596 3608 quorum
1620 3527 1850 3607 proprietatem

534 3645 640 3691 serino
664 3626 756 3687 debet
779 3620 910 3685 imitari:
950 3634 982 3684 ut
1012 3624 1145 3685 Marcus
1176 3622 1299 3684 'l'ullius
1328 3620 1404 3684 fecit
1434 3640 1496 3702 pro
1520 3617 1632 3683 Caelio
1654 3621 1685 3681 in
1709 3642 1851 3702 persona

535 3720 633 3803 Appii
656 3718 771 3791 Caeci,
807 3718 878 3779 item
907 3714 1053 3781 Clodiae.
1104 3717 1227 3779 Pathos
1258 3732 1337 3778 vero
1359 3724 1408 3776 est
1428 3713 1589 3793 repentina
1612 3724 1644 3774 et
1665 3720 1851 3795 temporalis

534 3814 627 3878 aniani
649 3808 907 3885 incommoditas,
933 3822 964 3872 ut
990 3810 1055 3885 ira,
1080 3810 1194 3885 dolor,
1219 3809 1388 3891 gaudium,
1414 3826 1562 3879 maeror,
1586 3818 1687 3868 nactus
1709 3820 1741 3870 et
1763 3823 1851 3873 eete-

492 3924 586 3981 ssraa
621 3928 701 3989 quae
731 3905 832 3967 omnia
858 3904 898 3966 ita
922 3902 1227 3983 prolcreudaount,
1263 3914 1297 3965 ut
1318 3913 1390 3983 apte
1412 3898 1651 3981 expritnanturt
1690 3912 1725 3963 ut
1746 3902 1851 3965 tristia

535 4000 783 4073 miserabilibus,
821 3998 968 4059 iracunda
991 3996 1154 4059 atrocibus
1177 3997 1283 4059 verbis
1305 3997 1486 4058 efferauuts.
1539 3995 1605 4057 Vix
1631 3996 1713 4057 adeo
1746 3998 1849 4059 scem-

534 4095 579 4158 cis
602 4096 710 4175 plures
732 4091 855 4154 habitus
880 4092 909 4153 iu
933 4094 1056 4175 agendo
1079 4090 1276 4171 concipiendi
1299 4102 1369 4151 siant
1391 4108 1484 4171 quam
1515 4087 1696 4150 oratoribus
1730 4089 1851 4175 eloquii

533 4189 655 4252 formae
685 4208 722 4249 ac
756 4186 933 4249 varietates.
990 4187 1051 4247 Sed
1087 4184 1167 4245 sicut
1195 4196 1306 4247 ornate
1335 4184 1439 4244 dicere
1463 4181 1571 4243 melius
1600 4200 1639 4243 ex
1662 4182 1770 4257 libris,
1806 4186 1850 4247 ita

534 4281 624 4346 etiam
647 4295 718 4363 apte
740 4282 828 4362 loqui
851 4302 890 4342 ex
924 4278 1011 4341 libris
1035 4279 1134 4341 multo
1157 4278 1265 4339 melius
1289 4277 1498 4349 addiscimus,
1522 4275 1547 4336 si
1571 4276 1633 4337 hoc
1654 4275 1685 4337 in
1707 4280 1850 4343 auctori·

491 4392 522 4439 to
533 4378 592 4437 laus
615 4375 917 4446 animadvertamus,
954 4384 983 4435 et
1014 4372 1227 4435 animadversa
1250 4370 1432 4433 imitationis
1455 4368 1682 4432 exercitatione
1704 4371 1850 4433 celebre·

534 4490 616 4530 tutas.
661 4469 794 4531 Marcus
817 4469 898 4529 enim
922 4466 1047 4529 'l'ullius
1070 4466 1146 4529 nilail
1168 4466 1342 4527 aliudesse
1365 4468 1526 4545 ineptum,
1550 4482 1642 4544 quam
1658 4460 1760 4525 minsas
1777 4474 1850 4544 apte

533 4562 661 4637 dicere,
686 4563 870 4643 disputavit.
917 4544 1024 4623 lllinus
1046 4574 1150 4624 atatem
1173 4572 1246 4641 apte
1268 4560 1350 4622 dicat
1371 4578 1499 4620 necesse
1522 4569 1586 4630 est,
1610 4556 1664 4638 qui
1687 4567 1719 4618 et
1741 4577 1849 4619 rerum

533 4666 565 4716 et
586 4674 793 4737 personarum
822 4667 852 4717 et
875 4666 1052 4735 temporum
1082 4664 1328 4737 ceterorumque
1350 4652 1506 4727 omnium,
1544 4670 1624 4733 quae
1647 4648 1677 4711 ln
1700 4649 1849 4713 oratione

534 4759 720 4823 versantur,
744 4747 897 4812 rationem
921 4752 1036 4809 habere
1059 4747 1248 4831 neglexerit.

606 4944 646 4994 tl.
674 4944 727 4989 etr.
753 4944 804 4988 Cir.
830 4943 900 4988 Orat.
925 4943 955 4987 C.
982 4940 1022 4986 22.
1044 4945 1104 4987 uada
1123 4944 1309 4986 amandandum:
1337 4940 1454 4984 dieamus
1472 4954 1535 4985 rana
1552 4960 1587 4977 -
1600 4940 1737 4998 praeclare
1759 4960 1787 4971 -
1807 4950 1848 4981 ee·

669 5015 782 5075 gallione
801 5036 833 5047 -
852 5020 875 5057 rt
892 5012 918 5057 in
936 5013 1069 5071 poi'matir.
1090 5011 1136 5056 Oa.
1175 5008 1217 5057 Sl.
1237 5010 1298 5057 Cod.
1317 5024 1371 5057 caan
1391 5012 1459 5055 aaiea
1476 5022 1512 5055 aa.

605 5142 650 5199 42.
670 5138 711 5193 Dr
731 5134 812 5189 Orat.
831 5134 868 5187 ll.
888 5132 917 5189 l.
