4434 5959
931 620 1023 685 LlB.
1045 621 1075 684 Ι.
1611 625 1650 690 29

257 838 258 851 ἶ
350 761 575 846 dispositione,
612 759 808 834 elocutione,
842 760 1010 836 memoria,
1033 743 1306 843 pronuntiatione,
1330 782 1409 845 quae
1430 773 1536 844 partes
1557 774 1648 840 sunt,

350 856 394 917 uti
416 876 478 917 nou
501 874 683 934 possumus.
740 851 915 918 Coniuncto
937 873 1017 936 crgo
1039 857 1192 936 agendum
1221 868 1268 918 est
1290 858 1327 918 de
1349 858 1474 920 materia
1496 879 1533 921 ae
1553 859 1651 940 parti-

350 953 421 1012 bus.
474 950 590 1030 Itaque
618 946 755 1010 ostendit
776 947 878 1028 primo
907 949 992 1029 quod
1015 958 1097 1009 esset
1119 968 1216 1031 gentis
1238 948 1313 1010 artis
1335 951 1528 1027 rhetoricae,
1566 953 1652 1035 quod

348 1042 501 1112 efficium,
539 1040 594 1124 qui
615 1039 704 1115 linis,
741 1061 823 1123 qnae
844 1039 988 1114 materia,
1023 1059 1102 1123 quae
1123 1054 1245 1122 partes.
1277 1043 1346 1104 ·Ex
1368 1043 1415 1104 his
1437 1044 1495 1105 tria
1517 1045 1547 1106 in
1569 1044 1651 1106 aliud

348 1147 469 1216 temptas
490 1131 631 1207 distulit,
661 1132 781 1207 idest,
805 1153 922 1214 genus,
947 1132 1100 1208 officium,
1124 1133 1233 1207 finem3
1263 1145 1355 1216 atque
1377 1135 1448 1198 ideo
1469 1139 1507 1198 de
1529 1138 1651 1200 duobus
1678 1149 1693 1198 ⁵

347 1227 496 1309 reliquis,
520 1246 604 1310 quae
628 1227 666 1286 ad
688 1236 859 1308 praecepta
882 1226 1056 1307 pertinent,
1091 1246 1126 1287 se
1149 1226 1191 1288 ait
1212 1247 1280 1288 esse
1301 1227 1471 1305 dicturum,
1496 1233 1534 1292 de
1557 1242 1650 1292 mate-

346 1323 391 1384 ria
412 1321 534 1384 scilieet
555 1341 593 1380 ac
613 1319 768 1400 partibus.
826 1320 939 1382 Partes
961 1339 1060 1398 porro
1082 1319 1218 1402 quinque
1240 1331 1342 1381 sunta
1361 1320 1516 1394 inventio,
1545 1321 1652 1402 dispo·

348 1413 438 1488 sitio,
462 1412 623 1486 eluctatio,
657 1413 825 1486 memoria,
862 1411 1096 1492 pronuntiati03
1136 1413 1243 1474 herum
1267 1411 1365 1474 solam
1388 1413 1596 1476 inventionem
1619 1413 1651 1480 in

345 1510 471 1570 dnobus
495 1504 585 1567 libris
607 1516 719 1566 tractat
740 1504 823 1568 etin
845 1505 925 1566 hanc
945 1515 1113 1586 praecepta
1136 1505 1242 1566 tradit.
1287 1505 1391 1568 Pauca
1412 1506 1502 1568 etiam
1525 1509 1561 1567 de
1584 1506 1651 1569 elo·

346 1599 473 1662 cutione
490 1608 730 1660 eornmemorat.
774 1596 908 1679 Reliqua
924 1619 1001 1660 vero
1016 1617 1055 1660 ue
1069 1597 1225 1681 contium't
1238 1596 1382 1680 quidem,
1405 1599 1438 1660 id
1456 1609 1520 1671 est,
1544 1599 1650 1678 dispo·
1664 1621 1694 1668 to

347 1693 515 1767 sitionem,
538 1690 738 1764 memoriam,
761 1691 1059 1772 pronuntiationem.
1102 1693 1196 1776 Ergo
1219 1691 1364 1776 quoniam
1389 1694 1426 1754 de
1448 1691 1515 1753 sola
1540 1690 1651 1752 inven-

346 1787 433 1849 tione
453 1785 599 1848 dicturus
619 1795 666 1846 est
687 1783 811 1865 etquis
837 1782 869 1844 iu
895 1783 980 1846 omni
992 1804 1164 1848 ‘eumarum
1185 1805 1301 1870 geuene
1326 1783 1466 1848 inventio
1486 1783 1652 1866 plurimum

348 1880 451 1953 valet,
475 1877 588 1959 incipit
610 1880 648 1940 de
669 1875 851 1938 inventione
873 1887 1020 1940 tractare.

429 1971 554 2036 Omnis
577 1992 649 2044 res,
679 1968 899 2053 mundabat,
929 1967 1007 2050 eet.]
1049 1970 1093 2034 Ut
1118 1969 1268 2044 diximus,
1304 1980 1453 2032 tractatus
1475 1969 1584 2052 incipit
1605 1971 1658 2033 in·*

349 2065 522 2127 motionis.
577 2065 621 2126 Et
649 2063 783 2146 primum
810 2062 874 2123 hoc
897 2063 1046 2124 debemus
1068 2061 1150 2126 seire
1172 2064 1406 2145 compendium,
1444 2067 1530 2147 quod
1553 2063 1695 2140 omnisffi

347 2159 490 2223 inventio
524 2157 663 2242 quinque
691 2155 771 2219 locis
806 2164 941 2218 constat.
994 2154 1153 2217 Debemus
1185 2157 1264 2218 enim
1300 2154 1403 2238 primo
1432 2156 1652 2234 considerare,

348 2251 491 2337 quaesit
512 2249 713 2315 constitutio.
756 2247 878 2312 Deinde
902 2245 1074 2326 simplexne
1096 2247 1136 2309 sit
1158 2268 1265 2322 causa,
1294 2269 1330 2310 an
1353 2248 1482 2329 duplex.
1527 2249 1652 2324 Tertio,

347 2344 479 2425 scripti,
503 2363 542 2404 an
566 2342 708 2404 rationis.
751 2341 895 2420 Quarto,
918 2359 998 2423 quae
1018 2359 1130 2402 causae
1151 2339 1316 2424 quaestio,
1339 2361 1419 2422 qnae
1443 2341 1551 2420 ratio,
1576 2364 1654 2423 quae

348 2437 518 2510 iudicatio,
542 2436 630 2517 quod
650 2421 889 2496 firmamentum]
946 2432 1084 2511 Quinto,
1108 2442 1143 2494 ut
1165 2432 1271 2502 omnis¹
1288 2454 1396 2496 causac
1421 2446 1525 2515 partes
1547 2435 1655 2498 nobis·
1774 2477 1778 2484 ·

351 2553 423 2592 essm
444 2538 688 2610 pertractemus.
731 2525 853 2589 Deinde
880 2534 987 2606 partes
1008 2522 1176 2602 orationis,
1201 2526 1403 2608 principium,
1427 2528 1584 2603 narratio,
1608 2527 1697 2607 (ϋηο

348 2625 453 2695 risio,
475 2619 701 2694 confirmatio,
723 2618 949 2700 reprehensio,
973 2618 1167 2694 confutatio,
1192 2619 1369 2683 conclusio.
1398 2619 1538 2682 Primum
1562 2640 1652 2702 ergo,

349 2729 381 2778 ut
405 2726 441 2779 se
461 2717 545 2778 ordo
563 2713 675 2788 habet,
712 2715 751 2774 de
767 2711 993 2774 constitutione
1014 2710 1164 2774 dicemus.
1217 2713 1292 2776 Hoc
1307 2722 1409 2774 tamen
1429 2713 1655 2774 animadverta-

257 2844 258 2851 κ
350 2831 440 2882 mus,
462 2803 553 2892 quod
574 2805 690 2870 Cicero
704 2806 765 2869 hos
788 2816 937 2889 quattuor
963 2814 1062 2866 status
1083 2803 1251 2867 rationales
1279 2806 1535 2868 constitutiones
1558 2817 1652 2868 vocet

353 2914 449 2984 atque
473 2903 537 2964 laos
566 2919 693 2980 semper
724 2896 758 2961 in
777 2897 921 2960 omnibus
946 2896 1082 2980 negotiis
1102 2895 1185 2959 dicat
1206 2919 1274 2960 csse
1295 2897 1504 2980 principales,
1534 2896 1566 2958 id
1590 2906 1654 2971 est,

351 2995 607 3066 wniecturam,
633 2991 767 3070 sanem,
799 2991 1015 3076 qualitatem,
1050 2991 1320 3054 translationem.
1375 2990 1445 3052 Hos
1469 3009 1547 3073 ergo
1577 3008 1698 3072 con-25

352 3087 549 3150 uarutoua
577 3085 768 3167 appellavit3
802 3084 876 3149 illos
904 3093 1005 3146 autem
1034 3082 1115 3147 alios
1138 3082 1302 3167 [quinque]
1326 3085 1470 3166 legales,
1493 3103 1556 3145 non
1577 3102 1656 3144 con-

351 3178 567 3252 stitutiones,
589 3179 645 3240 sed
664 3189 776 3240 status
797 3185 911 3240 vocat:
933 3197 1147 3262 necunquam
1168 3177 1281 3239 horum
1304 3176 1436 3259 aliquem
1456 3175 1655 3258 principalem

352 3270 430 3334 dicit
448 3291 518 3332 esse
548 3290 654 3351 posse.
705 3271 769 3332 Sed
792 3281 826 3333 ut
858 3268 1012 3353 originem
1043 3281 1196 3332 statuum
1224 3268 1333 3331 melius
1361 3288 1453 3330 nosse
1478 3268 1654 3350 possimus,

351 3364 486 3428 termam
505 3361 715 3426 similitudinis
736 3363 943 3424 attendamus.
986 3361 1096 3426 Omnis
1117 3360 1298 3426 constitutio
1321 3359 1366 3423 sio
1387 3373 1434 3424 est
1452 3372 1485 3423 ut
1500 3373 1657 3441 aspectus.

352 3459 422 3520 Ant
442 3457 524 3520 enim
545 3456 660 3539 aliquid
688 3456 795 3518 ridere
824 3455 991 3531 uolumus,
1027 3477 1086 3518 nec
1114 3455 1275 3518 ridemus:
1311 3466 1341 3517 ct
1374 3464 1423 3517 est
1449 3453 1655 3517 coniectura.
1668 3489 1699 3539 3⁰

352 3549 423 3610 Aut
442 3571 539 3632 quum
559 3548 699 3611 videmus
721 3546 855 3630 aliquid,
880 3559 912 3610 et
926 3548 1117 3631 quaerimus,
1142 3549 1216 3632 quid
1242 3548 1304 3612 sit:
1327 3559 1358 3611 et
1380 3558 1426 3612 cst
1444 3547 1549 3624 senis.
1592 3550 1659 3612 Aut

350 3663 448 3724 quun
460 3641 615 3716 videmus,
633 3640 709 3724 quid
723 3640 781 3714 sit,
801 3652 833 3703 et
846 3640 1035 3722 quaerimus,
1052 3642 1143 3727 quale
1159 3642 1216 3704 sit:
1239 3653 1271 3706 et
1285 3654 1331 3704 est
1345 3640 1505 3726 qualitas.
1529 3645 1658 3706 Trans-

352 3733 439 3796 tosio
458 3753 562 3814 porro
584 3735 624 3795 ab
652 3735 711 3795 hae
730 3732 927 3798 similitudine
945 3735 1071 3798 videtur
1099 3755 1168 3798 esse
1193 3747 1327 3798 remota.
1378 3733 1483 3817 igitur
1506 3732 1660 3798 eonstitu-

352 3827 564 3890 nominasse
591 3826 667 3890 dicit
693 3828 932 3913 quaestionem,
956 3843 1009 3891 'ex
1031 3849 1093 3912 qua
1121 3849 1212 3890 caiisa
1237 3828 1387 3891 nascitur.
1431 3825 1587 3916 Qpaestio
1613 3833 1660 3887 est

353 3941 423 3982 ros
444 3921 626 3985 intentionis
640 3932 672 3984 et
690 3921 886 4006 negationis,
909 3919 942 3983 id
960 3930 1026 3996 est,
1037 3919 1185 4013 fecisti:
1207 3941 1274 3986 uon
1284 3920 1386 4013 feei,
1409 3930 1462 3982 aut
1481 3916 1658 4009 inreseci.
1671 3955 1702 4006 ³5

432 4051 460 4102 2.
479 4053 523 4100 sti
540 4065 596 4099 uon
611 4067 764 4119 pmsumas.
802 4050 951 4102 Comsncts
967 4066 1038 4118 erge
1061 4051 1210 4119 agendum]
1231 4051 1263 4104 ln
1283 4053 1368 4105 veteri
1387 4047 1507 4103 editione
1525 4047 1594 4101 male
1614 4053 1663 4100 tn-

353 4135 538 4196 seapnncsunr
557 4120 646 4178 heras
663 4126 719 4178 hoa
736 4123 840 4177 modo:
858 4129 901 4176 uts'
918 4141 973 4176 non
988 4141 1134 4196 posnam
1150 4132 1311 4180 commuto.-
1329 4143 1398 4194 srgo
1414 4123 1561 4194 agendum,
1580 4123 1663 4176 Care.

352 4197 456 4270 (aem
473 4199 622 4252 distinctio
642 4213 683 4254 est
702 4204 732 4252 in
752 4199 803 4254 Cd.
822 4200 886 4253 Bas.
907 4201 946 4254 St.
966 4215 993 4254 es
1012 4198 1081 4263 ald.)
1116 4199 1169 4254 On.

429 4279 477 4332 18.
498 4279 614 4346 scripti,
633 4293 671 4326 cn
693 4274 827 4346 rutenis]
847 4270 948 4329 alludit
967 4271 1002 4326 sd
1019 4273 1227 4328 celeberrimam
1248 4289 1275 4329 et
1295 4279 1454 4348 primariam
1472 4281 1596 4326 marsuam
1614 4270 1662 4324 di-

353 4352 493 4403 sumum
511 4354 543 4402 ln
560 4351 689 4427 νομικὸν
707 4349 827 4417 legalem
845 4363 873 4403 et
891 4343 1012 4423 λογικὸν
1030 4349 1207 4404 rationalem.
1227 4349 1311 4404 Care.

429 4419 589 4494 sititque
607 4430 861 4496 amneqmstto,
881 4440 950 4495 pisae
968 4425 1058 4495 ratio]
1079 4425 1120 4476 De
1139 4425 1183 4477 his
1202 4425 1261 4497 lege
1280 4423 1383 4498 prolixe
1403 4435 1529 4496 agentem
1548 4423 1664 4490 Quinti·

350 4495 459 4552 mm
478 4498 540 4554 ut».
559 4503 587 4557 5.
604 4513 664 4570 esp.
683 4499 734 4553 xi.
752 4513 781 4551 et
800 4494 995 4551 cassiodorum
1013 4501 1042 4550 in
1061 4499 1248 4570 sequentibus.
1268 4501 1350 4554 Cara.

432 4575 479 4629 19.
495 4576 598 4650 oanis]
619 4573 667 4628 ste
688 4572 740 4626 ed.
759 4574 822 4626 Bas.
840 4572 882 4626 St.
902 4570 962 4625 ald.
984 4601 1016 4614 -
1037 4591 1132 4626 omnes
1150 4575 1235 4647 Capp.
1255 4574 1309 4629 Ost.

430 4650 477 4705 25.
496 4652 694 4716 mntecturam]
715 4662 797 4719 quam
809 4651 996 4720 quaestionem
1010 4644 1077 4701 iacti
1091 4666 1140 4703 sen
1153 4648 1185 4703 de
1198 4647 1274 4702 iacto
1287 4647 1405 4702 solemus
1419 4647 1563 4720 appellare.
1582 4645 1663 4698 carr.

431 4721 505 4776 llaid.
525 4723 630 4796 finees]
649 4731 757 4775 statum
776 4725 943 4794 quaestionis
962 4719 1141 4788 definitivum
1160 4723 1239 4796 uulgo
1257 4739 1366 4777 ruunt.
1386 4727 1468 4778 Cara.

429 4802 478 4853 27.
495 4816 553 4850 nnn
576 4803 807 4864 constitutiones,
836 4797 888 4849 ssd
911 4800 1015 4864 status]
1047 4797 1147 4852 Graeci
1178 4815 1271 4853 saman
1305 4803 1412 4856 στάσιν
1442 4793 1587 4866 utrobique
1616 4789 1665 4846 di-

355 4887 436 4926 eass.
454 4873 538 4926 carr.
564 4872 650 4938 <aum
666 4873 772 4941 tegetes
791 4877 894 4926 omisso
912 4891 937 4926 v.
956 4876 1072 4944 quinque
1091 4872 1142 4928 cd.
1161 4875 1223 4929 Bas.
1241 4875 1284 4930 St.
1304 4871 1366 4928 atd.
1385 4869 1453 4946 Oa.)

431 4951 479 5005 55.
495 4949 595 5016 prro]
615 4963 685 5000 nero
702 4946 753 5002 cd.
774 4950 836 5001 llas.
855 4947 908 5001 Oa.

359 5023 674 5150 dtnssijismmml
694 5021 727 5077 td
745 5039 787 5078 est
809 5024 993 5076 accusationis
1011 5037 1059 5074 seu
1083 5026 1217 5090 actionis,
1237 5037 1289 5092 qus
1307 5024 1426 5095 cuipiam
1445 5026 1551 5076 crimen
1571 5025 1667 5075 inten-

422 5115 448 5150 Ι.
523 5115 547 5150 P.

433 5169 506 5227 thid.
523 5175 697 5244 negationis]
716 5169 905 5246 depulsionem
923 5126 951 5227 ei
969 5168 1191 5245 deprecationem
1209 5168 1276 5224 altas
1295 5169 1444 5242 appellant.
1466 5169 1548 5224 carr.
