4434 5959
929 624 1023 689 cte.
1046 624 1077 689 1.
1114 607 1118 620 '
1622 623 1663 688 ιι

354 766 606 842 controuereia,
629 763 663 829 id
683 775 750 843 eet,
771 787 867 852 qnam
888 763 1070 851 quaeritur,
1093 761 1229 848 quaid,
1260 765 1347 850 quod
1366 763 1484 827 lactum
1513 775 1580 838 eat,
1604 784 1664 829 no·
1723 823 1726 830 .

351 861 433 922 taine
453 861 646 943 appelletur.
677 861 800 924 Verum
822 883 916 945 quum
938 861 977 922 de
999 857 1125 921 nominc
1146 855 1333 942 ambigitur,
1364 867 1396 920 et
1417 860 1455 919 de
1477 878 1513 920 re
1535 878 1663 920 necesse

353 964 402 1016 est
421 953 617 1038 ambigatur.
673 955 799 1018 Nomen
826 952 907 1018 enim
927 951 975 1015 rei
997 962 1063 1014 eat:
1094 971 1147 1013 rea
1168 971 1246 1015 vero
1268 950 1334 1014 sine
1359 950 1484 1014 nomine
1506 972 1663 1036 nunquam

352 1057 414 1110 eat.
464 1047 576 1127 Quare
607 1068 702 1132 qnnm
725 1050 763 1112 dc
792 1048 917 1112 nomine
938 1042 1092 1107 dubitatio
1116 1053 1180 1121 est,
1219 1046 1257 1106 de
1279 1065 1315 1108 re
1343 1066 1471 1128 quoquc
1501 1044 1664 1106 dubitetur

351 1159 481 1202 uectae
507 1149 570 1203 eat.
623 1141 717 1226 Ergo
744 1141 942 1218 desmitioua
962 1151 1074 1204 etatae
1094 1139 1272 1204 huiuamodi
1298 1150 1362 1216 est,
1397 1160 1492 1221 qnnm
1516 1141 1554 1200 de
1577 1137 1688 1200 iactos

352 1242 500 1308 constat,
539 1244 572 1295 et
596 1233 635 1296 de
657 1253 694 1297 re
715 1235 767 1296 rel
789 1233 912 1296 nomine
938 1231 1159 1297 controversia
1190 1243 1249 1295 est.
1293 1233 1381 1296 lnter
1402 1231 1515 1294 lactttm
1534 1229 1612 1292 enirn
1631 1239 1665 1291 et

350 1345 418 1388 rent
438 1325 507 1388 boe
532 1324 683 1389 intereat:
719 1327 784 1390 Res
806 1319 854 1389 est
875 1338 991 1388 certam
1011 1324 1060 1388 ani
1078 1325 1215 1388 formam
1233 1336 1264 1388 et
1289 1325 1424 1407 speciem
1447 1322 1530 1385 circa
1551 1321 1664 1406 cogni-

351 1418 471 1480 tionem
493 1419 647 1483 retinent.
690 1420 832 1504 Erguti
859 1421 980 1502 species
1003 1417 1050 1480 rei
1071 1428 1145 1482 nota
1167 1430 1236 1495 est,
1262 1439 1376 1482 nomen
1401 1439 1528 1503 quoque
1555 1430 1662 1480 notum

350 1510 393 1574 ait
413 1531 546 1575 neeecee
567 1523 628 1574 est.
680 1513 811 1576 Factum
833 1525 882 1576 eat
902 1512 1066 1576 consutum
1086 1511 1232 1594 quiddam
1256 1522 1287 1574 et
1312 1512 1484 1587 incertum,
1507 1513 1570 1574 hoc
1591 1511 1662 1574 colo

350 1615 499 1680 αιιιιιιι,
522 1608 612 1690 quod
630 1605 748 1684 acitur,
772 1607 848 1690 quid
866 1606 982 1670 lactum
1004 1614 1065 1668 ent.
1107 1604 1266 1688 ltaquein
1293 1603 1355 1668 fine
1375 1604 1493 1667 lactum
1517 1616 1660 1679 constat,
1676 1606 1705 1656 ¹⁰

349 1699 408 1760 aed
429 1718 484 1760 ree
505 1718 569 1763 non
587 1709 725 1762 constat.
768 1701 813 1764 Et
837 1699 911 1784 quia
934 1697 981 1762 rei
1009 1719 1122 1761 nomen
1147 1718 1273 1780 semper
1293 1699 1470 1761 adiunctum
1493 1708 1575 1770 eat,
1589 1695 1662 1760 ideo

349 1793 390 1854 tle
407 1790 538 1854 nominc
561 1792 781 1856 controversia
799 1804 860 1856 est.
904 1792 1016 1872 Quod,
1039 1791 1160 1876 inquit,
1182 1812 1295 1855 nomen
1321 1790 1462 1854 breviter
1485 1789 1578 1852 nobis
1608 1792 1663 1850 de'·
1788 1817 1797 1836 ·

348 1883 523 1953 fidendum
551 1897 601 1949 eat
630 1896 663 1950 et
691 1898 805 1952 contra
831 1898 926 1971 atque
952 1885 1153 1950 adversariae
1182 1885 1282 1964 dicat,
1320 1883 1569 1948 describendum.
1619 1884 1663 1946 Et

351 1979 407 2041 tlat
425 1978 629 2061 exemplum:

436 2071 526 2134 Utri
538 2072 617 2156 quie
629 2093 766 2136 emnem
776 2095 823 2137 eac
830 2071 1192 2156 pticntomrriptterit,
1206 2069 1408 2163 ntrumsnr,
1417 2092 1462 2135 nn
1475 2069 1663 2153 sacrilegus
1675 2061 1705 2112 ¹⁵

350 2163 400 2226 ait
418 2162 637 2248 iudicandus]
680 2167 812 2230 Factum
831 2177 965 2231 coortat.
1009 2166 1089 2230 Nam
1112 2188 1233 2230 oacrum
1251 2187 1290 2230 ex
1309 2166 1435 2248 privato
1450 2174 1573 2230 constat
1594 2181 1663 2226 ease

351 2256 526 2320 sublatum.
582 2259 634 2323 ne
651 2258 778 2323 nomine
793 2259 946 2322 incertum
970 2271 1042 2333 est,
1066 2265 1170 2322 utrum
1185 2259 1240 2322 ille
1261 2260 1334 2335 lttr,
1358 2281 1396 2322 an
1422 2257 1593 2341 sacrilegus
1615 2254 1664 2318 iu·

350 2347 489 2412 dicetur.
543 2351 653 2431 Quare
674 2351 908 2416 definitionibus
930 2351 1048 2415 nostrie
1069 2372 1184 2415 nomen
1205 2350 1250 2415 illi
1271 2351 1372 2429 aliud,
1402 2371 1493 2436 quam
1514 2352 1664 2412 adversa·

352 2440 397 2506 rii
416 2443 549 2521 volunt,
573 2444 736 2526 imponere
758 2447 919 2509 debemus.

436 2535 651 2614 Definiendo
677 2561 733 2602 ree
756 2539 833 2603 erit·
850 2538 960 2602 oerlrir
986 2550 1021 2602 et
1048 2539 1193 2604 breuiter
1220 2537 1451 2622 describenda]
1495 2539 1548 2601 Ad
1569 2533 1706 2599 nnumll
1777 2531 1780 2544 '

353 2625 483 2711 quidem
508 2640 676 2716 utrumqne
697 2632 807 2696 tendit.
866 2635 928 2696 Sed
951 2631 1024 2717 quia
1054 2633 1253 2696 multimodae
1278 2644 1351 2695 aunt
1376 2631 1590 2705 definitiones,
1616 2629 1664 2692 vi·

352 2723 484 2786 deamua
504 2722 629 2788 interim
656 2727 731 2810 quid
754 2726 875 2790 intersit
907 2726 988 2790 inter
1009 2725 1221 2789 definitionem
1247 2738 1278 2788 et
1298 2725 1554 2808 descriptionem.
1596 2721 1664 2784 De·

349 2815 457 2880 finitio
475 2816 546 2880 talin
564 2829 630 2882 eet:
666 2822 764 2884 bomo
785 2831 832 2882 est
853 2819 967 2882 animal
996 2818 1167 2895 rationale,
1203 2818 1310 2902 bipes,
1335 2818 1417 2882 rinna
1440 2836 1554 2898 capax.
1597 2813 1664 2877 De·

350 2909 487 2992 scriptio
511 2932 591 2976 vero
616 2912 686 2976 talis
708 2925 772 2977 estc
794 2915 891 2978 bomo
915 2925 982 2990 ent,
1005 2912 1061 2996 qui
1075 2925 1195 2975 rectum
1228 2913 1378 2976 verticem
1400 2910 1538 2974 rotundo
1559 2904 1664 2986 capite

352 3003 491 3082 attollit,
528 3006 617 3069 cuiue
640 3017 712 3068 aunt
738 3008 797 3070 cub
819 3008 904 3070 collo
930 3005 1052 3069 humeri
1090 3005 1283 3088 brachiaque
1315 3002 1466 3076 demissa,
1496 3012 1539 3086 et¹
1558 3000 1706 3086 cetera2⁵

350 3097 387 3160 in
408 3097 490 3193 bnac
511 3102 657 3175 modum,
679 3103 746 3177 ced,
768 3112 802 3165 ut
819 3101 887 3184 ipse
907 3099 971 3174 ait,
994 3097 1137 3161 brevitet·
1158 3097 1374 3159 describenda.
1404 3095 1497 3180 Ergo
1515 3091 1663 3175 quioniam

351 3193 396 3254 tle
416 3191 479 3255 line
499 3193 714 3270 tractavimus,
738 3216 820 3258 nnnc
834 3214 962 3279 qnoque
983 3191 1059 3276 quid
1073 3202 1226 3254 tractetur
1241 3193 1280 3252 de
1290 3189 1466 3273 qualitate,
1489 3187 1663 3250 rideamus.

440 3287 585 3350 Generi-r
603 3299 655 3351 eet
675 3289 925 3364 controversia,
962 3307 1067 3370 quum
1086 3297 1121 3348 et
1141 3283 1224 3368 qnid
1232 3279 1380 3374 factam
1400 3282 1463 3357 ait,
1496 3276 1662 3360 convenit]

353 3377 446 3440 Tulit
465 3378 708 3444 coniecturam.
749 3379 874 3447 Deinde
892 3371 987 3464 quum
1008 3377 1069 3454 ait,
1090 3389 1211 3462 etqua
1230 3377 1268 3439 id
1274 3374 1424 3467 sactum
1445 3373 1580 3439 nomine
1600 3393 1663 3455 ap·

350 3471 479 3554 penori
498 3484 674 3555 oportent,
696 3485 849 3546 canetatr
876 3471 949 3535 tulit
969 3472 1096 3549 senem.
1149 3472 1242 3555 Ergo
1265 3481 1426 3552 superest,
1449 3478 1485 3531 ut
1501 3468 1593 3552 quale
1612 3464 1705 3526 vel³⁰

353 3574 506 3648 qnantum
521 3563 563 3626 ait
592 3564 642 3642 id,
662 3571 750 3651 quod
765 3569 882 3648 lactum
904 3574 970 3640 eat,
992 3563 1171 3641 rideamus,
1196 3573 1227 3626 et
1245 3564 1297 3625 dat
1318 3561 1517 3643 exemplum:
1542 3561 1664 3622 Utrum

351 3657 505 3733 ιἰιιειιιιι,
527 3677 575 3720 an
592 3658 758 3722 ἰιιὶιιιιιιιιι
781 3659 846 3724 eit:
873 3669 991 3722 aarum
1014 3655 1116 3733 utile,
1139 3677 1185 3719 nn
1207 3654 1326 3718 inutile
1350 3655 1409 3718 rit.
1455 3653 1549 3733 Quod
1568 3671 1663 3732 quum

355 3751 539 3834 quaeritur,
561 3770 625 3815 non
642 3771 755 3815 nomen
777 3751 842 3828 rei,
864 3752 920 3814 aed
943 3749 990 3814 rei
1005 3750 1139 3835 qualitas
1157 3747 1340 3832 quaeritur,
1365 3759 1397 3810 ct
1422 3747 1494 3810 ideo
1516 3743 1664 3834 qtenlitae

355 3845 512 3926 appellata
531 3855 593 3908 eat.
635 3845 753 3927 Incipit
773 3847 1008 3928 Hermagoran
1038 3844 1289 3926 reprehendere,
1322 3837 1376 3926 qui
1401 3836 1663 3904 demonstratio·

356 3958 435 4000 nem
453 3948 485 4000 et
505 3937 785 4002 deliberationem
803 3941 862 4002 cub
883 3937 1047 4022 qualitate
1068 3933 1281 4000 constituerit.
1674 3939 1705 3990 ³⁵

439 4031 531 4098 tante
559 4031 680 4114 generi
703 4034 925 4116 Hermagorae
956 4040 1073 4112 parter
1096 4039 1260 4113 quattuor
1290 4023 1488 4110 conparuit]
1537 4025 1664 4106 Repre-

355 4121 461 4186 bendit
480 4127 532 4204 (ut
555 4123 703 4206 dirimtu)
724 4128 975 4208 Hermagoran,
997 4125 1085 4207 quod
1103 4121 1427 4185 demonstrationem
1448 4130 1478 4182 et
1499 4118 1662 4182 delibera-

355 4216 481 4280 tionem
500 4217 561 4278 eub
588 4219 753 4301 qttalitate
776 4215 939 4299 posuerit:
972 4236 1066 4299 quum
1088 4213 1156 4296 ipra
1178 4212 1345 4297 qualitas,
1368 4211 1488 4286 idest,
1513 4209 1664 4272 constitu·

357 4308 403 4372 tio
427 4309 602 4394 generalia,
631 4311 690 4373 aab
713 4309 985 4373 deliberatiuam
1012 4305 1280 4371 demonstrativa
1305 4303 1360 4368 ait.
1413 4304 1464 4368 De
1488 4325 1550 4389 qua
1574 4323 1610 4366 re
1631 4303 1664 4366 in

358 4403 621 4487 consequentibua
642 4403 736 4468 latina
757 4403 981 4487 disputabitur.
1675 4403 1707 4454 tt

429 4577 474 4631 ιι.
487 4561 595 4644 ωε]
624 4591 662 4630 ω
687 4575 807 4630 ineant
825 4573 875 4631 ot.
893 4577 958 4631 ιιιι.

428 4647 501 4705 tbtd.
519 4650 697 4704 maimodae
714 4659 780 4704 eunt
797 4649 987 4724 definitiones]
1018 4646 1066 4706 Sic
1084 4651 1127 4708 St.
1147 4647 1208 4706 dld.
1227 4677 1264 4694 -
1282 4649 1363 4704 mnltt
1381 4648 1456 4704 modl
1473 4655 1539 4702 erant
1557 4645 1664 4720 defini-

356 4725 442 4776 rnna
457 4723 510 4780 cd.
530 4726 595 4780 une.
614 4727 701 4800 Capp.
721 4726 792 4780 Tum
811 4723 861 4781 Cd.
878 4728 942 4782 une.
961 4728 1002 4782 St.
1021 4723 1083 4781 ltd.
1101 4733 1208 4781 rectum
1240 4741 1267 4782 tt
1294 4727 1334 4782 St.
1353 4723 1415 4781 lid.
1434 4723 1555 4778 rotunda
1573 4728 1665 4792 capita

357 4813 409 4870 pra
426 4797 512 4873 capp.
531 4809 653 4853 ereetum
671 4815 700 4855 et
716 4799 836 4854 rotundo
854 4806 967 4874 eaptttr.
997 4801 1051 4854 0t.
1419 4833 1422 4840 ·

429 4875 474 4932 att.
492 4873 586 4946 Tuae]
606 4873 640 4930 ld
659 4889 701 4929 att
713 4880 846 4944 eemcttt,
869 4875 985 4932 eaclnett
997 4891 1012 4928 a
1026 4873 1223 4948 dtepntettane.
1248 4875 1330 4931 cnr.
1367 4875 1468 4930 ttettn
1482 4888 1551 4929 erret
1565 4891 1665 4927 emen-

356 4941 433 5000 datto
448 4949 534 5002 totltt.
553 4955 683 5004 attamen
702 4955 788 5005 etlam
807 4949 878 5004 talne
898 4971 925 5025 p.
945 4950 991 5008 ll.
1010 4949 1030 5005 l.
1042 4957 1088 5014 37.
1107 4950 1191 5004 babca
1211 4953 1277 5004 tnttt
1296 4957 1381 5022 rtgna
1400 4968 1449 5024 pro
1468 4949 1591 5002 antetulit.
1611 4949 1665 5004 On.

428 5025 472 5082 35.
492 5023 769 5095 demonstrationem]
790 5026 850 5080 lloa
869 5043 910 5080 eet
929 5043 1014 5101 genae
1034 5029 1168 5080 oracloala
1188 5027 1451 5079 demonstrativum.
1471 5025 1553 5078 Care.

356 5179 403 5221 u
403 5095 502 5227 ..1Βίἀό
523 5099 762 5170 deliberationem]
782 5100 815 5160 Id
833 5118 874 5159 eat
894 5118 979 5177 genua
999 5105 1133 5157 craticule
1152 5101 1374 5170 deltdernttvnm,
1393 5117 1424 5155 nt
1439 5101 1570 5154 Rhetorca
1587 5097 1663 5172 loqul

436 5187 457 5226 ι.
504 5191 564 5228 arr.

437 5275 803 5324 moncatum.
1393 5247 1413 5310 3

810 5441 823 5476 ἱ
