4434 5959
548 602 589 668 :s
1058 598 1346 675 mereamus
1378 554 1382 565 ⁵

546 742 702 829 qceando,
721 744 1022 829 quemadmodum,
1056 746 1178 832 quibus
1196 745 1423 811 adminiculis.
1467 747 1597 812 Addidit
1619 747 1737 813 Cicero
1760 750 1859 835 qnin-

547 848 632 911 tam,
655 837 883 916 occasionem,
915 842 953 903 de
975 860 1036 925 qua
1058 853 1131 923 post
1153 840 1302 903 dicemus.
1346 840 1493 923 Quinque
1515 842 1619 925 itaque
1643 865 1692 905 res
1714 852 1856 911 secundo

547 928 700 995 attributo
721 932 870 1008 subdidit,
910 933 1033 1009 iocum,
1069 946 1209 1016 tempus,
1240 932 1455 1009 occasionem,
1487 938 1629 1009 modum,
1655 938 1857 1013 lbctiltatem:

548 1034 581 1087 et
602 1035 687 1087 recte
709 1026 786 1088 haec
807 1026 842 1089 in
863 1026 1016 1109 gestione
1037 1028 1168 1111 negotii
1188 1048 1255 1090 esse
1277 1026 1368 1089 dixit.
1412 1028 1469 1091 Ilia
1486 1028 1564 1091 enim
1581 1029 1743 1110 superiora
1759 1032 1857 1115 quin·

523 1128 628 1200 sque,
660 1139 795 1183 summa
820 1120 966 1203 negotii,
995 1143 1149 1185 summae
1170 1142 1291 1196 causa,
1322 1120 1404 1206 quid
1423 1119 1659 1212 antefactum
1680 1122 1745 1197 sit,
1769 1124 1858 1207 quid

547 1210 583 1275 in
606 1234 645 1275 re
667 1210 804 1296 factum
821 1215 882 1289 sit,
912 1216 995 1298 quid
1013 1212 1287 1303 posteafactum
1304 1214 1367 1289 sit,
1393 1214 1573 1297 negotium,
1596 1216 1712 1293 idest,
1734 1218 1854 1279 lactina

546 1303 645 1382 illud,
680 1310 801 1393 dequo
823 1308 965 1393 quaestio
987 1318 1053 1383 est,
1083 1311 1234 1388 probant.
1277 1307 1419 1387 Quodsi
1442 1308 1602 1392 negotium
1626 1312 1782 1391 probant,
1819 1311 1853 1373 in

547 1398 692 1481 gestione
713 1401 835 1485 negotii
862 1423 926 1466 non
948 1414 1032 1465 sunt.
1076 1402 1197 1465 Verum
1215 1401 1248 1463 in
1271 1400 1413 1485 gestione
1436 1402 1557 1485 negotii
1578 1425 1704 1467 necesse
1726 1416 1791 1479 cst,
1818 1416 1855 1467 ut

547 1491 627 1554 baec
646 1514 756 1559 rursus
779 1494 915 1579 quinque
936 1496 1012 1570 sint,
1043 1495 1152 1571 locus,
1180 1504 1321 1577 tempus,
1346 1497 1494 1571 occasio,
1518 1499 1646 1570 modus,
1670 1498 1852 1561 iacttitates.

505 1585 672 1651 ttEtenim
693 1609 787 1670 quum
810 1588 957 1654 dicimus:
988 1590 1080 1653 Mile
1101 1588 1137 1651 in
1165 1600 1286 1659 sanun
1295 1584 1398 1678 fuit:
1430 1588 1570 1653 domun:
1587 1592 1694 1665 venit:
1728 1603 1855 1673 postea

541 1675 728 1769 profectus
748 1693 820 1753 est:
851 1682 954 1765 gestio
975 1680 1095 1765 negotii
1117 1691 1165 1745 est
1185 1680 1326 1764 quidem,
1349 1682 1455 1747 sedin
1476 1681 1543 1763 ipsa
1567 1682 1684 1767 negotii
1707 1684 1854 1767 gestione

546 1784 679 1856 tempus
701 1773 908 1850 ostendimus:
930 1776 1048 1850 idest,
1072 1774 1228 1837 Milonem
1242 1774 1321 1837 bora
1337 1774 1499 1837 :indecisae
1516 1776 1705 1855 proiectum.
1727 1776 1852 1841 Deinde

546 1888 642 1951 quum
670 1867 818 1932 dicimus:
857 1869 959 1940 Venit
992 1870 1040 1934 ad
1069 1868 1240 1933 Albanum
1246 1890 1259 1939 ‚·
1292 1866 1438 1949 impetus
1464 1867 1500 1930 in
1521 1867 1618 1931 illum
1635 1867 1757 1955 foetus
1779 1884 1858 1945 est,-

547 1958 650 2043 gestio
673 1960 802 2043 quidem
820 1962 939 2047 negotii
960 1974 1024 2039 est,
1060 1963 1116 2024 sed
1133 1959 1163 2023 in
1191 1958 1259 2041 ipsa
1284 1958 1404 2043 negotii
1427 1959 1569 2043 gestione
1591 1972 1622 2022 et
1642 1964 1858 2027 occasionem

504 2065 536 2117 tt
547 2052 758 2129 ostendimus,
781 2058 868 2139 qnod
888 2076 1015 2120 necesse
1037 2052 1182 2119 habuerit
1204 2054 1263 2117 iter
1283 2052 1358 2117 illuc
1378 2054 1504 2117 lacere:
1527 2064 1559 2115 et
1579 2056 1689 2117 locum
1714 2056 1857 2120 ostendi.

546 2166 634 2221 mus,
657 2148 743 2231 quod
764 2148 803 2209 de
825 2147 899 2211 loco
926 2145 1091 2233 superiore
1119 2146 1251 2228 impetus
1279 2144 1311 2211 in
1341 2145 1426 2209 illum
1446 2147 1563 2209 tactus
1591 2148 1649 2209 sit:
1687 2158 1716 2211 et
1728 2146 1859 2237 faciel-

544 2248 658 2314 tates,
709 2242 795 2323 qnod
830 2238 963 2304 Clodius
1002 2239 1112 2303 babuit
1148 2252 1299 2304 armatos.
1356 2240 1596 2325 Erg0⁸gestio
1631 2240 1749 2323 negotii
1786 2241 1858 2304 siue

544 2330 594 2395 bis
616 2330 754 2417 quinque
775 2354 844 2397 csse
865 2356 928 2398 non
950 2345 1075 2418 potest:
1104 2334 1194 2409 loco,
1218 2344 1380 2415 tempore,
1405 2334 1588 2408 occasione,
1613 2338 1726 2408 modo,
1749 2332 1857 2395 iacul-

545 2424 674 2490 tatibus.
696 2428 814 2507 ‚Qtiod
842 2428 868 2491 si
897 2428 963 2491 sinc
991 2427 1039 2491 his
1075 2427 1212 2511 quinque
1249 2427 1366 2511 negotii
1396 2425 1498 2511 gestio
1533 2447 1600 2491 esse
1631 2446 1693 2489 non
1724 2437 1853 2507 potest,

503 2528 632 2585 streete
653 2520 732 2582 haec
752 2519 782 2583 in
806 2522 950 2605 gestione
972 2519 1092 2605 negotii
1113 2519 1315 2583 considerare
1336 2523 1496 2585 debemus.

553 2650 557 2660 ·
628 2615 740 2675 noem
773 2614 1028 2689 consideratur,
1058 2612 1094 2676 in
1116 2634 1183 2697 quo
1216 2634 1271 2676 res
1300 2624 1397 2694 gesta
1412 2613 1474 2687 sit,
1505 2635 1551 2676 ece
1572 2612 1850 2697 opportunitate,

543 2726 647 2790 quam
670 2705 824 2769 uideatur
839 2706 996 2769 habuisse
1013 2707 1061 2768 ad
1078 2705 1252 2789 negotium
1273 2704 1595 2787 administrandum]
1639 2706 1682 2769 Ut
1704 2703 1852 2779 sciamus,

544 2818 635 2881 quem
663 2798 768 2862 locum
799 2799 1057 2862 considerandum
1085 2799 1275 2881 praecipiat,
1314 2800 1367 2884 qui
1393 2800 1454 2863 sint
1476 2800 1526 2861 alii
1549 2799 1632 2873 ioci,
1672 2798 1855 2860 videamus:

545 2912 583 2954 ac
610 2890 714 2973 primo
755 2894 925 2955 secundum
958 2892 1102 2957 Lucretii
1139 2903 1380 2977 ceterorumque
1414 2891 1595 2957 sententiam
1628 2891 1728 2955 inane
1751 2901 1854 2953 totum

502 2983 634 3051 stlocus
663 2995 733 3060 est:
765 2988 851 3070 quod
878 2985 980 3049 inane
1008 2995 1094 3069 patet
1117 2988 1211 3049 rebus
1233 2998 1467 3068 occupatusque
1491 2988 1531 3047 ab
1555 2984 1732 3059 elementis,
1764 2982 1854 3067 igni,

545 3079 639 3153 aiire,
661 3100 761 3163 aqna,
786 3090 882 3143 terra.
926 3080 1019 3164 Ergo
1034 3080 1113 3142 baec
1135 3080 1285 3143 elementa
1306 3080 1337 3143 in
1360 3082 1434 3144 loco
1453 3092 1540 3160 euru,
1564 3078 1681 3153 idest,
1704 3076 1735 3138 in
1752 3075 1853 3140 inani.

544 3171 608 3235 Sed
623 3192 731 3236 riirsm
754 3172 820 3256 ipsa
842 3174 993 3237 elementa
1010 3172 1072 3237 ioci
1092 3184 1185 3237 stunt:
1215 3184 1248 3235 nt
1269 3172 1372 3256 ignis,
1396 3171 1551 3235 sideribus
1578 3172 1666 3234 locris
1688 3180 1757 3233 est:
1781 3171 1854 3245 a'e'r,

545 3261 675 3327 ambus:
704 3285 803 3349 aqua,
834 3266 1038 3329 natantibus:'
1061 3277 1164 3340 terra,
1195 3265 1411 3349 gradientibus
1434 3260 1541 3327 scidis
1563 3262 1725 3339 omnibus,
1770 3282 1855 3346 quae

544 3353 577 3420 in
608 3360 715 3421 eadem
744 3370 926 3423 nesciantur.
983 3360 1096 3457 ltaque
1118 3371 1149 3423 et
1179 3370 1264 3423 terre
1294 3358 1394 3422 omnis
1423 3360 1513 3423 locus
1534 3368 1597 3421 est:
1636 3367 1667 3419 et
1686 3376 1796 3421 rrrrsus
1818 3354 1854 3419 in

502 3457 630 3513 ttterra
651 3450 741 3513 locus
763 3464 828 3526 est:
856 3452 911 3536 qni
930 3453 1020 3517 locus
1046 3452 1138 3516 nobis
1159 3472 1221 3515 non
1244 3474 1285 3517 ea
1307 3472 1368 3528 eo,
1398 3454 1484 3536 quod
1506 3453 1595 3515 locus
1614 3462 1682 3527 est,
1707 3450 1855 3515 conside·

544 3542 660 3606 raudus
681 3553 749 3606 est:
782 3546 837 3607 sed
857 3566 898 3607 ex
922 3565 982 3621 eo,
1006 3544 1105 3627 qualis
1123 3545 1183 3620 sit,
1213 3556 1248 3609 ut
1268 3565 1310 3609 ex
1332 3545 1570 3627 opportunitate
1591 3544 1658 3607 eins
1679 3545 1797 3629 aliquid
1816 3544 1854 3607 ia

544 3656 585 3699 ec
608 3644 661 3697 aut
681 3633 751 3697 iieri
771 3636 912 3717 potuisse
934 3647 988 3699 aut
1014 3635 1086 3699 beri
1104 3660 1169 3703 non
1190 3639 1332 3721 potuisse
1353 3642 1534 3704 doceamus.
1584 3638 1660 3701 Hoc
1679 3638 1786 3722 itaque
1809 3637 1854 3699 sit

542 3739 748 3812 praeceptam
769 3730 801 3792 in
822 3731 915 3805 loco,
939 3730 1118 3816 qualitatem
1142 3730 1208 3795 eius
1225 3741 1318 3816 atque
1333 3730 1601 3814 opportunitatem
1623 3750 1681 3795 nos
1696 3730 1854 3812 inspicere

545 3835 640 3911 atque
661 3824 824 3889 aestimare
845 3822 973 3887 debere.
1028 3826 1168 3889 Necesse
1198 3834 1246 3887 est
1267 3824 1348 3887 enim
1378 3844 1436 3887 nos
1466 3823 1643 3907 ubicunqne
1667 3842 1757 3885 esse:
1795 3824 1855 3885 sed

501 3917 622 3983 :siunt
642 3918 696 3983 ubi
715 3939 838 3993 sumus,
870 3917 963 4001 quale
981 3917 1041 3993 sit,
1079 3916 1337 3981 considerandum
1358 3928 1418 3981 est.
1462 3918 1570 3999 Atque
1596 3918 1672 3979 baec
1695 3926 1854 3998 opportu-

542 4012 625 4077 nitas
644 4011 708 4077 loci
736 4032 796 4095 per
826 4012 923 4074 multa
955 4011 1180 4075 consideranda
1210 4023 1277 4075 est:
1315 4021 1439 4074 namet
1467 4010 1648 4094 magnitudo
1671 4008 1734 4071 loci
1755 4005 1856 4089 inspi-

543 4106 653 4171 cienda
680 4116 747 4183 est,
785 4114 889 4169 utrim
909 4104 954 4167 ibi
974 4116 1024 4168 tot
1044 4106 1128 4169 milia
1153 4104 1310 4168 bantinum
1333 4104 1470 4186 ceperit:
1507 4103 1618 4165 deinde
1649 4100 1853 4165 intervalium

543 4197 770 4283 inspiciendum
797 4209 860 4273 est:
896 4209 931 4263 nt
958 4196 990 4261 in
1019 4193 1202 4279 Quintiano,
1240 4199 1436 4282 septingenta
1467 4195 1550 4260 milia
1571 4214 1719 4289 passuum
1753 4192 1854 4257 biduo

544 4314 614 4357 eece
635 4296 778 4358 duona.
826 4294 871 4357 Et
892 4291 1040 4378 quoniam
1062 4292 1220 4356 intervalli
1241 4294 1304 4355 diro
1327 4312 1444 4376 genera
1465 4300 1557 4366 scint,
1580 4285 1853 4372 longinquitate,

500 4385 664 4471 ttinquit,
701 4398 734 4451 et
749 4386 1025 4471 propinquitate:
1059 4386 1169 4449 deinde
1191 4386 1469 4459 considerandum,
1504 4394 1642 4447 semotus
1664 4382 1775 4456 locris,
1814 4400 1856 4443 an

546 4478 683 4544 celebris
711 4478 772 4543 sit:
812 4479 922 4543 deinde
944 4490 1055 4544 natura
1076 4478 1175 4561 ipsius
1197 4477 1260 4542 loci
1281 4478 1431 4554 videnda,
1469 4476 1665 4551 tumulosus,
1702 4470 1856 4549 declivis,

617 4717 644 4773 5.
662 4732 784 4767 summae
793 4719 891 4784 causa]
904 4717 968 4770 Aac.
976 4716 1018 4771 81.
1028 4715 1090 4771 bld.
1104 4704 1140 4757 -’-
1149 4733 1256 4767 summa
1266 4733 1352 4767 causa
1366 4719 1449 4791 Capp.
1459 4744 1493 4757 -
1502 4734 1607 4768 sumnia
1617 4731 1717 4767 causae
1728 4708 1779 4767 cd.
1793 4712 1860 4767 nse

543 4784 597 4843 cit.
616 4787 687 4843 loire
706 4790 774 4863 Cap.
794 4794 860 4857 85„
878 4790 925 4843 nbi
946 4808 1057 4845 omnes:
1076 4810 1189 4844 caterona
1208 4796 1296 4862 ipsius
1313 4808 1445 4844 crematae.
1466 4790 1520 4844 Oa.

617 4868 644 4923 9.
660 4862 837 4936 facultates]
858 4867 886 4921 b.
913 4864 993 4935 L(nt
1013 4871 1089 4936 mor)
1110 4867 1160 4920 Cd.
1178 4868 1240 4921 Bae.
1260 4894 1297 4909 ·-
1307 4865 1443 4938 facultas
1461 4864 1532 4921 Edd.
1555 4865 1608 4921 Oa.

618 4939 664 4998 54,
682 4968 721 4983 -
738 4946 901 4993 existimare
922 4942 973 4995 cd.
994 4944 1056 4996 Bes.

617 5013 689 5069 lbtd.
708 5032 817 5068 neceam
836 5024 878 5068 est
895 5034 947 5068 nos
964 5018 1113 5088 adunaque
1131 5016 1202 5089 esse]
1240 5014 1270 5069 ld
1290 5032 1331 5071 est
1350 5015 1468 5081 nltcnbt,
1499 5020 1527 5069 tn
1547 5018 1675 5088 quopiam
1695 5012 1769 5068 iaco.
1808 5012 1857 5065 Sic

543 5086 627 5163 panio
646 5106 726 5163 poet:
755 5108 865 5145 neeesse
889 5099 933 5143 est
950 5110 1130 5163 quemcnnqne
1148 5093 1236 5147 tocian
1255 5102 1283 5146 et
1308 5094 1482 5167 qisodcunqtu
1501 5102 1608 5164 tempus
1619 5090 1733 5163 sitisse,
1765 5086 1793 5143 td
1812 5104 1857 5141 eet

544 5163 664 5237 eltqnem
682 5164 794 5238 locam,
811 5164 923 5239 aliquod
942 5182 1057 5244 tempus.
1075 5176 1159 5224 caer.
