4434 5959
934 627 1027 692 LIB.
1050 625 1081 690 1.
1619 624 1657 690 st

348 777 453 847 aperta
488 785 554 828 uon
583 775 632 828 est
659 761 855 848 longitudine
883 767 983 850 magis
1003 787 1096 849 quam
1128 765 1332 831 obscuritate.
1376 768 1469 853 Ergo
1489 777 1525 830 nt
1545 778 1654 849 aperta

345 861 383 922 sit
402 859 545 923 narratio
563 870 595 921 et
610 859 827 941 intelligatur,
858 861 981 922 minime
998 861 1117 943 lainga,
1148 859 1266 936 idest,
1298 863 1403 924 brevis
1419 882 1486 925 csse
1509 863 1647 925 debebit.

342 955 535 1024 Praeterea,
570 951 689 1034 inquit,
728 961 762 1012 ut
783 963 922 1031 apertam
944 955 1113 1016 habeamus
1133 953 1363 1030 narrationem,
1387 955 1433 1018 uti
1452 955 1590 1020 dilucido
1613 976 1649 1018 ac

345 1049 382 1108 de
402 1045 555 1126 proximo
578 1045 679 1125 petito
701 1064 847 1106 sermone
869 1047 1030 1108 debemus.

423 1139 617 1202 Probabilis
637 1138 704 1199 erit
724 1138 900 1212 narratio,
923 1140 955 1201 si
976 1139 1012 1226 in
1037 1159 1082 1200 ea
1106 1139 1307 1202 uidebuntur
1340 1141 1449 1204 inesse
1473 1163 1529 1216 ea,
1562 1147 1673 1227 quue⁵

339 1237 448 1295 solent
468 1251 639 1312 apparere
655 1230 691 1292 in
706 1230 862 1310 ueritate]
906 1233 1081 1296 Secttudum
1102 1231 1242 1293 ordinem
1263 1232 1427 1296 divisionis
1442 1257 1534 1310 suae,
1559 1246 1649 1318 post·

339 1327 494 1408 quamde
515 1323 607 1386 brevi
621 1335 652 1385 et
674 1335 782 1404 aperta
799 1324 978 1386 narratione
999 1325 1162 1398 tractavit,
1187 1346 1269 1386 nnnc
1290 1326 1398 1407 incipit
1412 1329 1450 1389 de
1468 1327 1648 1389 narratione

338 1416 504 1500 probabili
525 1417 696 1496 disputare.
740 1416 943 1490 Probabilis,
966 1415 1084 1499 inquit,
1108 1417 1169 1479 erit
1193 1419 1351 1494 narratio,
1375 1418 1454 1481 siin
1476 1421 1650 1482 ealuerint

340 1513 389 1574 illa
417 1511 544 1583 omnia,
568 1508 681 1591 quibus
704 1510 787 1570 solet
810 1508 927 1570 veritas
949 1508 1105 1584 insaniri3
1136 1531 1204 1572 nant
1227 1509 1256 1572 in
1284 1509 1332 1572 bis
1350 1509 1470 1594 septeni
1491 1512 1592 1574 omnis
1610 1514 1648 1574 ad

340 1604 433 1664 tidem
465 1600 698 1684 argumentatio
734 1601 925 1664 continetur.
985 1603 1113 1682 Septem
1134 1603 1188 1666 illa
1213 1603 1395 1685 superiora,
1417 1604 1511 1688 quis,
1542 1604 1645 1688 pisid,
1660 1611 1691 1660 ¹⁰

339 1719 420 1769 cur,
436 1695 520 1770 ubi,
536 1693 693 1777 quando,
708 1694 1011 1776 quemadmodum,
1027 1695 1148 1778 quibus
1162 1695 1396 1771 adminiculis,
1414 1716 1521 1759 omnes
1537 1696 1649 1758 artium

341 1789 517 1870 scriptores
532 1797 706 1848 tractarunt
720 1799 752 1847 ct
765 1786 796 1847 in
811 1787 990 1868 praereptis
1004 1806 1130 1848 suarttm
1150 1789 1262 1850 artium
1281 1789 1483 1872 reliquerunt.
1525 1791 1648 1852 Verum

342 1883 463 1948 Cicero
483 1901 590 1942 remim
615 1899 653 1940 ae
671 1889 850 1960 temporum
876 1900 1146 1964 personarumque
1167 1881 1368 1944 considerans
1396 1893 1556 1956 naturam,
1593 1883 1649 1943 ad-

342 1975 418 2039 didit
434 1974 496 2037 illis
518 1972 664 2036 omnibus
681 1985 826 2035 octavam
846 1972 1058 2054 opinionem
1077 1985 1111 2036 et
1127 1983 1227 2038 recte.
1270 1975 1336 2038 Res
1357 1974 1438 2036 enim
1457 1994 1564 2037 omnes
1585 1993 1648 2036 non

342 2090 401 2152 per
421 2089 458 2130 se
488 2075 562 2128 scint
584 2085 643 2127 nec
664 2085 705 2127 ex
734 2074 846 2127 natura
875 2067 997 2142 valent,
1031 2069 1088 2130 sed
1115 2066 1286 2148 opinione;
1318 2087 1419 2149 neque
1452 2065 1532 2130 enim
1554 2073 1691 2150 quum¹⁵

344 2161 476 2223 dicimus
489 2159 657 2232 tunicam,
680 2178 739 2239 per
757 2157 905 2238 seipsam
919 2159 1123 2243 intelligimus
1138 2159 1271 2223 tunicam
1286 2179 1374 2235 esse,
1398 2181 1457 2244 qua
1480 2159 1649 2223 vestimur:

343 2258 398 2317 sed
416 2253 490 2336 quia
503 2262 611 2315 nostra
624 2254 714 2314 nobis
725 2251 876 2333 opinione
888 2273 1073 2334 persuasum
1091 2264 1157 2327 est,
1180 2273 1276 2335 quum
1291 2251 1479 2316 audierimus
1501 2251 1649 2326 tunicam,

343 2345 550 2428 intelligimus
556 2367 623 2408 rem
631 2365 713 2419 esse,
726 2366 788 2428 qua
798 2344 959 2408 vestimur.
974 2347 1017 2408 Et
1025 2343 1297 2428 reliquasimilitcr
1308 2344 1461 2429 colligere
1470 2367 1650 2428 possumus.

344 2442 437 2522 Ergo
450 2438 571 2503 Cicero
584 2438 688 2501 omnia
699 2437 791 2500 dixit.
820 2439 913 2502 Hanc
921 2459 1000 2501 vcro
1008 2438 1187 2520 opinionem
1199 2437 1228 2500 in
1241 2438 1342 2500 tribus
1350 2437 1472 2521 plenam
1482 2459 1551 2501 esse
1559 2437 1650 2512 elicita

343 2535 368 2595 si
376 2535 426 2606 id,
442 2531 679 2614 quoddieimus‚
696 2541 833 2594 anostra
848 2543 957 2594 natura
965 2532 1226 2606 nonabborreat,
1241 2528 1344 2604 idest,
1358 2533 1514 2596 abeorum
1526 2543 1648 2604 natura,
1660 2537 1693 2588 tt

343 2625 674 2709 proquibusagimus:
698 2624 817 2687 scilicet
828 2645 868 2686 ne
878 2625 917 2686 de
931 2623 1080 2705 pudicitia
1089 2623 1241 2706 agatleno
1252 2666 1262 2697 ,
1275 2624 1314 2684 de
1325 2625 1466 2686 castitate
1481 2621 1650 2697 meretrix3

343 2722 430 2803 qatod
447 2719 475 2781 si
493 2719 569 2793 liat,
591 2718 766 2802 probabilis
780 2715 919 2780 narratio
937 2738 1000 2779 non
1014 2717 1088 2780 erit.
1131 2715 1269 2792 Deinde,
1286 2728 1322 2778 ut
1334 2716 1376 2790 id,
1390 2715 1615 2799 quodagimus,
1632 2735 1652 2776 a

342 2811 456 2895 populi
477 2831 567 2874 more
594 2831 656 2873 non
679 2812 869 2882 abhorreat:
906 2809 1025 2872 scilicet
1045 2829 1086 2870 ne
1106 2819 1220 2872 contra
1246 2807 1503 2872 consuetudinem
1526 2808 1651 2870 studien-

343 2905 418 2967 tium
439 2901 602 2986 loquarisa
638 2901 666 2966 si
688 2904 770 2985 apud
799 2904 962 2967 Romanos
983 2921 1093 2964 narres
1119 2910 1229 2964 contra
1250 2901 1417 2976 iustitiam,
1453 2912 1483 2963 et
1512 2900 1538 2964 si
1566 2903 1649 2982 apud

344 2999 479 3078 Scythas
497 3015 603 3059 mores
624 2996 779 3059 barbaros
798 2996 1026 3077 reprehendas.
1069 2995 1258 3069 Postremo,
1283 2993 1310 3056 si
1333 2993 1383 3069 id,
1407 2996 1493 3078 quod
1515 2992 1648 3078 agimus,
1660 2999 1693 3048 2⁵

343 3111 413 3152 cura
434 3109 566 3162 eorum,
588 3087 766 3170 quicunque
787 3087 1116 3161 utinamutinam,
1140 3086 1290 3170 opinione
1309 3085 1497 3151 consentiat.
1539 3089 1651 3170 Itaque

343 3181 555 3246 narrationem
586 3179 784 3262 probabilem
815 3201 883 3244 esse
908 3179 1003 3254 dicit,
1040 3179 1068 3243 si
1097 3179 1131 3242 in
1155 3201 1192 3243 ea
1224 3179 1287 3242 siut
1312 3191 1430 3260 septem
1452 3180 1522 3244 illa:
1553 3181 1650 3265 quis,

343 3275 444 3358 quid,
467 3295 548 3347 cur,
571 3273 648 3347 ubi,
669 3272 826 3356 quaudo,
847 3273 1156 3357 quemadmodum,
1179 3273 1301 3357 quibus
1316 3272 1544 3336 adminiculis.
1589 3275 1652 3336 Sed

344 3388 440 3450 quum
461 3365 565 3430 omnia
589 3367 641 3428 blc
665 3364 825 3445 posuerit,
861 3385 955 3428 imum
973 3387 1036 3429 non
1063 3366 1187 3448 posuit,
1229 3365 1348 3441 idest,
1383 3367 1526 3440 modum,
1564 3367 1652 3449 quod

344 3471 410 3534 cst,
440 3458 748 3542 quemadmodum:
771 3467 805 3519 et
824 3468 912 3520 recte
933 3461 1059 3522 modum
1081 3459 1164 3522 inter
1186 3471 1355 3540 praecepta
1377 3460 1551 3540 probabitis
1579 3466 1695 3522 nar-tu

343 3553 477 3615 raucius
498 3572 562 3614 nou
583 3541 712 3633 posuit.¹
759 3551 833 3612 Non
855 3549 988 3614 enimin
1012 3554 1108 3615 modo
1129 3553 1207 3616 {ides
1229 3552 1283 3626 lit,
1313 3555 1369 3615 aed
1389 3551 1488 3635 magis
1509 3553 1652 3616 mcuesis

343 3644 497 3708 cuminis.
541 3645 586 3707 Et
604 3641 752 3728 quioniam
772 3655 940 3726 praecepta
961 3645 1042 3707 baec
1062 3657 1094 3707 et
1116 3648 1155 3707 ad
1171 3645 1401 3710 coniecturam
1417 3647 1653 3708 accommodata

343 3749 451 3812 eraut,
475 3737 529 3800 ubi
547 3739 665 3800 iactum
688 3749 843 3818 negatur,
862 3736 976 3802 merito
996 3739 1106 3802 modus
1128 3758 1196 3801 esse
1217 3758 1280 3801 non
1303 3737 1427 3812 debuit,
1452 3737 1523 3820 quia
1543 3737 1653 3800 modus
1673 3729 1676 3738 ’

344 3851 407 3894 non
428 3831 607 3904 exctatitur,
644 3829 704 3891 nisi
724 3831 840 3892 lactum
869 3830 1067 3893 conceditur.
1127 3831 1231 3908 Quum
1258 3843 1361 3894 autem
1385 3829 1416 3892 in
1437 3828 1651 3902 coniectura,

345 3923 398 3987 abi
417 3923 536 3986 lactum
552 3934 704 4006 negatur,
742 3922 872 3986 omnino
890 3943 961 3987 esse
975 3943 1038 3987 non
1054 3924 1190 4004 poterit,
1216 3924 1314 3987 multo
1333 3925 1432 4006 magis
1448 3922 1522 3984 alibi
1541 3923 1653 3984 modus
1665 3927 1697 3980 ³5

345 4039 407 4082 non
433 4016 510 4080 erit.
563 4017 599 4080 Si
628 4029 729 4079 antem
756 4016 788 4078 in
815 4013 946 4100 reliquis
972 4017 1118 4080 statibus
1143 4015 1257 4091 luerit,
1292 4016 1435 4080 meria
1462 4015 1536 4080 facti
1569 4015 1652 4090 erit,

346 4131 410 4173 aon
433 4108 610 4191 probabilis
631 4107 846 4192 [narrationis]
869 4109 1044 4190 expositio.
1087 4111 1181 4192 Ergo
1203 4110 1253 4173 hic
1283 4109 1442 4172 videamus
1463 4121 1581 4190 septem
1603 4107 1655 4170 illa

347 4203 466 4287 absque
496 4202 570 4266 solo
599 4205 708 4266 modo.
751 4202 914 4276 Persona,
945 4202 973 4264 si
1003 4223 1208 4284 personarum
1240 4201 1406 4285 dignitates
1432 4203 1655 4264 servabuntur.

347 4293 470 4372 Causa,
506 4295 535 4358 si
565 4315 679 4358 causae
704 4294 862 4358 sactorum
891 4296 1073 4357 exstabunt.
1117 4294 1283 4368 Facilitas,
1322 4295 1347 4357 si
1369 4293 1468 4358 luisse
1491 4293 1654 4356 lactiltates

348 4389 547 4452 videbuntur.
591 4391 757 4470 Tempus,
787 4387 815 4451 ai
835 4399 958 4470 tempus
978 4388 1138 4452 idoneum.
1181 4389 1311 4462 Locus,
1336 4387 1363 4450 si
1383 4387 1473 4452 laetu
1497 4397 1654 4466 oppurtu-
1667 4407 1698 4459 qn

349 4501 419 4544 aus.
476 4481 648 4544 Videamus
674 4493 706 4544 et
727 4479 927 4563 opinionem,
957 4501 1039 4563 quae
1059 4480 1109 4542 bis
1131 4481 1275 4544 omnibus
1299 4499 1427 4564 quoque
1453 4500 1471 4540 a
1498 4477 1654 4542 Cicerone

1487 4585 1651 4596 -ι--ιι-

423 4639 467 4692 ss.
487 4639 563 4705 quta,
592 4631 673 4704 qutd,
696 4651 762 4700 eur,
790 4633 836 4686 nst
863 4635 929 4702 cen]
960 4631 1125 4687 Huiusmodi
1145 4637 1366 4687 circumstantias
1397 4629 1514 4684 includit
1539 4629 1656 4702 vulgaris

350 4707 394 4761 ille
413 4725 522 4762 versun

494 4783 581 4854 Quis,
598 4781 681 4854 qud,
698 4781 753 4848 att,
772 4783 869 4854 qulbus
886 4781 1018 4846 auxiliis,
1036 4799 1101 4848 eur,
1120 4781 1269 4853 quomodo,
1287 4779 1405 4852 quando.
1424 4779 1507 4834 carr.

420 4859 466 4916 ¹9.
485 4857 572 4927 dicit]
590 4857 642 4910 (ἑά.
662 4859 725 4912 Bas.
745 4884 779 4902 .-
797 4858 864 4910 dtcs't
883 4855 951 4910 Edd.
971 4857 1024 4910 Oa.

420 4935 467 4992 52.
485 4936 685 5000 coniecturum]
717 4931 830 4985 Statum
858 4931 981 5006 lntellige
999 4931 1233 4996 aamecturnlem,
1253 4929 1299 4984 nbi
1319 4929 1424 4986 scilieet
1444 4927 1478 4983 de
1498 4927 1571 4982 lacto
1590 4945 1659 4998 qun·

347 5009 420 5074 plana
438 5011 565 5076 quaestio
584 5012 751 5062 instituitur.
770 5010 854 5061 cm.

422 5085 469 5142 33.
487 5083 581 5148 erunt]
602 5079 653 5136 cd.
673 5085 733 5136 sau.
754 5083 817 5136 Aac.
836 5109 874 5124 -
892 5087 974 5130 eruut
992 5080 1066 5135 Ceu.
1085 5079 1140 5134 Oa.

421 5159 469 5216 st.
487 5169 527 5209 ra
545 5172 599 5210 om.
618 5161 795 5210 narrationis
813 5155 864 5211 cd.
884 5153 948 5208 su.
968 5153 1023 5210 Oa.
