4434 5959
535 580 575 645 96
1022 588 1309 655 vlcTottltttts

535 724 697 789 Credibile
718 737 799 800 est,
817 726 937 813 inquit,
971 740 1209 810 argumentum,
1244 728 1328 813 qnod
1359 748 1418 809 per
1448 747 1483 790 se
1511 726 1613 809 ipsunt
1642 726 1735 791 fidem
1763 726 1842 791 lacit

534 838 640 899 neque
658 820 697 879 ad
720 821 914 899 probandum
934 821 1091 882 desiderat
1105 833 1234 895 testem,
1258 824 1314 883 aed
1327 821 1421 884 facile
1440 842 1535 905 quum
1551 821 1708 902 prolatum
1725 820 1839 895 suerit,

517 911 616 990 apud
637 910 817 989 opinionem
842 922 873 972 et
895 912 1076 975 seutentiam
1098 912 1210 975 iudicis
1232 916 1446 993 persuadetur.
1491 912 1567 975 Hoc
1581 913 1729 975 credibile
1745 914 1778 975 in
1801 932 1841 975 eo

533 1022 601 1063 esse
633 1002 788 1076 diximus,
822 1006 909 1087 quod
931 1004 996 1067 lere
1017 1006 1099 1068 solet
1121 1006 1208 1078 ficri;
1242 1018 1273 1069 et
1296 1027 1405 1068 rursus
1431 1004 1463 1068 in
1488 1004 1645 1068 attributis
1671 1024 1841 1085 personae.

508 1094 582 1159 atta
605 1095 633 1156 in
655 1097 813 1177 exemplo,
837 1099 924 1177 quod
937 1098 1074 1159 subdidit
1096 1096 1236 1173 Cicero,
1261 1109 1426 1179 utrumque
1446 1098 1626 1161 videamus:
1649 1118 1746 1161 nemo
1767 1110 1838 1173 est,

532 1186 649 1270 inquit,
683 1190 742 1272 qui
763 1211 828 1258 non
851 1191 975 1253 liberos
996 1212 1079 1254 auos
1102 1191 1289 1253 incolumes
1310 1202 1343 1252 et
1364 1191 1481 1253 beatos
1502 1211 1575 1253 esse
1596 1190 1722 1272 cupiat.
1767 1188 1842 1252 Uti·

532 1302 593 1363 que
616 1292 647 1343 et
667 1282 750 1343 solet
772 1282 858 1357 lieri,
883 1293 916 1344 ut
938 1304 1030 1346 nemo
1051 1281 1111 1357 sit,
1135 1284 1273 1367 quinon
1297 1295 1378 1345 amet
1399 1283 1517 1347 liberos
1538 1292 1637 1357 snos}
1653 1295 1683 1346 et
1705 1281 1841 1345 attribu·

533 1385 596 1436 tutu
618 1393 773 1455 personae
795 1389 863 1451 est,
893 1374 925 1437 id
948 1385 1013 1451 est,
1036 1376 1202 1451 fortunae,
1234 1377 1320 1461 quod
1342 1374 1432 1439 liberi
1452 1374 1669 1449 nominantnr;
1701 1385 1732 1438 et
1753 1376 1841 1459 quod

531 1466 592 1542 ait,
616 1488 714 1529 nemo
734 1479 797 1530 eat.
853 1492 858 1503 ·
1542 1512 1547 1523 ·

490 1572 537 1621 tt·
613 1560 806 1624 indicatum
827 1570 878 1643 est
898 1558 955 1623 res
975 1562 1170 1625 &censione
1184 1575 1244 1626 aut
1258 1560 1461 1625 auctoritate
1475 1572 1537 1623 aut
1551 1558 1679 1623 iudicio
1692 1560 1840 1625 clicerius

529 1663 592 1714 aut
611 1654 804 1735 aliquorum
824 1652 1056 1734 comprobata]
1101 1656 1274 1719 ludicaturn
1296 1655 1328 1717 in
1353 1654 1389 1717 iis
1411 1653 1591 1735 posuimus,
1615 1674 1695 1735 quae
1714 1664 1840 1737 gestum

530 1744 692 1827 negotium
718 1757 967 1826 consequuntur.
1009 1747 1221 1811 Indicarum.-
1252 1748 1370 1830 inquit,
1393 1759 1443 1811 est
1465 1768 1521 1811 res
1542 1758 1605 1808 cet.
1647 1747 1712 1810 Iam
1735 1757 1766 1809 et
1787 1748 1840 1809 hic

531 1836 562 1899 iu
587 1837 644 1898 tria
667 1836 771 1899 divisit
793 1837 974 1899 iudicatum.
1018 1841 1099 1901 Nam
1120 1840 1262 1904 assensio
1288 1840 1318 1902 in
1340 1839 1496 1923 religione
1518 1851 1585 1913 est;
1609 1839 1783 1903 auctoritas
1804 1841 1838 1902 in

530 1929 703 2003 communi3
726 1928 871 1991 iudicium
893 1930 924 1991 in
947 1934 1139 2012 approbato.
1165 1934 1200 1997 ln
1215 1934 1273 1996 tria
1292 1933 1372 1996 enim
1389 1932 1552 1995 iudicatum
1569 1931 1692 2005 divisim
1714 1932 1744 1995 in
1760 1932 1838 1995 reli-

488 2036 518 2085 st
530 2024 673 2106 giosum,
696 2020 727 2083 in
747 2043 929 2095 commune,
955 2024 984 2085 in
1008 2030 1230 2105 approbatum.
1262 2026 1459 2109 Religiosum
1476 2037 1543 2100 est,
1566 2024 1687 2109 inquit,
1712 2025 1838 2109 siquid

529 2119 569 2178 de
590 2136 625 2178 re
647 2116 749 2199 aliqua
771 2116 863 2177 iurati
884 2113 1002 2178 iudices
1023 2117 1218 2182 iudicarunt:
1257 2132 1289 2182 et
1310 2119 1383 2183 ideo
1405 2118 1609 2203 religiosum,
1646 2117 1718 2200 quia
1740 2117 1838 2183 iurati

528 2207 768 2283 iudicaverunt,
792 2210 879 2291 quod
901 2209 1043 2272 assentiri
1065 2234 1123 2276 nos
1146 2233 1272 2275 necesse
1294 2224 1354 2276 est.
1400 2212 1696 2275 Animadvertamus
1717 2222 1836 2289 tamen,

528 2313 563 2363 ut
583 2299 744 2366 iudiciumne
756 2313 878 2384 gestum
900 2304 1059 2387 negotium
1082 2324 1206 2387 sernper
1228 2315 1452 2387 consequatur.
1706 2304 1708 2309 ’

611 2398 793 2484 Commune
821 2407 890 2470 est,
927 2397 1018 2479 quod
1049 2418 1165 2460 omnes
1195 2400 1295 2480 uulgo
1319 2396 1524 2479 probarunt]
1569 2394 1743 2461 Commune
1765 2406 1832 2473 est,

461 2486 646 2574 adinquit,
683 2491 770 2572 qnod
802 2510 842 2551 ex
872 2511 959 2551 more
986 2489 1076 2573 vulgi
1107 2490 1181 2553 iusti
1203 2492 1419 2555 auctoritatem
1450 2500 1553 2553 tenet:
1587 2499 1622 2551 ut
1644 2508 1771 2557 necesse
1793 2489 1836 2551 sit

527 2579 699 2643 maioribus
731 2594 805 2643 natu
834 2581 979 2665 assurgi,
1016 2594 1049 2644 ut
1075 2583 1250 2663 supplicum
1280 2582 1444 2645 misereri:
1478 2584 1554 2645 haee
1580 2593 1612 2643 ut
1642 2601 1832 2661 sequamur,

526 2674 676 2737 babemus
699 2674 786 2758 vulgi
808 2674 1037 2739 auctoritatem.
1082 2676 1203 2739 Deinde
1225 2677 1288 2739 hoc
1310 2677 1401 2739 etiam
1424 2675 1721 2747 animadvertamus,
1746 2676 1835 2755 quod

527 2758 726 2831 consuetudo
754 2786 961 2852 quaecunque
987 2790 1055 2830 rem
1084 2789 1209 2849 semper
1234 2766 1367 2849 aliquam
1389 2778 1614 2851 consequatur.
1671 2768 1759 2831 luter
1780 2768 1831 2842 id,

527 2864 613 2944 quod
634 2861 703 2925 sere
725 2864 804 2924 solet
826 2862 913 2936 lieri,
953 2874 984 2923 et
1005 2861 1169 2925 cotnmuoe
1191 2863 1255 2925 boe
1283 2862 1433 2925 interest:
1466 2861 1515 2937 id,
1554 2862 1641 2944 quod
1660 2860 1728 2923 sere
1749 2860 1834 2923 solet

484 2954 613 3030 ttfieri,
637 2978 677 3017 ex
700 2958 831 3039 quadam
854 2966 967 3017 natura
989 2965 1055 3029 est;
1078 2976 1242 3019 eomnume
1262 2954 1401 3019 iudicato
1423 2953 1602 3037 stringitur.

609 3050 844 3131 Approbatum
871 3060 941 3124 eat,
977 3048 1069 3133 quod
1089 3048 1255 3124 homines,
1290 3069 1395 3131 quum
1424 3046 1564 3109 dubium
1588 3058 1694 3121 esset,
1731 3048 1833 3131 quale

525 3140 643 3205 baberi
670 3152 860 3223 oporteret,
899 3162 964 3203 sua
992 3141 1070 3220 cet.]
1113 3140 1338 3224 Approbatum
1361 3151 1431 3215 est,
1467 3138 1584 3223 inquit,
1623 3141 1710 3223 quod
1734 3162 1832 3223 qutun

526 3234 652 3296 dubium
674 3247 756 3297 esset
778 3235 861 3297 circa
883 3234 1060 3315 qualitatem
1083 3238 1196 3301 bonam
1222 3234 1389 3309 malamve,
1414 3235 1453 3295 ad
1476 3254 1566 3294 unam
1587 3244 1707 3316 partem
1730 3232 1832 3296 botni-

526 3348 581 3389 nes
602 3327 845 3389 inclinaverunt.
888 3329 952 3403 Ut,
983 3327 1101 3411 iuquit,
1136 3350 1230 3414 quum
1260 3348 1404 3391 sororem
1435 3326 1589 3389 Horatius
1611 3325 1777 3389 occidisset
1799 3336 1833 3389 et

483 3422 564 3482 tt'de
586 3419 671 3482 iacto
695 3418 761 3481 eius
783 3419 920 3501 populus
941 3431 1023 3482 essct
1044 3420 1201 3497 incertus,
1224 3431 1326 3483 tamen
1349 3420 1511 3484 absolutus
1529 3431 1589 3483 est.
1631 3419 1772 3483 Deinde:
1797 3430 1832 3481 ut

530 3510 677 3576 Tiberius
710 3512 894 3587 Gracchus,
932 3534 1027 3596 quum
1056 3534 1170 3577 censor
1204 3512 1352 3577 insciente
1385 3512 1508 3595 collega
1538 3514 1690 3597 quosdam
1718 3521 1832 3575 senatu

522 3603 674 3668 movisset
701 3606 790 3667 etde
812 3603 877 3668 eius
898 3605 984 3668 {acto
1006 3606 1222 3681 dubitaretur,
1245 3619 1355 3687 postea
1371 3617 1473 3667 tamen
1498 3606 1563 3668 eius
1584 3605 1702 3668 sactum
1720 3624 1827 3686 popu·

525 3699 574 3761 lus
596 3697 810 3779 approbavit:
854 3718 924 3759 nam
945 3718 1014 3762 eum
1031 3698 1191 3761 consulem
1213 3697 1300 3763 lecit.
1330 3700 1393 3765 ⁴lta
1414 3697 1600 3781 religiosum
1618 3710 1648 3760 et
1662 3716 1830 3760 commune

525 3802 557 3855 et
577 3794 813 3873 approbatum,
847 3791 920 3874 qnia
941 3791 972 3854 in
993 3790 1135 3864 iudicato,
1150 3802 1240 3868 aunt,
1279 3801 1401 3875 gestum
1424 3812 1549 3873 semper
1569 3790 1730 3875 negotium
1752 3810 1833 3853 eon-

482 3892 711 3968 ³⁵sequnntur.

606 3977 840 4060 Comparabilc
854 3987 1054 4051 eademst,
1076 3976 1169 4061 quod
1189 3976 1224 4041 in
1245 3977 1342 4041 raum
1358 3977 1499 4041 diversis
1514 3974 1661 4041 similem
1678 3974 1840 4059 aliquam

521 4070 691 4135 rationem
718 4071 879 4151 eontinet]
922 4070 1049 4137 Dictum
1072 4083 1120 4133 est
1141 4070 1200 4133 iam
1227 4071 1398 4152 designo,
1437 4072 1476 4133 de
1497 4068 1657 4143 credibili,
1692 4069 1730 4129 de
1748 4066 1830 4131 iudi·

522 4176 617 4227 catot
654 4175 752 4228 restat
773 4176 966 4240 extremum,
1003 4175 1038 4227 nt
1066 4166 1105 4227 de
1134 4164 1341 4247 comparabili
1370 4166 1463 4227 dicat.
1508 4160 1731 4243 comparabile
1759 4171 1828 4235 est,

522 4261 608 4339 quod
629 4279 681 4321 res
702 4258 837 4321 interae
859 4257 1002 4321 diversas
1025 4257 1127 4341 aliqua
1148 4257 1272 4321 ratione
1294 4256 1468 4341 coniungit.
1512 4258 1602 4319 Haeo
1617 4254 1828 4335 comparatio,

479 4350 639 4424 trident,
673 4350 863 4427 similitudo,
897 4362 1005 4432 partes
1027 4352 1120 4413 habet
1142 4361 1226 4425 tres;
1249 4349 1433 4434 imaginem,
1464 4370 1557 4433 quam
1580 4347 1699 4411 Graeci
1719 4342 1830 4413 εἰκόνα

521 4441 698 4524 appellant3
720 4444 941 4519 collationem,
965 4464 1056 4527 qnam
1080 4444 1196 4509 Graeci
1216 4438 1412 4530 παραβολήν
1434 4442 1607 4524 appellantt
1637 4437 1827 4519 exemplum·

522 4538 610 4620 quod
631 4536 748 4599 Graeci
767 4532 978 4626 παράδειγμα
998 4536 1169 4617 appellant.
1194 4537 1306 4621 Imago
1328 4548 1375 4601 est
1390 4536 1495 4599 oratio
1510 4534 1592 4597 circa
1607 4554 1658 4595 res
1674 4534 1828 4608 diversas,

593 4743 639 4797 29.
657 4758 737 4810 quum
755 4756 882 4791 sororem
899 4740 969 4809 cen]
997 4732 1080 4793 Prius
1106 4735 1159 4791 boc
1188 4736 1341 4811 exemplum
1367 4752 1423 4789 nou
1442 4749 1530 4789 exstat
1551 4730 1632 4787 hodic
1651 4736 1680 4787 ln
1699 4730 1828 4787 Tulliano

523 4832 664 4877 contextu.
685 4815 766 4866 Care.
976 4876 980 4883 Ι

592 4896 638 4951 51.
656 4898 688 4942 ut
707 4888 834 4940 Tiberius
852 4884 1005 4954 Gracchus]
1026 4888 1166 4941 Posterius
1187 4884 1414 4960 hoccscmplnm
1439 4882 1531 4959 paullo
1551 4883 1631 4937 aliter
1650 4886 1711 4957 lpse
1730 4884 1760 4934 ln
1780 4880 1829 4935 ct-

518 4982 617 5019 eerone
635 4964 744 5036 legitur.
765 4962 848 5015 Care.

592 5044 638 5101 52.
655 5039 784 5110 quosdam
804 5044 902 5088 senatu
920 5038 1063 5101 movisset]
1085 5034 1231 5106 Perperam
1250 5032 1390 5107 legebatur
1409 5032 1475 5088 ollm
1495 5036 1525 5085 in
1543 5040 1646 5085 senatu
1664 5036 1761 5097 (etiarn
1775 5028 1827 5086 ed.

518 5098 595 5185 das.)
614 5120 687 5185 (Ate.
700 5122 740 5184 et)
758 5112 922 5167 Basileeosls
935 5111 1020 5163 editio
1034 5108 1115 5163 babet
1129 5100 1262 5179 crematis,
1279 5125 1336 5163 nnn
1349 5108 1428 5163 male.
1439 5108 1521 5165 Care.
1543 5110 1645 5178 (lmmo
1659 5107 1740 5161 male.
1759 5110 1827 5175 Οι.)
