4434 5959
540 620 581 684 46
655 685 662 698 ,
958 673 964 696 ,
1045 619 1332 688 ἮῦΤΟΒΙΝΠὸ

598 769 602 776 ’
624 763 684 828 Ειι
704 763 977 846 comparatione,
1001 761 1036 826 in
1057 782 1127 846 qna
1146 783 1208 842 per
1228 761 1493 837 contentionem,
1516 774 1632 826 astrum
1651 763 1769 848 potius
1782 775 1849 828 aut

539 855 624 942 quid
640 855 859 939 potissimum
879 855 946 932 ait,
975 855 1167 939 queaeritu‘r]
1191 855 1311 916 Verum
1334 854 1382 916 bis
1404 855 1502 931 locis,
1526 877 1604 939 quse
1626 858 1843 934 tractabimus,

539 949 609 1032 ipse
630 948 719 1011 etiam
742 947 858 1013 Cicero
879 949 1047 1030 perspicua
1068 947 1211 1029 exempla
1234 947 1399 1028 supponit.

622 1042 755 1108 Deinde
775 1041 1058 1104 consulerandum
1078 1053 1149 1116 est,
1183 1041 1219 1102 in
1241 1041 1374 1128 ratione
1402 1061 1447 1104 ars
1475 1043 1512 1105 in
1540 1042 1669 1126 scripto
1698 1041 1744 1105 eit
1763 1061 1848 1106 con-

515 1136 721 1215 straversia]
763 1133 890 1211 Primo,
913 1133 1034 1218 inquit,
1058 1133 1242 1199 constitutio
1263 1134 1445 1198 invenienda
1468 1147 1526 1198 est.
1558 1137 1714 1208 Secundo,
1738 1146 1845 1199 utrum

541 1249 634 1291 casua
655 1227 694 1290 sit
714 1227 847 1307 simplex
873 1249 911 1288 an
932 1227 1048 1290 istncta.
1092 1227 1224 1301 Tertio,
1256 1227 1285 1289 in
1308 1226 1437 1291 ratione¹
1459 1249 1495 1290 an
1518 1227 1549 1290 in
1564 1229 1686 1309 scripto
1707 1227 1747 1290 sit
1767 1249 1847 1290 con·

539 1321 711 1385 troversia.
754 1321 911 1402 Scriptum
933 1341 996 1384 nou
1018 1332 1137 1383 tantum
1159 1320 1245 1406 leges
1264 1318 1471 1401 accipiamus,
1495 1325 1551 1384 sed
1573 1333 1604 1383 et
1625 1331 1750 1383 senatus
1767 1341 1847 1386 con·

540 1415 655 1480 sultuna
675 1425 708 1477 et
735 1423 949 1476 testamentum
972 1423 1004 1476 ct
1025 1417 1122 1476 rerba
1144 1415 1212 1478 sola
1236 1424 1267 1476 et
1288 1414 1382 1476 multa
1406 1413 1594 1479 huiusmodi.
1637 1415 1741 1478 Huius
1763 1413 1846 1478 scri·

540 1505 657 1590 ptionis
679 1527 794 1591 genera
816 1517 888 1570 sssnt
909 1506 1063 1591 quinque,
1093 1519 1128 1569 ut
1148 1507 1216 1589 ipse
1236 1507 1370 1588 primum
1393 1509 1508 1582 rebus,
1531 1506 1642 1570 deinde
1664 1507 1845 1571 nominibus

498 1599 704 1675 ,eniienim
726 1599 756 1662 in
778 1610 844 1674 est,
870 1598 1004 1681 primum
1026 1601 1191 1683 scriptum
1212 1611 1246 1662 et
1266 1603 1436 1675 noluntas,
1461 1602 1628 1663 secundum
1651 1603 1743 1682 leges
1763 1620 1845 1664 con-

541 1694 689 1768 trariae,
720 1693 847 1755 tertium
879 1691 1103 1774 ambiguitas,
1140 1704 1281 1777 quartum
1315 1693 1466 1758 collectio
1494 1693 1561 1756 sire
1597 1693 1845 1767 ratiocinatio,

540 1787 681 1872 quintum
702 1784 862 1863 definitio
882 1786 1026 1867 legalis,
1051 1796 1086 1846 ut
1107 1797 1154 1848 est
1175 1785 1206 1847 in
1230 1784 1429 1849 Caeciniana.

623 1884 726 1947 Ratio
746 1891 797 1943 est
817 1891 948 1952 nauem,
972 1900 1076 1963 quum
1093 1878 1209 1942 'omnis
1230 1879 1383 1963 quaestio
1404 1899 1471 1942 non
1493 1878 1529 1942 in
1550 1877 1749 1962 scriptione,
1784 1879 1848 1942 sed

539 1975 577 2040 in
596 1975 714 2058 aliqua
732 1971 1031 2054 argumentatione
1051 1969 1220 2051 consistit]
1262 1971 1340 2035 Ideo
1363 1972 1425 2034 ait:
1448 1993 1552 2055 quum
1566 1971 1675 2034 omnis
1689 1973 1847 2055 quaestio

499 2079 608 2133 tinen
628 2070 663 2132 in
685 2051 889 2149 scriptione,
912 2065 972 2128 aed
992 2065 1028 2127 in
1047 2065 1164 2151 aliqua
1184 2066 1479 2148 argumentatione
1497 2065 1672 2138 consistit,
1695 2063 1845 2147 quoniam

539 2174 572 2227 ct
591 2161 674 2226 satio
695 2159 896 2241 scriptionem
917 2159 1031 2232 habet,
1061 2167 1092 2220 et
1113 2159 1243 2240 scriptio
1265 2158 1438 2234 rationem,
1468 2163 1522 2222 sed
1544 2179 1613 2220 crim
1636 2156 1850 2220 auctoritates

540 2255 656 2340 quippe
685 2275 727 2331 cp
747 2251 887 2333 scripta,
921 2250 955 2314 ia
975 2262 1045 2326 est,
1078 2271 1120 2314 ex
1141 2263 1326 2316 testamento
1352 2253 1403 2316 val
1426 2253 1497 2336 lege
1521 2251 1705 2315 venientem.
1750 2250 1846 2334 Ergo

539 2348 665 2431 (iuquit)
686 2346 768 2409 ratio
789 2355 855 2420 cst,
878 2367 973 2429 quum
995 2365 1065 2420 ses,
1089 2367 1170 2429 qliae
1190 2346 1220 2408 in
1239 2345 1442 2409 contentione
1463 2356 1627 2420 versatur,
1650 2362 1713 2406 non
1735 2340 1766 2404 in
1787 2363 1847 2406 au-

540 2440 688 2506 ctoritate
709 2438 805 2522 legis,
829 2438 937 2500 sedin
958 2437 1228 2522 argumentatione
1250 2451 1406 2502 versatur.

495 2548 530 2599 2⁰
622 2537 674 2598 Ac
694 2541 767 2596 &sm
792 2531 1007 2595 considerato
1033 2551 1157 2615 genere
1185 2533 1322 2612 emmae]
1375 2533 1536 2614 Reperio,
1569 2528 1689 2616 inquit,
1727 2549 1847 2612 genere

541 2625 687 2690 materiae
715 2634 747 2688 ct
776 2624 1023 2700 constitutione,
1061 2634 1092 2686 ct
1121 2643 1213 2686 carisa
1245 2635 1348 2687 ιιιιιιιιι
1375 2623 1509 2704 simplex
1531 2643 1570 2687 an
1592 2624 1694 2685 iuncta
1717 2622 1775 2697 sit,
1813 2633 1848 2686 et

540 2721 609 2803 ipsa
631 2738 723 2781 causa
743 2716 853 2800 scripti
880 2736 918 2778 an
940 2715 1071 2778 rationis
1098 2716 1211 2778 habeat
1239 2719 1509 2791 controversiam
1546 2715 1656 2779 deinde
1677 2717 1846 2780 videndum

539 2823 606 2888 cst,
630 2832 709 2897 quac
731 2809 772 2873 sit
792 2808 965 2895 quaestio,
997 2829 1076 2892 qtsac
1097 2808 1207 2883 ratio,
1231 2801 1515 2912 quaeoiuiiicatio,
1540 2811 1623 2894 quotl
1637 2809 1849 2887 firmamen-

537 2917 623 2970 tum.
668 2907 790 2968 Vcrnm
821 2905 860 2964 dc
889 2901 937 2964 his
965 2901 1023 2964 tria
1054 2901 1223 2983 praecipue
1245 2913 1316 2966 sunt
1338 2901 1368 2964 in
1392 2903 1476 2966 o'mni
1497 2923 1608 2966 causac
1630 2922 1747 2986 genere
1768 2923 1847 2983 per·

495 2997 707 3086 asquireoia:
723 2998 990 3076 firmamentum
1011 3014 1089 3057 vero
1110 3015 1246 3077 perraro
1267 2995 1445 3058 adhibetur.
1498 2996 1541 3059 Et
1562 2995 1589 3059 si
1610 2997 1733 3080 quando
1756 2995 1848 3058 adhi-

438 3105 442 3112 “
538 3095 650 3170 betur,
685 3111 813 3156 neccsse
835 3102 882 3153 est
904 3100 957 3154 ant
977 3090 1009 3151 iu
1030 3089 1165 3150 themate
1186 3090 1227 3152 sit
1248 3100 1301 3152 aut
1321 3089 1353 3151 in
1375 3087 1525 3153 historias
1556 3088 1631 3151 alias
1652 3091 1777 3150 lemma
1797 3086 1849 3150 ‹li-

537 3185 639 3263 citur,
673 3185 790 3261 idest,
828 3184 940 3247 salsum
969 3193 1198 3267 argumentum.
1249 3183 1341 3264 Ergo
1371 3179 1428 3243 tria
1450 3179 1503 3243 illa
1525 3181 1591 3245 sinc
1613 3179 1850 3244 intermissione

538 3277 654 3360 ubique
675 3277 863 3360 inspicienda
885 3287 975 3350 sunt;
997 3277 1030 3337 ia
1051 3284 1118 3348 est,
1137 3273 1315 3357 ¹quaestio,
1339 3273 1449 3347 ratio,
1473 3273 1650 3337 iudicatio.
1680 3273 1849 3356 Quaestio

537 3380 604 3447 est,
627 3390 707 3454 quae
722 3370 860 3432 nascitur
880 3389 919 3432 ex
942 3366 1178 3441 constitutione,
1203 3377 1236 3427 ut
1257 3377 1304 3428 est
1319 3365 1413 3429 illud:
1437 3369 1560 3431 Iurene
1580 3366 1752 3430 occiderit.
1775 3369 1850 3432 lia·

495 3462 588 3530 totio
609 3474 680 3538 est,
703 3482 785 3546 quac
808 3461 885 3524 lacit
912 3459 1184 3524 controversiam:
1223 3469 1379 3542 utputa,
1417 3459 1535 3523 Occidi
1555 3459 1734 3534 Clodium,
1760 3481 1850 3544 pro·

611 3662 638 3718 l.
664 3665 694 3713 in
721 3665 848 3726 ratione,
866 3675 907 3710 aa
929 3661 958 3708 in
979 3659 1096 3728 scripto]
1127 3654 1233 3712 attudu
1257 3655 1290 3710 ad
1314 3657 1450 3731 vulgatam
1477 3666 1602 3710 statuum
1627 3660 1789 3712 divisionem
1816 3663 1849 3712 in

536 3735 680 3816 νομικόν,
698 3735 833 3804 legalem,
853 3742 882 3786 et
900 3733 1038 3810 λογικόν,
1059 3733 1236 3786 rationalem.
1267 3731 1334 3786 Vide
1356 3733 1524 3802 Quietilian.
1545 3733 1608 3787 Lib.
1627 3739 1653 3794 5.
1672 3749 1698 3787 c.
1717 3738 1743 3791 6.
1761 3734 1849 3788 Cass.

609 3811 637 3869 6.
655 3841 694 3855 -
710 3815 860 3866 semuncta
878 3805 929 3862 Cd.
947 3807 1011 3860 Bas.
1032 3807 1086 3860 Os.
1359 3856 1361 3866 ‚

611 3891 638 3946 8.
656 3884 744 3936 verba
760 3886 833 3954 sola]
854 3887 931 3954 Quae
950 3881 1057 3934 scilicet
1075 3885 1104 3934 in
1125 3885 1289 3952 scripturam
1308 3900 1365 3937 nnn
1384 3880 1486 3936 fuerint
1505 3881 1624 3939 redacta.
1644 3883 1728 3936 Care.

610 3961 638 4016 9.
656 3964 829 4032 scriptionis]
850 3961 910 4014 iloc
929 3970 992 4022 est,
1010 3961 1213 4010 controversiae
1236 3962 1266 4010 in
1285 3963 1390 4032 scripto
1409 3963 1534 4032 positae,
1553 3974 1601 4012 seu
1619 3965 1712 4010 statm
1731 3955 1847 4028 legalis,

535 4053 567 4094 ut
586 4035 736 4089 llhetcrum
755 4035 849 4108 vulgus
868 4035 998 4104 loquitur.
1017 4031 1100 4084 can.

610 4115 654 4167 10.
673 4114 807 4181 seriptum
827 4118 855 4162 ct
872 4108 1016 4174 noluntas]
1038 4107 1151 4160 Graecis
1169 4100 1238 4182 napi
1255 4103 1351 4185 ῥητοῦ
1369 4101 1424 4165 καὶ
1442 4101 1589 4172 διανοίας.
1608 4105 1692 4162 csse.

611 4190 656 4241 il.
676 4185 755 4253 leges
775 4183 949 4249 contrarias]
976 4181 1150 4257 ὰνηνομὼι.
1170 4179 1255 4238 Casa,

611 4257 682 4314 thid.
701 4259 883 4329 ambiguitas]
902 4260 924 4316 ἀ
949 4255 1085 4334 ᾳιβολία.
1104 4254 1187 4308 Care.

609 4333 682 4388 ibid.
701 4334 837 4402 cellectio]
877 4277 1085 4406 ooiioysopir.
1125 4329 1207 4382 Cara.

610 4413 655 4464 ¹2.
674 4406 805 4481 definitio
822 4408 938 4478 tegatis]
959 4406 1022 4458 Non
1040 4403 1198 4458 admittitur
1216 4405 1264 4458 hic
1284 4413 1376 4458 steten
1395 4420 1409 4457 a
1429 4405 1580 4460 iberorum
1600 4403 1694 4482 vulgo:
1722 4403 1785 4460 virle
1803 4421 1848 4461 ta-

535 4499 600 4535 men
617 4482 765 4536 illectorem
782 4483 1005 4545 Herennianum,
1025 4483 1073 4550 qui
1091 4478 1184 4533 Tullio
1203 4485 1353 4534 consentit.
1376 4481 1458 4534 Caes.

610 4562 656 4617 15.
676 4566 719 4610 est
737 4565 831 4611 autem
848 4556 899 4612 cd.
920 4559 982 4612 Bas.
1001 4581 1039 4596 -
1055 4563 1149 4606 autem
1168 4562 1211 4606 esi
1229 4551 1298 4609 idi.
1319 4554 1372 4609 Os.

612 4633 658 4688 ii.
678 4638 769 4685 omnis
786 4635 923 4704 quaestio]
959 4630 1109 4700 Perpessus
1136 4628 1278 4700 legebatur
1304 4644 1398 4683 anteat
1432 4633 1521 4682 omnis
1538 4633 1641 4683 oratio.
1677 4627 1731 4684 sei
1749 4645 1846 4684 reram

535 4703 687 4760 lectionem
707 4725 741 4760 es
759 4713 818 4781 ipso
838 4707 930 4760 Tullio
949 4708 1080 4757 eruimus.
1100 4703 1185 4758 Csnr.
1223 4703 1334 4757 Excidit
1356 4709 1408 4758 hoc
1428 4723 1442 4756 e
1462 4705 1524 4758 Bas.
1544 4704 1597 4759 Oa.

611 4785 656 4841 16.
675 4791 704 4834 ei
723 4787 798 4834 ratio
816 4786 993 4853 scriptionem
1011 4778 1109 4842 habet,
1130 4786 1159 4829 et
1175 4784 1293 4846 scriptia
1313 4779 1464 4850 rationem]
1484 4779 1636 4851 Legebatur
1656 4777 1722 4831 alim
1749 4777 1849 4854 (etlam

535 4859 564 4909 ln
583 4855 678 4929 unq:
705 4865 735 4908 ei
758 4861 851 4909 oratio
877 4859 1056 4923 scriptionem
1080 4851 1182 4918 hahet,
1213 4861 1243 4904 st
1271 4859 1386 4922 scriptio
1405 4859 1569 4906 orationem.
1617 4853 1670 4908 Sed
1690 4854 1737 4906 lale
1757 4859 1850 4928 agitur

535 4935 650 4984 omuino
670 4930 705 4984 dc
724 4937 831 4985 ratione
850 4946 878 4984 et
897 4933 1047 5000 scriptione
1066 4945 1114 4981 seu
1135 4933 1251 5000 scripto.
1271 4929 1353 4982 Care.

609 5011 656 5066 ¹8.
676 5013 850 5059 contentione
868 5003 920 5058 ed.
940 5004 1058 5056 Bas.·-
1076 5007 1206 5054 concione
1225 5001 1295 5056 aad.
1314 5001 1367 5058 Os,

608 5085 656 5139 27.
677 5082 884 5150 argumentum]
904 5078 973 5134 Vide
993 5075 1073 5150 paula
1092 5075 1164 5131 inira
1183 5079 1316 5150 quidnam
1346 5081 1383 5132 sit
1401 5075 1569 5132 discriminis
1587 5081 1660 5134 inter
1679 5078 1850 5147 historiam,

533 5169 728 5230 argumentum
746 5171 775 5210 et
792 5153 924 5210 isbnlsna.
944 5156 1033 5210 Casa.
