4434 5959
920 612 1012 679 LIB.
1034 615 1065 681 1.
1603 602 1642 667 tt

341 774 397 826 aot
416 782 592 845 corporum
613 770 667 825 ant
686 768 866 823 neutrarum
887 774 1071 837 comparans
1099 752 1348 819 similitudinem:
1382 758 1437 826 ut,
1460 750 1509 813 Os
1528 747 1645 809 lttttne·

342 878 467 940 rosque
487 857 552 918 deo
572 854 710 925 similisr
732 862 766 939 ”i

425 949 550 1032 Qualis
570 947 743 1030 mugitus,
755 942 865 1034 sugit
885 972 990 1036 quum
1010 946 1148 1014 saucius
1167 964 1267 1007 orum
1572 1024 1580 1039 ·
1614 1021 1645 1037 ..

427 1045 582 1105 iuturus.
625 1038 766 1105 collatio
786 1052 834 1101 cst
855 1043 982 1120 oratio,
1004 1062 1084 1127 quiae
1104 1061 1159 1105 res
1178 1039 1318 1103 interae
1339 1033 1479 1097 diversas
1501 1051 1541 1093 ex
1555 1024 1649 1090 simili

344 1134 580 1217 comparatione
601 1132 786 1217 coniungit:
810 1145 843 1195 ut
864 1149 914 1197 est
933 1136 1036 1211 istud,
1675 1130 1690 1179 ⁵

428 1230 481 1291 Ac
502 1225 605 1289 velasti
626 1246 753 1309 magno
774 1226 811 1287 iu
827 1231 957 1309 populo
977 1251 1082 1313 quum
1100 1248 1201 1309 saepe
1217 1232 1341 1288 coorta
1360 1232 1409 1285 est

428 1319 572 1384 Seditio.
614 1321 805 1400 Exemplum
825 1330 893 1393 est,
928 1342 993 1405 qtro
1015 1342 1083 1384 retn
1114 1319 1248 1403 aliquam
1281 1311 1409 1376 alicuius
1434 1309 1567 1375 hominis
1597 1316 1651 1369 atrt

345 1411 467 1495 ⁸08⁰¹fi
487 1410 674 1476 ³⁰⁰¹⁰ril³l⁸
695 1412 748 1475 vel
767 1432 843 1475 0³⁸¹!
864 1424 920 1475 tut
939 1416 1107 1481 hortamur
1127 1424 1181 1476 aut
1202 1412 1419 1472 dehortamur.
1477 1404 1652 1467 Hortamur

345 1507 412 1570 sic:
437 1517 489 1582 ut,

431 1604 588 1665 Antenor
605 1601 720 1684 potuit
740 1605 860 1668 mediis
880 1599 1174 1687 clapsus‘Aclriuis
1664 1588 1694 1639 ¹⁰

429 1693 591 1777 Illyricos
608 1706 790 1775 penetrare
809 1698 917 1761 sinus.
961 1698 1174 1761 Debortarnur
1194 1690 1257 1773 sic,

348 1800 405 1851 ·nt
425 1808 496 1850 non
516 1788 671 1849 uiderunt
692 1791 827 1852 moenio
847 1791 975 1858 Troiae
1299 1866 1304 1873 ,

433 1882 588 1963 Neptuni
596 1878 785 1965 fabricata
804 1904 908 1946 mauu
924 1884 1100 1947 considere
1119 1879 1155 1941 in
1185 1876 1307 1963 ignes?
1339 1876 1429 1941 Haec
1450 1873 1573 1958 quidem
1596 1891 1655 1935 nos

348 1974 495 2055 exempla
517 1974 800 2056 grammaticalibus
818 1977 939 2039 artibus
968 1974 1206 2056 supposuimus.
1260 1970 1378 2034 Cicero
1404 1980 1505 2031 autern
1528 1980 1601 2028 tunc
1621 1984 1655 2026 se

350 2067 496 2146 exempla
519 2066 576 2139 iis,
612 2086 692 2148 quae
719 2078 793 2127 sunt
818 2068 850 2131 in
878 2067 1103 2151 comparabili,
1127 2066 1370 2145 suppositurum
1393 2082 1463 2125 esso
1483 2058 1654 2141 promittit,
1669 2058 1698 2109 ¹⁵

257 2207 258 2238 ,
349 2180 447 2242 quum
468 2158 612 2239 coeperit
633 2161 673 2221 de
693 2158 875 2224 elocutione
897 2171 1046 2224 tractare.
1089 2160 1183 2223 Nunc
1205 2169 1308 2230 auteur
1330 2160 1369 2221 de
1390 2154 1572 2249 inventione
1591 2162 1658 2214 tra·

350 2261 454 2313 ctatus
476 2263 535 2314 est.

436 2347 489 2407 Ae
499 2341 597 2433 fone
615 2343 752 2427 quidem
768 2344 1065 2420 confirmationis,
1089 2358 1127 2408 ut
1133 2343 1297 2435 facultas
1318 2345 1413 2418 tulit,
1435 2351 1576 2423 opertus
1589 2348 1659 2400 est:

351 2458 413 2500 nec
434 2437 546 2499 minus
571 2437 735 2512 dilucide,
770 2458 875 2521 quom
895 2439 947 2501 rei
970 2451 1097 2501 notura
1114 2434 1279 2527 ferebat,
1316 2438 1569 2500 demonstratus
1593 2426 1656 2509 eat]

257 2521 258 2538 *
352 2532 401 2592 Ea
423 2530 542 2603 omnia,
565 2550 646 2612 qtrac
667 2531 707 2591 ad
727 2530 996 2594 confirmationem
1019 2532 1231 2612 pertinebant,
1256 2534 1466 2593 demonstrata
1490 2539 1579 2589 stunt:
1603 2524 1701 2596 ita,2t

352 2620 472 2703 iriquit,
497 2634 531 2683 ut
550 2621 600 2683 rei
618 2622 718 2701 ipsius
739 2635 851 2684 natura
874 2624 1050 2701 flagitabat.
1095 2625 1159 2686 Sed
1177 2626 1227 2685 bic
1253 2625 1384 2687 coul'usc
1400 2622 1501 2685 omnin
1517 2619 1659 2701 prolatas

353 2715 534 2797 singillatim
557 2736 592 2777 se
614 2726 716 2777 autem
737 2715 823 2777 circa
843 2716 984 2799 singulas
1005 2737 1115 2780 carim
1137 2719 1325 2781 traditurum
1349 2737 1417 2779 esse
1439 2724 1608 2797 praecepta
1630 2708 1660 2770 in

355 2810 496 2871 secundo
518 2809 602 2870 libro
625 2809 792 2887 promittit.

438 2903 480 2965 Iu
506 2901 705 2981 praeseutia
730 2902 967 2965 tanmmmodo
991 2922 1153 2966 numeror
1179 2915 1214 2966 et
1247 2904 1366 2967 modos
1387 2912 1420 2965 et
1438 2912 1557 2984 portes
1582 2894 1661 2974 cct.]

355 2994 531 3057 Numerum
565 2993 735 3073 accipimus
765 2995 914 3057 attributa
949 3016 1105 3077 personae
1140 2998 1299 3072 undecim,
1337 2995 1468 3079 negotio
1500 2996 1705 3076 quattuor-25

355 3087 480 3150 Deinde
501 3106 618 3168 genera
641 3101 896 3169 argumentorum
919 3092 1001 3151 duo:
1035 3090 1264 3163 necessarium,
1301 3088 1481 3170 probabile.
1541 3084 1663 3147 Modos

357 3191 460 3242 autem
482 3179 690 3258 accipiamus,
724 3179 756 3242 id
784 3192 849 3254 est,
886 3180 918 3243 in
939 3181 1355 3266 necessario'argumcnto,
1390 3178 1662 3260 complexionem,

356 3272 643 3344 enrtmeratiooem,
680 3272 850 3353 simplicem
877 3273 1125 3337 conclusionem.
1182 3276 1303 3339 Deinde
1331 3274 1362 3339 in
1385 3270 1545 3357 probabili
1566 3290 1662 3351 argu·

358 3377 487 3438 mento,
508 3364 562 3439 id,
584 3366 671 3446 quod
691 3363 762 3425 lere
783 3364 865 3426 solet
884 3364 973 3439 lieri,
998 3368 1083 3448 qnod
1106 3366 1137 3428 in
1160 3368 1308 3448 opinione
1331 3368 1466 3451 positum
1489 3376 1553 3438 est,
1577 3362 1665 3447 qrrod

358 3458 454 3519 babet
468 3459 508 3518 ad
526 3458 605 3519 baec
617 3458 773 3540 qrrandpm
787 3456 1029 3520 similitudinem.
1052 3459 1167 3521 Partes
1182 3472 1283 3523 atttem
1296 3463 1503 3543 accipiamus,
1527 3458 1661 3542 siguum,
1675 3462 1707 3513 st

358 3548 530 3621 credibile,
553 3548 741 3622 iudicatum,
763 3550 976 3630 comparabile
997 3562 1029 3614 et
1049 3572 1107 3627 ea,
1130 3574 1210 3635 qttae
1232 3556 1290 3617 sub
1312 3556 1360 3618 bis
1382 3565 1466 3618 sunt.

442 3646 556 3725 Atque
575 3642 720 3705 inueniri
738 3641 875 3725 quidem
887 3643 998 3705 omnis
1017 3665 1065 3705 ear
1079 3645 1135 3707 hir
1152 3646 1236 3709 loeis
1250 3644 1505 3731 argumentatio
1523 3638 1664 3727 poterit]

359 3736 500 3799 Possunt
523 3734 646 3816 quidem
669 3733 773 3797 omnia
795 3734 853 3797 iam
875 3747 1057 3819 argumenta
1079 3757 1119 3799 ex
1141 3738 1189 3800 his
1211 3738 1309 3817 locis,
1334 3760 1415 3823 quos
1437 3738 1664 3821 praecepimus,

358 3826 515 3889 inveniri:
537 3827 594 3889 sed
613 3828 693 3889 baec
713 3826 780 3908 ipsa
801 3839 985 3911 argumenta
1007 3830 1175 3905 debemus,
1199 3830 1314 3915 inquit,
1338 3831 1507 3897 artificiosa
1530 3828 1666 3891 dictione

360 3920 580 4003 distingueret
611 3918 739 4001 quiret
762 3928 860 3983 snare
880 3932 913 3983 ct
934 3924 1141 3987 necessarium
1165 3936 1225 3988 est.
1270 3926 1381 4011 ltaque
1404 3946 1485 3989 nune
1506 3941 1604 4004 pauca
1628 3920 1707 3979 deas

360 4013 524 4075 dialectica
545 4014 585 4073 ad
613 4011 806 4075 rhetoricam
827 4016 1034 4077 translaturus
1055 4027 1129 4079 ests
1163 4020 1352 4101 habebitque
1382 4021 1484 4083 locum
1508 4018 1545 4075 de
1568 4010 1667 4089 syllo-

360 4104 490 4188 gismis,
527 4107 566 4167 ad
590 4126 672 4187 qtros
691 4106 859 4187 capiendos
881 4118 911 4168 et
933 4111 1083 4172 tenendos
1108 4109 1258 4173 lectorem
1283 4114 1485 4175 vehementer
1506 4108 1668 4171 hortum:

360 4210 395 4259 ut
416 4197 486 4277 ipse
505 4197 569 4260 ait:
602 4198 704 4279 Quod
728 4220 797 4262 non
821 4198 872 4262 rei
893 4202 1004 4263 solum
1025 4221 1154 4285 magno
1184 4202 1316 4266 utilitas
1346 4214 1412 4278 est,
1449 4198 1509 4263 sed
1534 4192 1667 4279 proeci-

356 4289 479 4372 piendi
501 4308 633 4373 quoque
650 4310 786 4353 summa
805 4289 1007 4377 difficultas.
1056 4295 1204 4359 Diximus
1225 4298 1330 4379 itaque
1352 4304 1567 4380 argumentum
1590 4305 1667 4367 pro·

363 4384 469 4445 babile
490 4382 523 4444 iu
545 4394 696 4466 quattuor
717 4382 835 4471 dividi:
867 4384 1010 4467 signum,
1037 4387 1208 4463 credibile,
1232 4388 1419 4463 iudicatum,
1443 4378 1711 4464 comparabile„

365 4474 527 4539 Credibile
548 4496 616 4537 esse
637 4477 771 4539 diximus
791 4476 823 4538 in
847 4476 1006 4539 attributis
1027 4498 1196 4558 personae.
1240 4482 1369 4565 Signum
1393 4500 1462 4544 csse
1484 4475 1616 4549 diximus
1636 4470 1669 4533 in

362 4566 495 4651 negotio
531 4569 655 4631 duobos
686 4568 861 4643 attributis,
894 4569 927 4631 io
962 4568 1297 4636 continentibus'cunr
1331 4574 1401 4656 ipso
1435 4571 1563 4657 negotio
1586 4580 1617 4631 et
1638 4566 1669 4627 in

435 4761 464 4817 d,
484 4764 570 4829 inter]
592 4760 642 4817 cd.
660 4762 724 4815 Bas.
746 4790 777 4805 -
799 4767 829 4813 ln
847 4760 916 4815 ndu.
935 4764 990 4819 Oa.

439 4838 483 4893 tl.
503 4840 581 4903 tune]
601 4834 670 4889 Cod.
691 4839 754 4891 llas.
774 4836 858 4890 Abest
877 4836 912 4887 ab
931 4837 999 4889 lidd,
1021 4838 1075 4891 Os.

437 4910 484 4966 211.
504 4912 649 4981 numeror]
667 4926 705 4963 eo
724 4929 865 4963 numerum
885 4911 935 4964 Cd.
954 4913 1018 4965 Bas.
1037 4918 1099 4965 Ase-
1120 4914 1186 4967 Mox
1202 4928 1251 4985 pto
1264 4906 1540 4984 accipimusfortatte
1560 4922 1588 4961 ot
1609 4920 1672 4981 post

364 4980 447 5037 modo
466 4984 519 5056 leg.
538 4990 716 5054 accipiamus.
735 4984 788 5037 On.

436 5063 484 5113 27.
503 5066 534 5109 tu
552 5064 709 5113 massario
728 5062 909 5126 argumento]
949 5062 1046 5114 Deerat
1072 5065 1100 5114 ln
1119 5060 1202 5115 stuta
1223 5062 1388 5133 praepositio
1408 5062 1452 5122 ἐκ,
1485 5072 1566 5129 quam
1586 5058 1672 5111 reul-

367 5136 467 5187 tuimos
486 5152 520 5185 cx
538 5133 660 5187 editione
677 5134 840 5189 Basileensl.
860 5136 947 5189 Care.
985 5134 1087 5202 (llabet
1107 5142 1192 5191 etiam
1212 5133 1281 5189 Cod.
1299 5136 1360 5189 llts.
1381 5130 1447 5209 Oa.)

451 5234 811 5277 &amusaeterum
1403 5210 1420 5267 l
