4434 5959
550 602 613 668 372
1085 607 1320 675 BOETHIUS

550 755 663 807 natura
686 765 784 834 aeque
804 743 925 811 incerta
946 757 995 810 est
1016 759 1110 839 atque
1133 772 1188 827 ea,
1227 769 1307 834 quae
1328 747 1451 812 casibus
1472 746 1549 830 ipsis
1571 747 1662 812 fiunt.
1722 753 1786 816 Sed
1807 753 1859 816 M.

552 838 678 913 Tullius
711 839 819 902 delinit
846 861 1051 918 esse,casum
1081 855 1226 908 eventum
1255 842 1357 906 causis
1386 842 1556 906 latentibus
1578 843 1747 907 effecturus
1785 865 1866 928 quae

551 953 615 995 non
646 933 771 997 videtur
797 933 923 1020 integra
950 937 1104 1000 definitio.
1161 935 1370 1018 Quid-enim,
1405 935 1433 998 si
1458 937 1560 998 adbuc
1580 935 1716 1013 lateret,
1754 937 1867 1021 quibus

552 1026 656 1090 causis
678 1027 792 1091 solaris
814 1031 955 1092 delectus
979 1042 1010 1092 et
1030 1030 1149 1094 lunaris
1171 1031 1391 1114 contingeret,
1415 1051 1487 1093 num
1510 1029 1629 1094 idcirco
1652 1051 1728 1093 casn
1743 1051 1780 1092 ac
1801 1030 1869 1093 lor·

528 1133 627 1188 ttuna
648 1120 779 1198 fierent,
803 1144 883 1204 quae
905 1124 1123 1188 constantibus
1145 1124 1223 1187 caeli
1244 1125 1380 1187 motibus
1403 1122 1683 1187 administrantur?
1705 1126 1758 1189 Au
1781 1145 1870 1188 casus

553 1214 678 1297 quidem
700 1227 867 1297 putaretur
888 1219 928 1279 ab
950 1217 1006 1293 iis,
1045 1219 1098 1302 qui
1121 1218 1263 1281 desectus
1285 1219 1439 1282 rationem
1462 1217 1605 1300 reperire
1627 1209 1692 1282 uon
1714 1230 1867 1299 possent,

553 1331 613 1390 per
643 1329 677 1371 se
710 1321 815 1372 autem
846 1310 1063 1374 consideratus
1092 1313 1180 1375 nullo
1213 1313 1311 1374 modo
1334 1323 1417 1374 esset
1439 1309 1553 1374 casus?
1586 1312 1648 1374 Sed
1669 1313 1721 1375 M.
1746 1312 1873 1376 Tullius

553 1423 637 1478 uon,
662 1401 737 1484 quid
759 1404 925 1467 videretur
946 1425 1015 1468 esse
1036 1426 1127 1469 casus
1149 1405 1208 1480 iis,
1233 1406 1289 1486 qui
1311 1405 1377 1467 eius
1393 1418 1535 1468 naturam
1551 1405 1674 1468 minime
1689 1406 1874 1488 perspexis-

553 1508 642 1571 sent,
676 1498 749 1571 sed,
788 1498 867 1583 quid
894 1499 1022 1564 omuino
1054 1500 1201 1563 fortunae
1234 1508 1367 1561 eventus
1396 1508 1498 1575 esset,
1533 1499 1721 1563 definitionis
1749 1499 1872 1562 ratione

512 1593 762 1655 ttmonstrabat.
819 1595 980 1657 Eventum
1012 1613 1093 1656 vero
1124 1592 1291 1656 latentibus
1324 1592 1425 1655 casteis
1456 1592 1575 1657 Cicero
1603 1614 1710 1656 casum
1739 1613 1810 1656 csse
1831 1593 1872 1656 ita

554 1684 739 1748 concludit:
764 1685 869 1765 Quium
892 1686 995 1750 omnia
1018 1686 1112 1750 certis
1135 1690 1173 1749 dc
1196 1686 1297 1749 causis
1318 1685 1412 1762 liant,
1436 1707 1572 1770 quorum
1595 1688 1678 1752 ratio
1699 1687 1870 1772 cognosci·

552 1790 626 1853 tur,
658 1799 767 1842 eorum
795 1792 929 1843 eventus
954 1801 1030 1843 casu
1051 1779 1122 1844 lieri
1143 1801 1207 1843 non
1229 1799 1324 1860 posse
1348 1790 1558 1857 monstratur,
1584 1784 1641 1844 sed
1661 1793 1792 1864 potatur
1815 1779 1870 1841 ali·

554 1873 631 1956 qrrid
650 1872 722 1936 fieri
752 1894 825 1936 casn
855 1895 985 1950 eorum,
1023 1893 1159 1957 quorum
1182 1893 1277 1935 causa
1299 1872 1383 1934 nulla
1404 1873 1771 1959 rationecognoscitur.
1818 1875 1870 1936 Ex

554 1987 620 2050 qino
653 1965 776 2043 evenit,
809 1978 845 2030 ut
877 1967 1027 2032 fortunae
1059 1967 1103 2030 sit
1131 1977 1283 2040 eventus,
1321 1965 1376 2050 quii
1404 1966 1573 2030 latentibus
1595 1969 1697 2032 causis
1717 1965 1869 2032 efficitur.

513 2061 619 2126 tsHic
646 2059 745 2144 igitur
772 2060 804 2122 in
836 2063 932 2124 rebus
954 2062 1079 2144 qrsidem
1103 2061 1177 2143 ipsis
1200 2059 1406 2124 constantiam
1428 2061 1536 2142 ponit,
1575 2083 1681 2125 casum
1704 2080 1784 2124 vero
1808 2080 1870 2122 non

553 2175 608 2229 rc,
633 2157 688 2218 sed
710 2154 862 2236 opinione
884 2156 1025 2220 metitur.
1070 2155 1145 2235 Quo
1167 2155 1221 2230 fit,
1246 2164 1281 2216 ut
1302 2154 1328 2217 si
1350 2155 1429 2218 alter
1447 2157 1577 2218 effectae
1591 2156 1637 2219 rei
1654 2154 1784 2220 noverit
1798 2174 1874 2215 cau·

553 2269 638 2321 sam,
671 2248 723 2322 id,
755 2244 845 2332 quo'd
865 2248 998 2325 accidit,
1032 2270 1098 2312 non
1120 2249 1159 2311 sit
1181 2243 1328 2310 fortunae
1351 2259 1500 2323 eventus,
1535 2249 1617 2312 idern
1640 2259 1745 2312 tamen
1767 2246 1874 2310 fortir·

554 2361 613 2402 nae
636 2351 768 2404 eventus
789 2342 848 2419 sit,
872 2343 901 2406 si
921 2343 1076 2407 rationem
1098 2343 1178 2404 alter
1199 2337 1342 2424 ignoret.
1387 2341 1483 2420 Quod
1504 2363 1584 2406 vero
1607 2341 1746 2406 omnium
1766 2361 1873 2403 nrum

554 2455 665 2499 causas
688 2456 757 2498 csse
779 2434 873 2510 dicit,
906 2458 970 2502 non
993 2435 1196 2510 determinat,
1231 2435 1360 2518 quales;
1390 2445 1484 2518 atque
1504 2434 1577 2499 ideo
1600 2456 1659 2498 nec
1680 2436 1720 2498 de
1741 2434 1875 2498 fortuna

510 2529 644 2610 aoipsa,
679 2549 814 2612 quorum
839 2541 1007 2592 eventuum
1029 2549 1123 2593 causa
1145 2527 1205 2603 sit,
1238 2539 1402 2591 monstrat.
1448 2530 1518 2591 Nec
1544 2550 1592 2592 me
1616 2549 1749 2592 scaevae
1771 2527 1875 2592 bomi-

553 2643 627 2686 num
651 2634 769 2686 mentes
790 2623 993 2708 arrogantiae
1016 2633 1145 2699 notent,
1181 2623 1267 2704 qriod
1301 2621 1387 2684 velut
1410 2621 1553 2684 affectata
1576 2622 1767 2686 auctoritate
1791 2622 1873 2686 ΤιιΙ-

553 2717 644 2782 lianis
670 2717 832 2780 sententiis
860 2739 1018 2800 pugnem,
1053 2737 1150 2801 quitum
1182 2717 1333 2776 adversus
1364 2735 1417 2777 eas
1443 2713 1470 2777 si
1491 2713 1567 2799 quid
1587 2716 1769 2792 videbitur,
1809 2735 1873 2778 non

551 2825 683 2887 nostra,
708 2814 762 2876 sed
783 2813 824 2874 ab
845 2810 1068 2896 antiquissimis
1090 2819 1226 2872 tractata
1247 2828 1462 2889 compensem.
1506 2809 1602 2889 Quod
1624 2810 1649 2872 si
1664 2821 1775 2872 nostra
1789 2829 1873 2892 quo·

552 2927 614 2989 quc
637 2905 829 2979 diceremus,
854 2916 1022 2986 oporteret
1044 2915 1149 2966 tamen
1171 2921 1227 2964 eos
1250 2921 1312 2964 non
1335 2922 1543 2982 personarum
1566 2912 1777 2978 veluntatem,
1817 2903 1872 2964 sed

509 3011 684 3075 eteorum,
719 3019 800 3082 quiae
822 3008 1066 3080 proponuntur,
1103 2995 1307 3059 considerare
1328 2993 1503 3072 rationem,
1533 3017 1592 3058 nec
1613 2994 1719 3060 odisse
1741 2994 1868 3078 potius,

552 3115 633 3177 quae
656 3096 810 3156 adversus
832 3092 937 3176 magui
958 3089 1095 3157 nominis
1117 3089 1207 3153 viros
1229 3089 1392 3165 dicuntur,
1424 3111 1515 3173 quam
1538 3089 1718 3164 contraria,
1743 3090 1771 3152 si
1793 3113 1870 3172 pos·

551 3197 639 3262 sent,
664 3186 938 3270 argumentatione
958 3187 1136 3249 revincere.
1191 3185 1271 3245 Nam
1294 3181 1321 3244 si
1342 3181 1387 3244 eis
1409 3183 1462 3246 M.
1488 3183 1611 3246 Tullius
1632 3183 1664 3246 in
1687 3183 1871 3248 delinitione

486 3273 491 3281 ’
551 3299 659 3342 rerum
688 3277 814 3340 nimium
836 3279 961 3360 placet,
986 3301 1138 3362 quaenam
1162 3289 1210 3341 est
1231 3275 1367 3351 invidia,
1398 3299 1457 3340 nos
1479 3297 1608 3362 quoque
1629 3277 1871 3342 Aristotelicam

551 3372 707 3435 rationem
737 3372 905 3452 probare?
949 3373 1045 3453 Quod
1073 3373 1100 3436 si
1122 3373 1366 3452 intemperanter
1388 3371 1599 3435 molestissimi
1621 3392 1689 3434 esse
1711 3367 1870 3454 pergunt,

510 3479 543 3531 to
554 3465 681 3528 audiant
704 3465 757 3527 M.
781 3463 922 3528 Tullium
944 3468 1084 3529 secundo
1107 3467 1358 3529 Tusculanarum
1383 3461 1629 3546 disputationum
1651 3466 1738 3527 libro
1753 3467 1872 3530 adbor-

553 3571 669 3622 tantem
703 3555 810 3640 potius
840 3569 933 3640 atque
962 3560 1002 3620 ad
1033 3571 1190 3622 certamen
1220 3570 1384 3621 vocantem
1412 3558 1476 3622 hoc
1503 3560 1623 3623 modo:
1659 3557 1728 3622 sed
1756 3569 1873 3620 tamen

511 3723 515 3731 ,
553 3664 689 3718 tantum
708 3651 824 3726 abest,
859 3662 899 3713 ut
919 3652 1023 3716 scribi
1043 3663 1166 3717 contra
1187 3671 1250 3716 nos
1273 3652 1438 3728 nolimus,
1474 3663 1513 3714 ut
1535 3651 1698 3716 idatium
1719 3654 1873 3718 maxime

553 3759 723 3831 optemus.
781 3748 864 3828 ipsa
884 3745 975 3808 enirn
996 3746 1162 3810 Graeciae
1180 3743 1399 3827 philosophia
1419 3755 1555 3808 tantuna
1576 3746 1610 3808 in
1632 3747 1764 3812 bonore
1786 3769 1873 3810 nun-

552 3861 656 3924 quam
666 3837 826 3931 fuisset,
856 3838 926 3902 nisi
947 3838 1224 3904 doctissimorum
1245 3838 1516 3902 contentionibus
1537 3839 1873 3926 dissensionibusque

511 3953 543 4003 as
553 3932 726 3996 crevisset.
749 3936 862 4015 Quam
883 3931 926 3994 ob
940 3953 1013 3994 rem
1027 3935 1149 3997 bortor
1164 3951 1280 3996 omnes
1289 3957 1305 4008 ‚¹
1315 3933 1373 4014 qui
1380 3929 1504 4018 facere
1517 3931 1554 3994 id
1563 3945 1730 4014 possunt,
1747 3949 1788 3999 ut
1798 3937 1872 3998 cius

552 4049 686 4112 quoquc
707 4026 845 4109 generis
865 4026 1001 4089 laradern
1022 4027 1093 4090 iam
1114 4026 1292 4108 languenti
1313 4027 1478 4090 Graeciae
1499 4027 1648 4110 eripiant
1662 4023 1697 4092 et
1711 4027 1869 4120 transse-

508 4159 513 4169 ·
553 4132 635 4183 rant
656 4120 692 4182 in
713 4123 800 4183 banc
821 4119 958 4194 urbem,
981 4118 1070 4182 sicut
1091 4119 1242 4204 reliquas
1264 4141 1399 4196 omnes,
1424 4141 1511 4206 quae
1532 4123 1668 4205 paridem
1689 4135 1791 4186 erant
1808 4145 1872 4186 ea·-

549 4213 717 4297 petendae
724 4258 734 4290 ,
756 4212 872 4276 studio
892 4224 995 4298 atque
1020 4213 1195 4276 industria
1214 4234 1280 4276 sua
1301 4213 1451 4279 maiores
1472 4214 1583 4279 nostri
1603 4217 1869 4279 transtulerunt.

553 4309 597 4369 Et
618 4327 729 4370 rursus
751 4328 833 4385 nos,
858 4306 912 4389 qui
932 4305 1095 4394 sequimur
1115 4307 1294 4388 probabilia
1316 4327 1375 4370 uec
1395 4307 1497 4382 ultra,
1521 4329 1615 4391 quiam
1630 4309 1718 4392 ¹quod
1740 4309 1809 4372 veri
1829 4307 1870 4370 si·

511 4415 544 4470 ιι
554 4399 626 4464 mile
649 4401 808 4478 occurrit,
839 4399 995 4484 progredi
1015 4420 1202 4483 possumus,
1233 4412 1265 4462 et
1293 4399 1400 4464 refelli
1431 4400 1499 4465 sine
1526 4401 1699 4484 pertinacia
1722 4413 1753 4465 et
1775 4401 1871 4466 relel·

553 4494 620 4556 lere
642 4493 709 4557 sine
730 4494 891 4557 iracundia
918 4493 1023 4576 parati
1043 4515 1164 4560 sumus.
1220 4494 1379 4575 Quocirca
1401 4515 1502 4579 qliae,
1527 4497 1663 4572 malum,
1687 4497 1772 4561 ratio
1794 4509 1868 4570 est,

553 4585 654 4668 ipsius
687 4587 740 4650 M.
777 4587 874 4651 Tullii
902 4587 1095 4651 voluntatem
1126 4585 1338 4672 iudiciumque
1368 4589 1569 4666 convellere,
1608 4611 1704 4675 quum
1733 4590 1869 4654 eitudem

554 4691 665 4745 contra
693 4700 754 4748 nos
786 4681 948 4744 sententiis
971 4693 1065 4766 atque
1079 4680 1276 4746 ‘anactoritate
1298 4681 1464 4746 nitantur?
1502 4686 1565 4748 Sed
1587 4683 1614 4747 si
1637 4684 1687 4748 cui
1709 4706 1869 4750 commen·

629 4933 656 4986 7.
685 4927 760 4980 nullo
791 4927 885 4998 modo]
913 4929 992 4984 Eius.
1025 4959 1055 4972 —
1087 4929 1164 4983 nialla
1189 4930 1294 5002 paridem
1320 4934 1400 4987 modo
1420 4929 1489 4990 add.
1528 4942 1573 4992 20.
1593 4943 1725 5008 scaevae]
1745 4941 1814 4995 Ven.
1837 4971 1869 4984 -

551 5018 656 5055 saevae
675 5003 753 5057 Etna.
773 5003 850 5058 Basa.
873 5035 904 5047 -
926 5008 1026 5057 laevae
1043 5009 1130 5060 Parta.
1170 5011 1215 5068 50.
1234 5007 1344 5064 Tuscnl.
1364 5013 1475 5085 Dispur.
1493 5009 1542 5064 ltb.
1564 5011 1600 5066 ll.
1621 5027 1682 5086 cap.
1702 5021 1730 5071 2.
1751 5020 1777 5084 t.
1796 5019 1823 5073 d.
1843 5023 1867 5077 5.

552 5081 599 5136 35.
629 5079 663 5130 ln
682 5084 744 5148 ipsc
762 5085 835 5132 enim
854 5079 974 5132 Graecia
990 5078 1037 5150 pla.
1056 5089 1137 5134 tanto
1155 5081 1226 5138 edd.
1246 5085 1398 5140 Ciceronis.
1437 5091 1483 5147 55.
1507 5093 1648 5156 viguisset
1668 5089 1737 5144 Edd.
1757 5094 1868 5147 Cicero-

551 5155 606 5206 nts.
643 5158 690 5214 56.
709 5162 741 5206 ut
759 5152 840 5207 dutus
857 5168 961 5226 puroque
979 5153 1049 5211 Edd.
1068 5157 1222 5215 Ciceronis.
1259 5157 1307 5220 41.
1327 5179 1397 5235 quas
1415 5161 1490 5215 mala
1509 5167 1586 5216 ratic
1604 5163 1683 5222 lilns.
1702 5167 1790 5224 Parta.
