4434 5959
578 611 619 674 3⁶
1066 617 1354 688 VICTORINUS

575 777 635 838 par
656 766 722 831 est3
751 757 824 819 'nam
846 758 1148 824 demonstrationis
1170 757 1239 821 linis
1261 768 1309 822 est
1329 758 1493 834 honestas,
1525 757 1776 826 deliberationis
1797 763 1889 826 utili-¹

576 858 643 924 tas,
680 848 851 916 iudicialis
879 853 1032 936 aequitas.
1077 852 1173 932 Qarod
1205 851 1233 914 si
1261 852 1339 913 haec
1369 852 1429 914 tria
1455 851 1537 914 inter
1564 874 1598 916 se
1627 865 1658 916 et
1679 875 1715 916 re
1742 867 1773 919 et
1795 858 1888 920 exitu

576 943 709 1017 distant,
732 944 882 1024 prolecto
903 967 1020 1030 genera
1041 966 1205 1009 caussarum
1227 943 1374 1009 constitui
1388 946 1555 1011 debebunt.
1598 949 1674 1010 Non
1695 968 1775 1032 ergo
1797 961 1888 1020 recte

576 1036 850 1100 deliberationem
877 1049 909 1101 et
937 1038 1260 1103 demonstrationem
1286 1037 1463 1121 qualitatis
1491 1052 1598 1120 partes
1621 1060 1689 1102 esse
1709 1039 1801 1103 dixit.
1846 1041 1888 1104 Iu

550 1129 624 1192 shis
656 1141 780 1207 autem,
817 1153 898 1216 quac
924 1133 1086 1218 hucusque
1115 1130 1362 1212 disputavimus,
1398 1131 1559 1194 rideamus
1591 1130 1887 1217 quinquepertitum

575 1222 812 1307 syllogismum:
848 1245 886 1287 ac
906 1225 1040 1307 primum
1064 1226 1299 1309 quaestionem,
1334 1226 1372 1286 de
1395 1245 1456 1306 qua
1479 1225 1604 1308 agitur,
1643 1228 1885 1291 constituamus.

575 1319 667 1379 Haec
685 1328 786 1378 autem
809 1328 856 1381 est
877 1318 1040 1401 quaestio,
1065 1320 1152 1401 quud
1172 1339 1235 1381 non
1257 1328 1343 1380 recte
1364 1318 1579 1400 Hermagoras
1608 1319 1886 1384 deliberattonem

575 1420 605 1473 et
627 1410 950 1475 demonstrationem
971 1414 1028 1474 sub
1050 1413 1214 1495 qualitate
1234 1411 1389 1493 posuerit.
1434 1411 1467 1474 Si
1489 1411 1686 1474 deliberatio
1700 1423 1731 1474 et
1745 1413 1886 1475 demon·

574 1502 698 1567 stratio
720 1523 837 1586 genera
858 1515 929 1567 sunt
950 1525 1134 1579 causarum,
1158 1526 1221 1569 uon
1243 1516 1377 1587 possunt
1397 1517 1483 1568 recte
1504 1518 1611 1588 partes
1633 1503 1762 1568 alicuius
1785 1527 1885 1588 gene-

533 1598 618 1661 toris
640 1619 753 1660 causae
774 1597 893 1681 putari.
946 1599 1022 1660 Hoc
1049 1597 1185 1679 primum
1213 1611 1272 1661 est.
1314 1599 1446 1664 Eadem
1473 1600 1563 1661 enim
1589 1621 1643 1662 res
1676 1595 1737 1660 alii
1769 1619 1883 1681 genus

573 1712 663 1765 esse,
699 1690 762 1754 ulii
778 1712 865 1774 pars
883 1701 1015 1774 potest:
1049 1691 1159 1754 eidem
1177 1712 1286 1773 genus
1305 1713 1377 1754 esse
1394 1703 1428 1754 et
1445 1713 1532 1775 pars
1552 1711 1619 1755 non
1636 1701 1762 1773 potest.
1806 1694 1884 1755 Hoc

572 1786 742 1848 secuudum
772 1796 832 1849 est.
875 1784 1086 1849 Deliberatio
1115 1797 1216 1849 autem
1247 1795 1277 1848 et
1293 1785 1550 1848 'demonstratio
1572 1806 1690 1869 genera
1712 1795 1786 1847 sumt
1807 1807 1884 1849 cau·

572 1898 690 1940 saraim.
732 1879 808 1942 Hoc
828 1876 953 1941 tertium
976 1888 1036 1941 est.
1078 1881 1173 1943 Nam
1193 1891 1254 1942 aut
1275 1881 1406 1942 nullum
1427 1899 1552 1942 causae
1579 1899 1689 1960 genus
1708 1891 1780 1955 est,
1819 1891 1881 1944 aut

570 1973 682 2034 solam
703 1969 881 2047 inediciale,
914 1983 975 2034 aaa
996 1983 1029 2034 et
1049 1970 1208 2034 iudiciale
1228 1983 1261 2034 et
1289 1972 1546 2036 deliberativum
1573 1984 1608 2034 et
1638 1973 1881 2035 demonstrati·

530 2073 663 2130 t'suum.
706 2063 782 2127 Hoc
803 2073 949 2148 quartum
971 2075 1031 2127 est.
1074 2063 1278 2149 Relinquitur
1298 2087 1392 2150 ergo,
1417 2077 1452 2129 ut
1473 2065 1574 2130 omnia
1596 2063 1656 2128 tria
1678 2085 1795 2150 genera
1817 2066 1881 2128 sint

570 2177 747 2218 causarum.
790 2157 880 2220 Haec
900 2155 1063 2221 conclusio
1085 2169 1145 2222 est.
1189 2159 1360 2223 Videamus
1382 2181 1465 2244 ergo
1486 2159 1592 2234 illum,
1616 2178 1707 2242 quem
1729 2157 1880 2239 promisi·

571 2269 651 2324 mus,
675 2248 894 2332 syllogismum
917 2250 1221 2334 quinquepertitum:
1246 2251 1280 2315 Si
1295 2250 1495 2315 deliberatio
1508 2263 1539 2314 et
1553 2250 1800 2314 demonstratio
1821 2273 1880 2336 gc·

558 2361 648 2404 ·nera
670 2354 742 2406 sunt
763 2365 942 2418 causarum,
973 2365 1036 2408 non
1065 2356 1200 2426 possunt
1227 2355 1313 2408 recte
1335 2357 1440 2427 partes
1457 2344 1593 2408 alicuius
1614 2342 1738 2428 generis
1763 2365 1878 2407 causae

565 2434 686 2518 putari.
729 2438 819 2500 Haec
834 2438 1020 2520 propositio
1042 2448 1102 2500 cst.
1136 2439 1180 2500 Et
1201 2436 1274 2520 quie
1295 2453 1423 2502 necesse
1445 2449 1493 2501 est
1513 2459 1554 2500 ex
1572 2434 1663 2520 primi
1678 2435 1878 2500 consessione

527 2531 736 2592 sesecundum
757 2552 887 2616 quoque
908 2531 939 2593 in
960 2529 1191 2594 contessionem
1213 2530 1339 2606 venire,
1362 2529 1543 2614 propositio
1565 2529 1657 2593 nobis
1671 2548 1710 2611 ap
1733 2529 1879 2592 robanda

569 2633 663 2706 atque
684 2622 879 2708 adiungenda
901 2635 964 2697 cst;
987 2634 1082 2706 atque
1102 2624 1174 2687 ideo
1197 2623 1315 2690 Cicero
1337 2625 1494 2706 approbat
1508 2550 1775 2706 propositioubb.
1803 2625 1879 2686 Ea-

568 2714 644 2778 dem
662 2717 753 2779 enim
772 2737 847 2792 res,
870 2715 989 2801 inquit,
1023 2717 1085 2779 alii
1103 2737 1213 2800 genus
1230 2737 1323 2792 esse,
1346 2715 1408 2779 alii
1426 2735 1513 2799 pars
1533 2727 1665 2799 potest:
1686 2714 1796 2779 eidem
1816 2737 1876 2796 ge·

567 2831 633 2874 nus
647 2832 720 2873 esse
740 2821 774 2872 et
789 2829 877 2892 pars
898 2829 966 2873 non
980 2821 1107 2892 potest.
1150 2808 1356 2892 Approbavit
1378 2829 1458 2893 ergo
1480 2807 1745 2891 propositionem.
1789 2809 1877 2871 Rur-

566 2925 620 2967 sus
643 2915 716 2986 post
738 2904 946 2985 approbatam
967 2901 1219 2985 propositionem
1251 2902 1347 2978 illud,
1381 2905 1466 2987 quod
1497 2901 1584 2986 quasi
1602 2900 1706 2967 dubie
1738 2899 1769 2963 in
1796 2919 1876 2980 pro·

524 3003 556 3053 ²⁵
566 2997 723 3081 positione
750 3007 981 3078 proposuerat,
1014 2995 1144 3060 assumit
1170 2996 1234 3060 boc
1261 2995 1378 3060 modos
1408 2995 1605 3060 deliberatio
1630 3005 1746 3058 oedem
1763 3004 1797 3055 et
1808 2993 1876 3056 de·

565 3090 770 3154 monstratio
790 3101 1020 3173 generarunt
1041 3111 1238 3153 sarmarum.
1286 3088 1408 3152 Deinde
1430 3091 1588 3172 approbat
1608 3087 1873 3170 assumptionem,

564 3194 599 3246 ut
620 3205 715 3265 supra
738 3182 889 3257 diximus,
925 3183 1042 3264 triplici
1065 3181 1349 3267 argumentatione.
1393 3185 1488 3248 Nam
1516 3192 1577 3243 aut
1596 3183 1727 3244 nullum
1747 3199 1874 3244 aarum

562 3297 673 3358 genus
693 3287 762 3351 est,
785 3287 847 3338 aut
867 3274 1009 3339 iudiciale
1030 3279 1157 3352 solunt,
1189 3285 1251 3342 aut
1270 3285 1305 3336 et
1326 3272 1486 3348 iudiciale,
1516 3285 1551 3336 et
1571 3273 1872 3346 demonstrativum,

562 3380 597 3432 et
622 3368 874 3432 deliberativum.
929 3369 1100 3433 Postremo
1132 3379 1196 3431 tres
1232 3367 1359 3430 adhibet
1392 3365 1625 3430 conclusiones.
1682 3365 1874 3448 Ubicunque

522 3460 643 3523 atenim
665 3483 751 3544 ergo
773 3460 822 3524 vel
844 3460 954 3544 igitur
975 3473 1040 3537 est,
1064 3459 1227 3524 conclusio
1249 3459 1290 3523 sit
1311 3480 1438 3524 necesse
1452 3470 1512 3522 est.
1556 3458 1663 3523 Prima
1677 3459 1775 3542 igitur
1790 3480 1871 3521 eon·

562 3553 663 3617 clttsio
692 3552 929 3635 approbationis
962 3556 1000 3615 de
1029 3554 1261 3636 assumptione
1288 3569 1350 3619 est.
1408 3553 1493 3633 Quid
1513 3553 1592 3616 enim
1621 3552 1663 3614 ait
1682 3551 1714 3615 in
1736 3571 1873 3614 assum·

558 3647 689 3732 plionia
710 3644 966 3728 approbatione?
987 3649 1082 3712 Nam
1105 3659 1167 3710 aut
1189 3649 1319 3710 nullum
1337 3665 1461 3709 causae
1482 3665 1591 3728 genus
1611 3656 1683 3718 est,
1706 3655 1768 3707 ortt
1791 3644 1873 3707 iudi·

563 3745 639 3805 ciale
660 3743 790 3814 solum,
823 3749 941 3802 arctet
969 3739 1129 3815 iudiciale,
1146 3731 1200 3804 ‘et
1227 3739 1522 3812 demonstrativum,
1557 3751 1590 3801 et
1617 3737 1871 3801 deliberativum.

562 3833 731 3900 Concludit
760 3853 840 3916 ergo
865 3833 944 3896 baec
971 3835 1030 3896 tria
1059 3853 1174 3918 genera
1202 3854 1271 3898 esse
1300 3853 1486 3897 causarumt
1523 3831 1737 3916 Relinquitur
1760 3851 1871 3915 ergo,

518 3927 678 4011 ssinquit,
702 3937 741 4005 ι.
762 3925 963 3990 omniotria
983 3927 1195 4010 generarint
1209 3947 1402 3991 cucumam.
1445 3926 1586 3989 Secunda
1609 3923 1772 3988 conclusio
1792 3947 1874 4007 pro.

559 4021 728 4106 positionis
750 4032 797 4084 est
824 4019 892 4084 sive
921 4019 1201 4110 argumentationis
1229 4021 1308 4084 eius.
1366 4018 1451 4099 Quid
1471 4017 1552 4080 enim
1575 4029 1816 4102 argumentatur
1836 4020 1871 4082 in

559 4113 803 4199 propositione?
829 4115 869 4178 Si
900 4112 1141 4178 deliberatio‘et
1162 4111 1390 4177 demonstratio
1411 4131 1541 4194 genera
1559 4121 1641 4173 sunt
1660 4131 1870 4190 camarina,

559 4229 627 4272 non
645 4219 792 4291 possunt
824 4220 913 4272 recte
930 4218 1050 4290 portes
1069 4207 1217 4272 alicuius
1237 4205 1374 4291 generis
1395 4225 1519 4268 causae
1535 4205 1669 4287 putari.
1726 4203 1872 4268 Conclu-

559 4303 604 4364 dit
625 4306 688 4366 hoc
708 4302 830 4384 ipsum:
852 4301 1049 4366 Deliberatio
1070 4299 1200 4385 igitur,
1223 4311 1256 4362 et
1278 4297 1505 4362 demonstratio
1525 4317 1594 4361 non
1612 4309 1758 4380 possunt
1778 4311 1872 4364 recte

516 4419 548 4469 to
554 4409 675 4478 partes
694 4395 840 4460 munires
860 4395 998 4479 generis
1017 4415 1143 4457 emesae
1160 4393 1294 4477 putari.
1339 4392 1448 4456 Tertia
1472 4403 1574 4453 atatem
1593 4389 1755 4454 conclusio
1771 4411 1872 4473 quae·

557 4489 669 4554 stionis
690 4501 751 4552 est.
810 4491 898 4570 Quae
919 4489 1000 4552 enim
1022 4487 1167 4572 quaestio
1189 4485 1261 4550 est?
1295 4486 1391 4566 Quod
1412 4487 1632 4568 Hermagoras
1653 4484 1872 4547 deliberatio-

556 4604 635 4646 nem
655 4592 688 4644 et
709 4581 1032 4646 demonstrationem
1053 4602 1116 4644 non
1138 4591 1225 4643 recte
1253 4581 1314 4642 sub
1335 4579 1485 4660 qualitate
1506 4577 1681 4640 coustituit.
1726 4573 1872 4639 Conclu-

557 4676 602 4738 dit
623 4673 729 4760 itaque
750 4676 985 4761 quaestionemt
1008 4677 1106 4739 Male
1130 4673 1242 4757 igitur
1261 4693 1321 4735 eas
1335 4671 1506 4755 generalis
1520 4669 1773 4733 constitutionis
1784 4691 1872 4752 par-

629 4870 657 4918 2.
674 4863 824 4930 iudicialis]
844 4861 1012 4916 subauditur
1032 4867 1168 4914 mutarim
1188 4860 1230 4915 rel
1249 4859 1438 4933 hypotheseos
1457 4863 1602 4912 oratoriae.
1622 4859 1704 4912 Care.

631 4943 676 4997 19.
694 4957 731 4990 ex
745 4943 832 5009 prtmt
851 4934 1037 5005 consessione]
1059 4943 1092 4992 ἐκ
1115 4938 1168 5010 τῆς
1186 4937 1240 4993 τοῦ
1260 4934 1383 5012 πρώτου
1407 4935 1577 5012 ὁμολογίας.
1608 4933 1655 4988 Sic
1673 4931 1723 4988 cd.
1751 4933 1813 4987 Bes.
1834 4959 1872 4974 -

554 5019 675 5083 exprimi
693 5010 868 5073 confessione
887 5010 956 5064 ned.
976 5012 1032 5067 Os.

553 5164 614 5220 md
629 5087 768 5223 256an
783 5092 864 5161 qrrast
890 5086 969 5139 dubie
997 5091 1026 5138 in
1042 5089 1137 5158 prop.]
1170 5083 1219 5140 Sic
1247 5083 1298 5140 Cd.
1318 5084 1379 5139 bat.
1400 5111 1436 5130 -
1453 5080 1528 5156 quod
1543 5087 1622 5153 qrrari
1640 5085 1670 5136 in
1685 5099 1766 5154 prop.
1788 5081 1872 5135 drebie

616 5203 625 5220 .
690 5181 718 5220 a.
