4434 5959
559 615 623 682 eu
997 617 1040 685 c.
1063 618 1219 708 tucius
1241 615 1421 686 mccou

557 750 670 820 etionis
691 765 834 835 utemur,
857 741 950 842 quun
972 754 1003 820 in
1026 759 1152 824 ceteris.
1195 761 1288 826 Nom
1305 749 1345 823 et
1365 759 1398 823 ei
1418 779 1523 822 unum
1542 758 1738 842 protexisse
1757 761 1864 826 ciuem

557 851 738 936 pulchrum
767 861 833 925 est,
870 851 1062 916 universam
1084 853 1254 917 civitatem
1282 853 1446 934 eripuisse
1471 852 1624 935 periculo
1653 855 1760 917 multo
1789 859 1867 937 pul-

563 942 676 1005 cbrius
688 943 905 1009 iudicabitur.
949 946 993 1009 Et
1018 957 1149 1009 conire:
1172 965 1240 1010 nan
1261 967 1301 1009 eo
1317 949 1460 1008 multum
1472 945 1536 1008 sibi
1551 945 1721 1009 uindicare
1746 947 1868 1011 debere

558 1046 751 1110 oratorem,
787 1036 816 1102 si
840 1039 983 1101 salutem
1011 1039 1141 1102 homini
1167 1038 1395 1121 praestiterim
1430 1059 1510 1102 nam
1538 1050 1571 1101 et
1601 1039 1866 1121 gubernatorem

536 1127 662 1192 ssimul
672 1129 919 1211 navigantibus,
942 1143 975 1193 et
991 1152 1080 1207 eum,
1102 1131 1162 1216 qui
1170 1131 1434 1215 propugnacula
1446 1129 1691 1209 aedificaverit,
1708 1133 1751 1196 de
1765 1155 1869 1199 muro

564 1219 801 1284 dimicantibus
820 1244 926 1308 aeque
934 1223 1070 1316 secisse
1090 1236 1220 1288 certum
1240 1235 1301 1287 est.

958 1407 989 1479 5.
1013 1401 1046 1465 ⁶.
1070 1399 1195 1466 NUNC
1219 1401 1336 1465 POST
1360 1401 1474 1468 REM.

644 1539 698 1602 Ab
725 1547 840 1602 eventu
861 1539 891 1601 ia
912 1538 1113 1615 coniectura,
1146 1537 1232 1626 quod
1254 1539 1369 1603 Graeci
1391 1535 1457 1606 ἀπὸ
1479 1541 1536 1624 τῆς
1564 1537 1723 1629 ἐκβάσεως
1745 1545 1866 1610 dicunt.

560 1631 602 1695 Si
625 1641 701 1694 unte
723 1629 818 1693 nobis
842 1631 1012 1695 discordia
1032 1633 1146 1698 luctus
1166 1645 1197 1699 et
1215 1635 1376 1696 maeroris
1397 1644 1429 1698 et
1450 1636 1606 1716 inopiae,
1634 1637 1868 1700 maximarum

521 1732 551 1781 tt
563 1723 826 1796 calamitatum,
842 1721 919 1800 fuit
940 1741 1070 1805 causa,
1090 1744 1179 1786 nunc
1209 1744 1346 1805 quoque
1365 1726 1542 1789 aestimare
1567 1725 1718 1790 debemus
1749 1724 1868 1788 eadem

563 1821 721 1888 ventura,
749 1819 781 1878 si
809 1809 1000 1874 discordare
1032 1815 1252 1894 coeperimus.
1293 1813 1336 1874 Et
1355 1823 1389 1873 ut
1409 1833 1426 1874 a
1450 1813 1531 1878 Gaio
1563 1816 1686 1880 Fannio
1714 1815 1868 1877 adversus

563 1900 739 1964 Gracchum
759 1898 965 1964 dictumest:
1000 1903 1032 1963 si
1054 1904 1180 1965 Latinis
1203 1905 1373 1967 civitatem
1395 1903 1567 1981 dederitis,
1598 1907 1720 1988 credo,
1750 1909 1867 1969 existi·

561 1995 661 2055 matis
693 2013 749 2055 vos
773 1996 829 2055 ita
862 1999 901 2052 ut
929 2010 1019 2054 nunc
1044 1994 1250 2056 constitisse:
1291 1995 1324 2056 in
1350 1997 1507 2060 contione
1531 1995 1704 2060 babituros
1728 1997 1866 2076 locum,

562 2091 625 2142 aut
648 2081 735 2143 ludis
768 2090 800 2147 et
814 2080 918 2160 festis
944 2077 1057 2143 diebus
1080 2080 1315 2160 interfuturos.
1368 2081 1487 2147 Nonne
1517 2085 1597 2148 illos
1620 2089 1734 2149 omnia
1761 2107 1865 2150 occu·

407 2175 411 2193 ¹
521 2179 703 2251 ,spaturos
720 2170 878 2250 putatis?
904 2166 1045 2254 Collegit
1068 2172 1147 2233 enim
1170 2192 1231 2232 nou
1255 2190 1324 2233 esse
1346 2171 1545 2252 recipiendos
1568 2175 1602 2237 in·
1624 2175 1802 2251 civitatem,
1828 2197 1868 2238 ex

562 2261 624 2334 his,
652 2279 733 2342 quie
750 2271 899 2322 eventura
922 2261 995 2323 sint.
1024 2262 1164 2334 Prodere
1184 2263 1324 2326 voluisse
1343 2267 1494 2343 patriam
1507 2285 1647 2347 arguor.
1690 2269 1869 2348 Quidita?

563 2372 609 2414 an
631 2361 669 2414 ut
693 2372 805 2416 eversa
823 2355 960 2433 patria,
994 2353 1192 2435 dignitatem
1214 2372 1236 2413 a
1259 2351 1444 2414 maioribus
1476 2365 1673 2435 acceptam,
1697 2357 1867 2437 fortunas

563 2444 688 2521 optime
708 2445 907 2506 constitutas
930 2446 1193 2530 amitterem,=ut
1217 2444 1278 2503 eui
1299 2441 1415 2504 liceret
1434 2441 1622 2508 beatissimo
1644 2464 1721 2508 cum
1734 2467 1869 2509 summa

526 2587 531 2596 .
562 2532 679 2614 gloria
700 2535 827 2608 vivere,
867 2532 954 2597 idem
976 2534 1121 2594 bostium
1147 2533 1308 2608 potestati
1325 2529 1475 2593 subditus
1497 2551 1576 2594 cum
1598 2535 1747 2614 infamia
1770 2535 1870 2618 dege·

520 2622 658 2699 sorem?
696 2622 750 2685 Ab
770 2633 883 2686 eventu
905 2626 937 2687 in
959 2625 1040 2698 bue,
1072 2634 1106 2684 ut
1128 2621 1258 2682 Marcus
1282 2619 1405 2682 'l'ullius
1428 2619 1563 2686 Cicero:
1599 2627 1630 2685 si
1638 2623 1868 2687 iudicaveritis

564 2717 633 2776 sine
650 2712 731 2776 doio
754 2713 847 2776 malo
862 2732 958 2795 posse
970 2713 1152 2794 familiam
1173 2713 1401 2792 congregari,
1422 2713 1589 2779 bominem
1606 2713 1740 2792 occidi,
1764 2716 1869 2778 omni·

562 2803 623 2867 bus
636 2803 852 2883 facinorosis
875 2805 1013 2868 eandem
1035 2805 1206 2868 licentiam
1227 2804 1451 2881 permiseritis.
1491 2803 1533 2866 Et
1559 2809 1591 2867 si
1612 2801 1782 2886 prohiberi
1800 2825 1868 2866 non

561 2901 671 2973 potest
701 2901 762 2954 aut
799 2892 919 2975 deiici,
956 2891 1128 2974 prohiberi
1160 2891 1259 2954 domo
1289 2901 1351 2953 tua
1381 2897 1550 2972 potueris,
1586 2903 1706 2958 cinon
1730 2891 1868 2955 babebis

563 2982 794 3060 interdictum,
821 3005 888 3066 quo
912 2985 1111 3048 restituaris.
1152 2983 1195 3044 Et
1216 2980 1246 3043 iu
1269 2981 1468 3044 defensione:
1493 2983 1587 3066 quod
1604 2987 1635 3046 si
1644 3004 1688 3046 ex
1698 3003 1750 3064 eo,
1774 2979 1870 3064 quod

520 3075 599 3148 25bi
618 3092 718 3134 naves
740 3073 947 3153 reliquerunt
967 3082 1000 3136 et
1024 3072 1071 3134 ad
1090 3074 1272 3153 pedestrem
1301 3077 1489 3138 exercitum
1509 3076 1731 3148 cruciarunt,
1764 3074 1869 3133 victo·

561 3164 650 3223 riam
672 3170 893 3242 paraverunt,
912 3162 1091 3226 desertores
1112 3183 1167 3227 eos
1187 3163 1365 3244 appellare
1384 3184 1452 3226 non
1471 3183 1660 3246 passumus.
1701 3163 1756 3226 Ab
1772 3181 1868 3236 eveu-

562 3249 645 3312 tuin
667 3250 834 3333 qualitate:
859 3260 915 3332 ut,
939 3251 1062 3333 qualia
1084 3253 1149 3314 sint
1181 3274 1233 3331 eu,
1256 3273 1345 3335 quae
1369 3262 1560 3329 evenerunt,
1581 3261 1644 3314 aut
1670 3273 1759 3337 quae
1784 3252 1869 3316 vide·

563 3352 664 3404 antur
683 3351 858 3417 eventura,
895 3341 966 3402 tale
993 3338 1084 3402 illud
1104 3363 1239 3426 quoque
1261 3345 1492 3420 existimetur,
1523 3365 1567 3408 ex
1591 3363 1660 3426 quo
1683 3349 1869 3408 evenerunt.

564 3431 609 3494 Ut
629 3431 753 3494 Sabinis
776 3432 896 3503 Ennius
918 3429 1015 3492 dixit:
1060 3449 1166 3512 quum
1203 3433 1317 3512 spolia
1351 3435 1468 3516 generi
1498 3432 1726 3507 detraxeritis,
1764 3451 1869 3520 quam

636 3631 678 3680 ll.
697 3634 733 3678 An
749 3631 887 3677 eventura?
917 3631 963 3677 0s.
1002 3629 1043 3677 1³.
1068 3631 1129 3676 Cod.
1156 3632 1319 3679 contentione.
1367 3629 1408 3678 20.
1428 3631 1489 3678 Nuus
1507 3645 1551 3688 pro
1570 3629 1655 3676 Cicero
1678 3636 1715 3676 eet
1738 3609 1868 3677 incedis·

698 3702 822 3747 dicendo?
851 3702 923 3746 Certe
957 3702 1063 3745 vocabuli
1088 3703 1252 3757 compendium
1273 3701 1412 3757 mibipsulo
1430 3703 1554 3747 obscurius
1564 3706 1609 3746 est.
1630 3698 1867 3747 23.Cob.l.mu=

695 3771 786 3818 domna
798 3777 857 3828 ωας
876 3768 902 3815 2.
915 3769 1025 3815 doneinia
1039 3777 1090 3814 tue.

635 3896 679 3950 12.
702 3892 745 3946 En
765 3889 948 3962 lngmentum
967 3885 1101 3942 ineditum
1122 3889 1277 3942 bannienee
1296 3893 1449 3958 orationis,
1471 3906 1539 3962 quse
1558 3888 1628 3963 opud
1646 3887 1769 3944 Tullium
1789 3891 1866 3945 Brut.

559 3969 664 4026 XXVl·
693 3965 819 4020 laudibus
848 3963 1011 4019 celebretur.
1050 3965 1181 4029 ,Horum
1210 3963 1345 4017 aetatibus
1367 3963 1488 4018 adiuncti
1508 3966 1561 4018 duo
1581 3966 1613 4019 C.
1634 3965 1750 4030 Fannii,
1782 3963 1816 4020 C.
1838 3980 1865 4018 et

559 4044 602 4098 M.
622 4043 687 4106 blii,
718 4039 843 4094 bierunt:
875 4055 990 4110 quorum
1009 4038 1043 4092 C.
1071 4037 1157 4105 filius,
1188 4045 1234 4110 qui
1261 4039 1356 4093 consul
1378 4056 1440 4092 cum
1467 4041 1593 4093 Domitio
1612 4037 1663 4093 luit
1683 4042 1769 4106 (suno
1789 4041 1865 4092 urbis

559 4118 714 4183 ncxxil.)
742 4131 824 4170 unam
850 4119 1003 4167 credonem
1033 4110 1066 4164 de
1085 4119 1169 4166 sociis
1191 4131 1216 4168 ec
1237 4119 1349 4166 nomine
1370 4116 1486 4180 Latino,
1506 4127 1601 4168 contre
1623 4115 1780 4170 Gncehum
1800 4114 1866 4186 (Ce-

560 4200 616 4247 ium
644 4191 802 4247 Grecchum
830 4189 949 4256 scilicet)
977 4188 1106 4258 reliquit,
1138 4203 1202 4242 sene
1231 4206 1258 4243 es
1284 4187 1385 4241 bouem
1415 4207 1441 4242 ei
1466 4189 1615 4243 nobilem.”
1654 4191 1744 4262 Pergit
1765 4187 1864 4242 deinde

559 4269 659 4321 Cicero
680 4265 819 4320 vindicare
839 4265 943 4317 Fannio
964 4279 1024 4315 esm
1039 4267 1209 4326 oracionem,
1229 4280 1324 4316 conus
1338 4263 1531 4318 nonnulloium
1545 4263 1755 4318 dubitationem.
1794 4263 1864 4317 'l'ura

559 4348 617 4395 eit:
642 4347 754 4408 ,oresio
775 4339 828 4394 luit
847 4344 950 4412 optime
973 4339 1022 4392 illo
1041 4337 1150 4409 quidem
1173 4354 1294 4411 tempore
1323 4341 1478 4393 ontionem
1499 4339 1648 4395 omnium‘¹
1676 4355 1729 4392 cer.
1768 4341 1864 4405 ,isu-

559 4421 621 4470 nius
640 4433 777 4487 uunquam
797 4431 838 4468 est
857 4412 967 4467 hibitus
988 4412 1118 4483 elinguis:
1138 4427 1201 4464 nem
1221 4429 1247 4466 et
1264 4428 1359 4468 causes
1379 4411 1570 4479 deieneitsvit,
1591 4430 1619 4468 et
1638 4414 1794 4467 tribunatus
1807 4419 1864 4466 etus

560 4490 676 4544 :rbitris
705 4507 733 4544 es
752 4495 916 4545 auctoriate
935 4490 965 4542 P.
986 4485 1109 4541 Africani
1129 4504 1237 4558 gestus,
1258 4505 1314 4540 non
1334 4487 1464 4542 obscurus
1493 4485 1575 4544 fuit?
1625 4489 1678 4554 (De
1697 4489 1796 4542 isacii
1817 4493 1865 4541 tri-

558 4564 679 4628 bunam,
698 4563 828 4620 Africano
847 4580 978 4628 censore,
998 4578 1090 4615 rursus
1111 4565 1210 4616 Cicero
1230 4559 1264 4614 sd
1283 4565 1340 4616 Au.
1360 4565 1436 4618 Xvi.
1458 4567 1514 4636 15.)
1554 4561 1713 4618 Praedictee
1731 4568 1865 4616 sessionis

559 4644 648 4714 prime
668 4639 748 4692 verbe
767 4637 838 4712 spud
857 4637 973 4692 eundem
992 4637 1112 4689 Tullium
1134 4653 1226 4690 extent
1246 4641 1280 4688 de
1299 4637 1349 4690 Or.
1369 4639 1420 4691 ill.
1440 4640 1507 4696 lez:
1527 4654 1565 4706 „e
1585 4656 1640 4710 quo
1660 4655 1775 4692 numero
1795 4644 1866 4704 (cre-

560 4719 630 4782 tico)
651 4730 761 4769 uorsus
781 4729 822 4768 eet
840 4713 971 4774 Fenniun
1000 4711 1047 4776 Si,
1069 4712 1209 4780 Quirites,
1228 4717 1317 4762 minas
1335 4713 1439 4767 illins.''
1477 4713 1561 4767 Paulo
1582 4718 1688 4776 iunior,
1709 4711 1757 4766 sed
1778 4728 1865 4766 temen

559 4804 740 4855 coaetaneus,
760 4787 813 4842 fais
831 4787 900 4842 elius
920 4789 1054 4851 Fannius,
1074 4787 1159 4840 Leelii
1180 4805 1279 4859 gener,
1300 4793 1345 4855 qui
1366 4785 1491 4842 interluit
1510 4787 1626 4860 dialogis
1646 4786 1679 4840 de
1700 4806 1728 4841 re
1748 4789 1864 4860 publice.

559 4865 621 4920 cie.
638 4865 717 4919 Brut.
736 4864 834 4918 xxii.
883 4865 1071 4933 (corruptam.
1086 4861 1192 4915 videtur
1211 4881 1235 4915 v.
1254 4868 1422 4916 constitisse.
1452 4864 1592 4917 Fortesse:
1613 4867 1788 4916 existimatis
1813 4877 1863 4914 uos

558 4944 618 5009 tea,
638 4948 670 4991 ut
688 4957 760 4991 nunc
778 4941 960 4990 constitutum
979 4945 1040 5000 est,
1060 4941 1237 4988 incautione
1256 4951 1309 4988 cet.
1330 4935 1396 5010 On.)

633 5021 678 5072 2ο.
698 5014 794 5068 Adbuc
813 5013 936 5083 exempli
956 5027 1085 5084 petuntur
1103 5029 1136 5063 ex
1155 5017 1279 5063 oratioue
1299 5029 1348 5083 pro
1368 5013 1485 5065 Caecius
1505 5026 1567 5083 cop.
1584 5012 1652 5066 xii.

634 5093 681 5148 29.
701 5090 762 5143 Hoc
781 5085 884 5142 inedito
905 5085 967 5140 loco
987 5085 1164 5139 confirmetur
1183 5087 1272 5140 Ennio
1294 5087 1390 5139 situlus
1410 5086 1653 5159 operis-Sabinae,
1672 5085 1862 5157 quemdiscste

558 5177 756 5218 memoremus
773 5161 933 5218 usuouu·
953 5162 1062 5216 Sesars.
1081 5161 1128 5214 Vl.
1146 5165 1190 5232 5.,
1209 5163 1256 5216 sed
1275 5160 1386 5234 quidem
1406 5165 1520 5216 criticus
1540 5165 1682 5216 immerito
1701 5160 1861 5216 molendum
