4434 5959
934 620 1026 685 Ltn.
1049 619 1098 685 lt.
1610 620 1673 685 808

353 776 404 825 tae
433 760 568 826 tabuliss
599 764 639 823 ab
671 760 809 838 affectis,
847 760 966 825 scilicet
995 762 1035 824 ab
1064 758 1231 824 adiunctis.
1290 760 1432 825 Maxima
1462 761 1672 845 proposition

356 858 409 919 Es
432 854 585 919 adiunctis
609 856 754 917 adiuncta
776 856 942 939 perpendi.

441 950 539 1031 (Cap.
564 950 595 1011 4.
619 954 651 1025 §.
677 950 745 1028 19.)
787 951 842 1013 Ab
861 948 1138 1013 antecedentibus
1158 982 1200 995 -
1222 980 1262 991 -
1284 950 1371 1015 nihil
1390 962 1539 1036 oportet.

439 1042 668 1109 Antecedcntia
701 1053 792 1118 stunt,
824 1044 938 1126 quibus
966 1042 1078 1124 positis
1110 1040 1193 1104 alind
1222 1046 1403 1111 necessario
1440 1056 1671 1131 consequatur,

352 1140 426 1203 ticet
447 1138 541 1213 iliud,
567 1138 653 1222 qnod
673 1136 848 1212 antecedit,
883 1136 981 1199 minus
1000 1138 1041 1199 sit
1063 1147 1159 1220 atque
1174 1136 1347 1218 posterius.
1389 1143 1500 1205 Minus
1522 1140 1698 1225 quidem35

353 1248 410 1297 ut:
437 1234 475 1295 Si
488 1234 590 1295 homo
610 1243 678 1305 est,
701 1231 833 1293 animal
851 1241 923 1302 est:
945 1231 1042 1293 humo
1062 1230 1143 1291 enim
1167 1231 1267 1293 minus
1283 1245 1331 1295 est
1353 1234 1496 1311 animali,
1521 1247 1553 1298 et
1570 1247 1673 1297 tamen

351 1328 461 1409 posito
484 1324 611 1388 homine
631 1324 855 1407 consequitur,
882 1336 915 1385 ut
936 1323 1048 1407 opimat
1069 1323 1124 1386 sit.
1167 1323 1336 1388 Posterius
1355 1350 1457 1404 vero,
1481 1340 1533 1392 ut:
1556 1330 1594 1393 Si
1612 1351 1674 1412 pe·

348 1421 459 1503 perit,
484 1441 561 1481 cum
583 1418 658 1481 uiro
679 1417 877 1489 venundati&
906 1418 1064 1498 posterius
1087 1428 1135 1479 est
1150 1417 1234 1479 onius
1255 1420 1420 1501 peperisse
1442 1444 1537 1505 quarn
1554 1443 1673 1486 concu-

349 1516 460 1579 buisse
484 1536 554 1577 curn
576 1512 662 1576 viro.
708 1512 911 1595 Aliquotiens
935 1530 1014 1573 reru
1040 1523 1071 1573 ct
1096 1514 1185 1595 quod
1212 1513 1343 1597 aequate
1366 1526 1398 1577 et
1422 1518 1510 1599 quod
1530 1515 1620 1577 simui
1641 1526 1674 1577 et

352 1610 441 1691 quod
463 1605 550 1689 prius
573 1618 621 1668 est
643 1604 774 1687 ponitur
795 1617 829 1668 ut
851 1607 1051 1667 antecedens.
1095 1605 1239 1689 Aequaie
1262 1608 1404 1688 quidem,
1428 1621 1486 1672 ut:
1509 1608 1548 1671 St
1571 1610 1717 1671 homost

352 1714 422 1776 est,
445 1700 584 1763 risibilis
603 1710 675 1771 eat,·
697 1698 788 1760 simui
813 1718 911 1773 reru,
937 1712 987 1761 ut:
1017 1699 1055 1763 Si
1076 1710 1172 1762 terra
1189 1700 1321 1761 obiecta
1341 1715 1411 1778 est,
1434 1706 1518 1765 iuna
1538 1701 1669 1779 deficit.

355 1798 399 1858 Et
423 1797 500 1855 haec
521 1792 581 1855 sibi
603 1802 852 1865 convertuntur,
886 1802 919 1852 ut
944 1792 1169 1873 consequentia
1192 1792 1269 1853 fiant
1289 1797 1522 1870 antecedentia,
1547 1806 1600 1858 uta
1635 1794 1675 1859 Si

355 1887 680 1961 risibilisest,homo
691 1898 761 1956 est,·
772 1896 821 1947 et:
838 1885 877 1947 Si
886 1886 969 1945 Iunc
979 1880 1160 1973 ἀψοενίι,
1173 1897 1290 1947 terme
1299 1886 1390 1949 adsit
1400 1889 1556 1951 obiectio.
1573 1889 1673 1951 Ante·

354 1984 472 2043 redens
492 2002 573 2045 vero
596 1979 684 2061 prius
706 1990 771 2041 est:
794 1988 848 2041 ut:
879 1977 917 2041 Si
937 1998 1112 2059 ‹uu-ugnus
1131 1990 1200 2055 est,
1238 1979 1381 2043 odiosus
1400 1993 1463 2043 eat.
1506 1982 1603 2047 Prius
1625 1990 1674 2045 est

356 2096 438 2137 enim
462 2095 637 2157 arrogans,
677 2072 838 2153 posterius
868 2069 1011 2134 odiosus.
1070 2071 1154 2133 iliud
1181 2083 1285 2134 tamen
1316 2073 1346 2135 in
1377 2075 1523 2139 oumibus
1550 2082 1716 2150 manenti

355 2167 471 2250 positis
503 2164 759 2229 antecedentibus
790 2163 973 2227 necessario
1004 2164 1228 2247 consequentia
1257 2166 1352 2230 trahi.
1417 2169 1566 2249 Exempli
1594 2188 1674 2231 vcro

354 2263 427 2324 tatis
446 2273 490 2323 est
510 2259 712 2341 explanatio:
755 2258 902 2323 Civitatis
926 2260 1090 2321 Botrianae
1113 2257 1183 2318 iure
1205 2257 1300 2321 liberi
1325 2260 1499 2324 retinentur
1521 2263 1553 2324 in
1575 2261 1675 2345 patris

354 2354 510 2428 arbitrio,
543 2374 641 2434 usquc
671 2355 742 2413 dum
769 2352 861 2415 tertia
892 2352 1123 2432 ittarroipatione
1151 2351 1331 2415 solvantur.
1371 2356 1470 2439 'Ergo
1497 2354 1675 2438 siquando

354 2448 526 2511 divortium
549 2446 775 2509 intercessisset
799 2447 893 2527 cttipa
919 2443 1075 2519 insilieris,
1099 2456 1192 2525 parte
1210 2447 1343 2528 quadam
1368 2449 1451 2510 dotis
1473 2469 1535 2529 pro
1557 2448 1676 2511 iibero·

354 2564 424 2604 rum
456 2560 590 2602 nmuero
617 2540 820 2601 nmitabatur.
865 2538 916 2601 De
939 2560 1000 2623 qua
1024 2560 1057 2599 re
1078 2538 1198 2600 Paulus
1220 2537 1442 2603 Institutnrum
1460 2540 1719 2608 tibriseeundiu

353 2635 448 2699 tituto
471 2636 508 2695 de
531 2632 678 2707 dntibus,
713 2634 753 2695 ita
778 2631 944 2694 disseruit:
983 2632 1016 2693 Si
1036 2630 1208 2694 divortium
1230 2642 1277 2693 est
1305 2634 1515 2712 matrimonii,
1553 2649 1584 2700 et
1611 2639 1676 2701 hoe

354 2732 421 2793 sinc
441 2728 533 2807 rtdpa
560 2725 698 2787 mulieris
722 2726 925 2799 factumest,
950 2728 1010 2790 dos
1029 2726 1153 2807 integra
1175 2736 1353 2806 repetetur.
1413 2729 1558 2809 Quodsi
1584 2729 1676 2810 culpa

356 2820 495 2884 ttrrriicris
517 2818 636 2881 iactum
659 2830 706 2881 est
736 2817 927 2895 divortium,
950 2820 980 2881 in
1011 2819 1154 2902 singulos
1186 2819 1307 2883 liberos
1337 2834 1427 2883 sexta
1450 2842 1523 2903 pars
1551 2820 1676 2885 dotisa

356 2914 469 2979 ittarito
507 2912 661 2975 retinetur
692 2932 792 2994 usque
826 2914 865 2973 ad
901 2913 1033 2975 trtediam
1064 2925 1186 2993 purtem
1218 2915 1381 2975 dumtaxat
1412 2916 1509 2978 dotis.
1568 2914 1676 2994 Quare
1790 2980 1795 2987 ,

355 3008 507 3093 quoniam
531 3010 617 3089 quod
639 3026 680 3067 ex
700 3008 774 3069 dote
801 3006 1020 3089 conquiritur,
1047 3006 1220 3069 liberorum
1244 3019 1311 3081 est,
1336 3006 1390 3090 qui
1412 3008 1505 3071 liberi
1522 3006 1554 3069 in
1576 3006 1719 3089 patrists

356 3111 516 3183 potestate
542 3112 632 3176 stunt,
667 3100 698 3162 id
730 3102 814 3181 apud
845 3101 946 3163 uirum
979 3120 1106 3162 necesse
1127 3109 1175 3162 est
1199 3120 1398 3180 permanere.
1456 3103 1560 3165 Facto
1577 3100 1676 3185 igitur

356 3192 499 3258 divortio
519 3192 737 3269 contenditur,
767 3215 806 3256 an
831 3194 915 3257 dotis
936 3214 1011 3275 pars
1033 3214 1096 3274 pro
1120 3193 1248 3267 liberis,
1272 3192 1319 3273 [id
1339 3205 1405 3269 est,
1429 3195 1481 3258 rel
1499 3194 1676 3258 liberorum

355 3310 452 3353 causa
473 3288 522 3351 vei
546 3288 618 3373 quia
644 3308 707 3369 pro
728 3308 860 3352 ntrtnero
880 3288 1052 3351 liberorum
1076 3287 1308 3367 retinebatur‚]
1330 3292 1412 3369 apud
1435 3286 1538 3352 νίιιιιιι
1562 3289 1677 3350 debeat

354 3402 556 3467 permanere.
615 3382 678 3443 Hie
700 3383 875 3445 subiectum
898 3380 1021 3465 quidem
1051 3390 1116 3443 est:
1153 3379 1272 3443 factum
1298 3380 1469 3446 divortium
1495 3402 1514 3444 a
1544 3381 1677 3444 muliere

355 3476 548 3547 numiatuuu
582 3474 795 3557 praedicatum
820 3496 919 3539 vero:
952 3477 1037 3557 apud
1058 3474 1159 3537 virum
1179 3486 1289 3538 sextae
1310 3474 1410 3556 partis
1427 3476 1512 3539 dotis
1532 3487 1608 3559 post
1629 3474 1676 3537 di·
1687 3490 1720 3543 u

357 3570 497 3635 vor-tium
513 3569 713 3651 permansin;
736 3569 903 3653 quaestio:
926 3590 965 3631 an
985 3578 1060 3651 post
1082 3567 1254 3632 divortium
1280 3571 1420 3645 tactum,
1444 3570 1575 3633 muliere
1596 3590 1677 3632 nun·

355 3663 433 3725 tium
456 3662 651 3737 remittente,
687 3675 808 3725 sextam
839 3662 922 3726 dotis
953 3674 1074 3744 partem
1112 3664 1198 3744 apud
1230 3662 1331 3725 virtum
1365 3684 1491 3727 manere
1514 3673 1677 3745 oporteat.

356 3758 490 3836 Quaero
514 3754 637 3840 igitur,
675 3756 703 3819 si
722 3760 761 3819 ab
781 3755 1039 3821 antecedentibus
1062 3769 1279 3839 argumentum
1302 3757 1480 3820 faciendum
1508 3766 1576 3831 est,
1600 3756 1678 3840 quid

355 3852 539 3924 antecedat;
576 3850 652 3933 quid
673 3861 901 3934 consequatur.
960 3855 1004 3915 At
1027 3851 1053 3913 si
1078 3849 1138 3912 riri
1159 3854 1250 3931 crstpa
1273 3853 1392 3913 tactum
1415 3862 1463 3914 est
1482 3849 1676 3925 divortitun,

357 3945 455 4009 rideo
478 3942 639 4007 mulierem
669 3943 753 4007 dotis
779 3956 871 4026 parte
894 3964 958 4007 nun
980 3943 1125 4019 multari,
1158 3945 1250 4005 etiam
1273 3943 1299 4006 si
1321 3943 1424 4027 priora
1446 3943 1573 4025 repudii
1596 3961 1721 4012 nun-³5

355 4038 434 4101 tium
458 4036 553 4099 misit.
598 4038 694 4117 Quod
715 4039 795 4101 enim
818 4036 1006 4111 antecessit,
1045 4048 1078 4100 ut
1106 4035 1168 4099 viri
1190 4037 1283 4119 cuipa
1306 4036 1396 4099 fieret
1421 4036 1611 4110 disortium,
1646 4035 1679 4096 id

356 4152 422 4194 nou
447 4128 618 4211 permittit,
662 4141 696 4195 ut
717 4131 800 4195 dotis
829 4152 904 4213 pars
930 4131 1053 4194 mttiieri
1075 4142 1210 4213 pereat,
1248 4132 1392 4215 quamvis
1423 4128 1526 4211 prima
1552 4126 1680 4209 repudii

355 4222 500 4287 numium
524 4223 637 4287 mittat.
682 4225 757 4287 Nun
780 4226 860 4287 euim
887 4225 974 4308 quod
996 4224 1086 4305 prior
1104 4224 1269 4307 repudium
1291 4223 1465 4297 nuntiarit,
1489 4220 1574 4285 dotis
1588 4233 1680 4304 parte

357 4316 516 4379 multanda
537 4328 603 4393 est,
636 4319 691 4381 sed
714 4319 907 4383 absolvenda
927 4317 1037 4399 potius
1058 4322 1192 4395 dannno,
1217 4321 1305 4403 quod
1325 4338 1389 4383 nun
1409 4337 1465 4380 sua
1482 4317 1598 4380 iactum
1619 4327 1678 4391 est,

356 4413 414 4473 sed
446 4410 506 4473 riri
535 4412 629 4493 culpa
658 4411 844 4475 divortium.
898 4410 1005 4494 Igitur
1037 4414 1225 4475 antecedens
1253 4422 1322 4475 est:
1362 4410 1423 4475 viri
1448 4411 1541 4490 crsipa
1562 4409 1722 4475 factumst

357 4502 554 4579 divortium
582 4524 783 4589 consequens
808 4522 907 4567 veros
945 4504 1030 4568 dctis
1048 4517 1171 4587 partem
1195 4527 1258 4570 non
1281 4504 1423 4569 retineri.
1467 4504 1549 4566 Nam
1568 4502 1597 4565 si
1617 4503 1681 4565 hoc

355 4607 426 4671 est,
450 4596 526 4659 ittuu
542 4608 603 4660 est.
646 4596 962 4681 Argumentationem
988 4618 1068 4662 veru
1090 4598 1205 4661 faciam
1222 4600 1287 4662 hoc
1310 4601 1427 4663 modu:
1450 4598 1485 4663 Si
1505 4594 1566 4661 riri
1586 4602 1681 4680 culpa

354 4690 474 4753 iactum
507 4702 555 4754 est
587 4689 781 4766 divortium,
814 4688 907 4753 etiam
934 4689 961 4754 si
993 4693 1104 4757 mulier
1132 4693 1256 4773 repudii
1281 4692 1422 4756 nuntium
1451 4691 1554 4767 misit,
1592 4691 1681 4755 nullo

433 4874 460 4929 6.
479 4870 576 4943 domo]
598 4872 675 4925 titos.
698 4872 775 4924 Base.
794 4900 829 4913 -
850 4870 902 4923 lsoe
922 4872 989 4925 Ven.
1017 4872 1103 4926 Paris.
1155 4879 1201 4931 ιι.
1219 4882 1314 4925 terroe
1335 4874 1402 4927 Veo.
1423 4876 1510 4929 Parte.
1560 4878 1605 4929 17.
1622 4892 1682 4941 pe-

355 4948 424 5013 tris]
457 4946 533 5000 Eine.
560 4974 596 4989 -
623 4956 737 5017 potrum
765 4944 834 4999 Edd.
887 4956 931 5006 18.
963 4952 1183 5017 suuncipotr'onr]
1209 4951 1276 5001 Vsu.
1298 4950 1385 5002 Paris.
1406 4976 1440 4988 -
1460 4953 1681 5017 emancipatione

357 5024 437 5075 Basa.
453 5048 483 5063 -·
500 5022 657 5077 Cout.Gait
671 5026 761 5074 tusttt.
772 5022 821 5075 ttb.
843 5022 864 5074 1.
882 5022 907 5089 §.
930 5027 993 5081 ¹32.
1022 5030 1066 5079 20.
1088 5024 1298 5091 Iustr'tueornns]
1320 5024 1398 5079 Eius·
1418 5024 1488 5075 veu.
1505 5052 1543 5066 -
1561 5024 1682 5075 Iustttu-

355 5104 463 5148 tionum
484 5098 574 5149 Paris.
596 5096 673 5151 Basa.
712 5096 783 5149 tbtd.
804 5095 871 5149 utra·
888 5098 1012 5167 seniendi]
1033 5100 1111 5152 Base.
1131 5128 1168 5142 -
1187 5100 1322 5151 librariam
1341 5096 1538 5173 (steps-cundo
1559 5101 1625 5151 Vcn.
1644 5126 1682 5143 ι-

354 5172 430 5224 labro
450 5172 509 5227 Vto
528 5172 608 5227 titus.
628 5200 664 5217 -
682 5172 748 5225 libra·
767 5172 903 5225 undosus·
922 5172 1009 5233 Ponte.
1047 5180 1093 5234 27.
1113 5173 1203 5227 verba
1222 5173 1328 5229 seclusa
1349 5190 1404 5229 om.
1424 5174 1500 5228 ttius.
1519 5171 1599 5230 Bais.
