4434 5959
654 1467 713 1573 c,
756 1414 928 1575 lom
969 1385 1328 1576 maiolus

802 1785 888 1850 Ans
911 1781 1187 1850 RHETORICA

336 2035 706 2134 HERMAGORAE,
742 2036 1029 2135 CICERONIS,
1056 2036 1399 2139 QUINTnnANl,
1437 2035 1650 2140 AQUlLlI,

530 2249 890 2350 MARCOMANNI,
919 2249 1156 2353 TATIANI,
1182 2249 1459 2340 FELmlTER„

892 2463 1095 2478 ῃ

627 2589 691 2657 10.
714 2589 844 2656 CASP.
867 2591 1062 2658 ORELLII
1085 2589 1373 2657 PRAEFATIO.
1663 2619 1677 2668 ι

336 2763 379 2828 0.
402 2758 534 2828 lulium
555 2757 731 2823 Victorem
747 2757 923 2824 Ciceronis
940 2756 1139 2823 Scholiastis
1159 2756 1385 2821 adiunximus
1406 2758 1494 2822 duas
1508 2751 1653 2843 propter

421 2873 565 2924 caissas,
597 2862 631 2914 et
657 2851 739 2934 quia
756 2873 822 2933 per
844 2873 881 2914 se
891 2849 994 2942 sarit
1017 2850 1065 2912 aa
1079 2861 1189 2913 totam
1210 2853 1369 2938 coloraret
1395 2853 1593 2916 Tullianam
1619 2865 1654 2917 'et

422 2945 693 3029 Quintilianeam
727 2956 761 3007 et
796 2944 879 3028 quia
902 2947 1007 3008 semel
1030 2945 1142 3006 odhra
1170 2945 1213 3007 alr
1241 2947 1375 3027 Angelo
1406 2944 1508 3008 Maio
1542 2949 1577 3011 V
1576 2988 1585 3008 ·
1613 2949 1652 3011 0.

422 3042 556 3103 Romae
568 3040 625 3101 Μ.
640 3039 770 3102 11000.
784 3040 921 3103 xxm.
937 3059 985 3098 ex
996 3057 1067 3100 uno
1080 3035 1312 3101 ottoboniano
1331 3036 1516 3101 Vaticanae
1537 3039 1653 3102 biblio-

422 3134 540 3195 thecae
560 3130 817 3193 membranaceo
837 3130 951 3193 codice
969 3130 1063 3193 1968.
1084 3128 1191 3193 seculi
1207 3132 1289 3194 XII.
1314 3129 1553 3196 fortunaciani
1569 3150 1651 3216 quoi
1665 3131 1694 3195 11

422 3222 705 3308 querlrctoricam
718 3221 898 3286 exhibente
906 3223 1038 3297 editus,
1062 3222 1123 3286 uia
1131 3221 1204 3286 sine
1211 3223 1265 3285 his
1272 3221 1345 3288 sais
1356 3222 1537 3288 comitibus
1545 3222 1652 3305 repeti

421 3314 594 3399 potuisset
621 3314 659 3376 in
685 3314 891 3388 Germania,
927 3335 1033 3400 quaem
1063 3327 1177 3378 tamen
1203 3314 1349 3396 optabile
1379 3314 1447 3389 sit,
1484 3327 1522 3379 ut
1547 3316 1653 3380 cuiuis

420 3407 602 3491 philologo
621 3410 794 3486 Germano
812 3406 931 3472 aditus
949 3407 997 3469 od
1019 3428 1097 3470 eum
1117 3418 1248 3490 pateat.
1302 3410 1428 3472 Omnes
1448 3409 1554 3484 enim,
1575 3409 1653 3500 qui·

422 3501 489 3564 ltus
509 3503 561 3562 uel
585 3522 664 3564 cum
684 3502 847 3566 Cicerone
873 3503 926 3564 uel
948 3521 1026 3563 cum
1050 3498 1264 3584 Quintiliano
1284 3520 1340 3563 res
1367 3512 1439 3575 est,
1472 3523 1653 3567 eocarere

423 3593 624 3678 neutiquam
645 3615 853 3676 possumus,
874 3593 940 3658 etsi
956 3614 1022 3676 per
1043 3615 1080 3657 se
1101 3603 1272 3676 spectatus
1280 3590 1411 3683 sutilis
1433 3605 1485 3658 est
1505 3595 1695 3679 scriptoris

420 3698 458 3750 et
474 3686 623 3768 ineptus.
665 3689 761 3753 Nam
779 3686 1001 3772 quodeunque
1020 3687 1100 3750 lroni
1117 3687 1235 3762 habet,
1258 3685 1338 3750 aliis
1352 3684 1470 3763 debet,
1493 3699 1532 3751 ut
1548 3689 1654 3753 index

421 3776 505 3842 libri
523 3778 670 3861 ingenue
683 3776 845 3874 fatetur.
893 3783 1132 3863 Hermagorae
1161 3801 1283 3844 nomen
1304 3777 1389 3844 ditis
1412 3799 1519 3844 aautsa
1535 3769 1654 3862 polius

419 3873 659 3954 praepositum
673 3883 780 3953 puto,
804 3891 907 3954 quam
926 3882 965 3936 ut
982 3875 1046 3936 hoc
1065 3872 1232 3955 scriptore
1253 3872 1326 3954 ipse
1347 3891 1432 3934 usus
1453 3872 1500 3936 sit
1520 3873 1652 3938 Victor.

422 3967 466 4030 In
487 3962 608 4047 Aquini
625 3963 765 4028 nomine
780 3965 958 4049 Aquilam,
988 3964 1025 4028 in
1046 3966 1172 4030 'sotiani
1197 3965 1301 4044 (sios,
1325 3977 1364 4027 ut
1382 3975 1433 4028 est
1455 3965 1598 4047 proprie
1616 3965 1652 4028 in

425 4055 567 4132 (lodice,
592 4055 736 4135 Tacina)
759 4058 936 4122 Titianum
952 4059 1121 4124 seniorem
1138 4063 1243 4124 latere
1269 4069 1359 4122 recte
1375 4056 1546 4138 scupicari
1563 4057 1695 4128 uide-2⁰

424 4161 486 4214 tur
505 4149 642 4214 Maius.
683 4153 974 4216 Marcomannum
988 4163 1196 4227 memorant,
1219 4153 1337 4215 eodem
1351 4149 1452 4214 Maio
1469 4149 1652 4227 indicante,

425 4245 696 4310 fortunatianus
721 4247 864 4328 Capper.
889 4267 928 4326 p.
958 4245 1038 4320 68„
1074 4243 1273 4310 Victorinus
1292 4265 1328 4326 p.
1354 4243 1450 4318 tntu,
1482 4242 1653 4326 Sulpicius

430 4338 552 4402 Victor
572 4359 610 4420 p.
634 4337 729 4410 283.,·
749 4337 926 4412 addimus,
949 4337 1129 4422 aliquoties
1154 4336 1258 4400 etiam
1272 4333 1432 4400 Boethius
1461 4333 1496 4396 in
1522 4339 1652 4402 Gomm.

427 4428 551 4511 Topic.
573 4430 645 4494 (lic.
674 4463 717 4476 -
757 4432 889 4496 Noster
901 4429 1019 4513 potius
1040 4432 1179 4505 Victor,
1202 4433 1304 4493 homo
1320 4424 1472 4510 alioquin
1493 4427 1651 4510 ignotas,

431 4523 551 4585 rhetor
553 4519 721 4613 sortasse
734 4524 951 4600 Gallicanus,
974 4536 1014 4587 ut
1032 4525 1196 4607 opinatur
1215 4523 1348 4596 Maius,
1365 4539 1467 4605 quam
1482 4521 1654 4604 Sulpicius
1663 4540 1695 4588 tt

430 4616 550 4680 Victor
562 4659 572 4690 ,
584 4638 631 4678 ex
639 4615 790 4680 eiusdem
801 4617 957 4682 Editoris
965 4618 1302 4691 Romaniscntentia,
1319 4615 1375 4678 cui
1384 4613 1571 4690 subscribo,
1586 4639 1655 4680 me·

435 4719 595 4772 moratur
605 4709 889 4794 Rustnollapper·.
902 4735 938 4796 p.
951 4712 1026 4776 358.
1042 4713 1110 4778 tta.
1121 4725 1258 4778 nostrae
1264 4733 1302 4795 p.
1317 4711 1391 4773 191.
1402 4707 1493 4771 inter·
1502 4730 1578 4785 cos.
1596 4713 1655 4797 qui
1682 4743 1686 4754 ·

427 4800 1067 4886 denumerisoratoriisscripserunt.-
1087 4800 1656 4890 Nosqmmcecurctissimeporul.

428 4914 505 4958 mus
514 4895 713 4978 repetiimus
725 4897 794 4962 Ed.
803 4899 1012 4973 Romanam,
1021 4900 1193 4962 nonnullis
1208 4899 1499 4964 emendationibus
1512 4896 1653 4966 additis.

415 5057 440 5108 ³.
459 5063 520 5109 hle
541 5079 629 5110 nom
647 5065 809 5126 Hermagoras
827 5067 921 5112 ollitas
941 5081 1011 5112 meaa
1026 5071 1160 5116 recentiore
1179 5067 1305 5118 rhetorica
1321 5071 1531 5123 durissimorum.

412 5129 439 5180 1.
457 5134 543 5181 lues
563 5147 649 5184 mser
665 5136 732 5184 aaut
746 5137 844 5194 inaptt.
