4434 5959
560 609 601 671 18
1072 607 1358 680 vtcuouluus
1493 615 1496 635 ³

529 750 532 758 '
562 749 653 834 quod
682 748 730 810 ad
763 769 880 813 ornnes
913 770 967 812 res
1005 759 1039 812 et
1069 748 1226 832 publiea:
1259 761 1293 813 et
1321 747 1476 830 priuatas
1506 747 1656 812 maxime
1682 747 1869 831 pertineat.

564 846 733 906 Postremo
767 842 859 904 etiam
893 845 933 906 ad
958 844 1056 907 solam
1085 843 1241 924 privatam
1274 844 1434 907 utilitatem
1466 843 1623 906 deseendit
1654 852 1686 905 et
1718 841 1760 902 ibi
1792 841 1869 904 utile

564 949 658 1020 atque
685 938 849 1000 honestum
874 936 949 1018 ipsis
972 936 1149 1000 nominibus
1169 935 1289 1021 signat..
1326 941 1401 1002 Hoc
1426 948 1519 1011 tuta,
1542 935 1662 1018 inquit,
1686 937 1773 1017 quod
1791 935 1867 997 utile

565 1042 631 1102 est:
653 1031 716 1092 hoo
738 1031 898 1104 honesta,
920 1031 982 1093 ltoe
1000 1029 1163 1104 illustris,
1194 1032 1280 1115 quod
1298 1051 1339 1092 ex
1362 1029 1427 1093 utili
1449 1043 1544 1113 atque
1565 1031 1699 1094 honesto
1718 1041 1782 1103 est:
1804 1031 1869 1092 hoe

541 1124 699 1200 ⁵eodem,
724 1122 841 1205 iuquit,
864 1122 935 1186 vita
951 1123 1101 1186 iucunda
1110 1123 1193 1200 seet.
1237 1124 1358 1208 Magne
1374 1123 1576 1188 exhortatio:
1599 1122 1624 1186 si
1647 1123 1769 1207 quidem
1787 1121 1871 1184 inter

566 1217 666 1280 studia
696 1217 840 1279 utilitatis
870 1229 963 1299 atque
981 1217 1153 1280 honestatis
1177 1216 1258 1279 cirea
1282 1217 1492 1300 eloquentiam
1514 1219 1752 1298 comparandam
1775 1206 1873 1299 (quse

566 1311 690 1393 quidem
718 1311 815 1372 studia
845 1310 973 1374 multum
1000 1311 1116 1374 babent
1139 1309 1270 1388 laboris)
1298 1310 1390 1374 etiam
1420 1309 1514 1372 vitam
1543 1310 1678 1374 iuuerem
1706 1308 1782 1372 dicit
1799 1327 1870 1370 esse

567 1395 755 1468 iucundam(
798 1403 951 1484 Superest
971 1424 1052 1484 ergo
1082 1404 1249 1485 possibile,
1287 1416 1322 1467 ut
1342 1407 1504 1479 ostendat,
1543 1401 1752 1487 eloquentiam
1773 1421 1871 1484 posse

567 1495 737 1580 consequi:
766 1496 813 1572 si,
848 1497 964 1581 inquit,
988 1497 1179 1581 eloquentia
1201 1517 1268 1562 non
1292 1499 1402 1562 solum
1421 1509 1548 1562 natura
1573 1517 1679 1580 neque
1698 1495 1871 1558 exercita-

526 1591 679 1667 ¹⁰tione,
701 1591 763 1653 sed
782 1591 886 1654 etiam
903 1603 978 1654 arte
999 1601 1150 1664 constat,
1174 1588 1320 1673 quonism
1348 1602 1446 1654 artem
1469 1590 1589 1652 discere
1616 1589 1649 1654 in
1677 1601 1785 1652 nostra
1807 1606 1869 1668 po·

567 1696 678 1754 testate
699 1695 769 1758 est,
801 1705 987 1766 possumus,
1016 1683 1136 1766 inquit,
1161 1682 1372 1766 eloquentium
1392 1682 1559 1767 consequi.
1610 1683 1646 1746 lu
1669 1683 1728 1744 bae
1751 1682 1871 1743 exhor-

565 1777 684 1842 tatione
713 1789 762 1840 est
792 1775 884 1840 etiam
916 1777 1075 1840 auxesis:
1111 1787 1205 1861 auget
1225 1776 1305 1842 enim
1330 1777 1434 1840 leudes
1455 1776 1666 1860 eloquentiae.
1716 1771 1872 1838 Aunesis

566 1890 668 1953 porro
686 1872 809 1934 duobus
832 1870 931 1934 modis
953 1869 1006 1932 fit:
1039 1869 1162 1935 ratione
1182 1879 1213 1932 et
1234 1869 1482 1950 comparatione.
1536 1869 1636 1933 Auxit
1660 1865 1878 1950 eloquentiam·

565 1962 708 2040 ratione,
731 1962 787 2026 ubi
803 1961 864 2040 ait,
888 1985 946 2045 per
961 1965 1041 2026 bane
1060 1973 1092 2024 et
1108 1961 1250 2044 publicas
1265 1971 1297 2023 et
1307 1963 1447 2043 priuatas
1466 1983 1517 2025 res
1533 1961 1739 2026 administrari
1753 1979 1870 2042 posse:

526 2065 556 2113 :s
567 2077 625 2138 per
644 2056 742 2132 bauo,
766 2055 861 2119 vitam
883 2065 997 2131 tutam,
1033 2057 1216 2130 honestam,
1239 2054 1409 2129 illustrem,
1431 2054 1595 2138 iucundam
1616 2057 1776 2118 futuram:
1812 2073 1872 2133 per

565 2149 648 2212 bene
675 2170 769 2213 ooitm
788 2171 944 2234 quemque
971 2149 1018 2214 rei
1045 2149 1208 2232 publicae,
1247 2147 1308 2211 sibi
1329 2160 1423 2231 :tque
1452 2150 1559 2212 aroieis
1587 2151 1739 2231 prodesse
1760 2165 1873 2227 posse.

566 2244 676 2326 Auget
699 2263 776 2307 vero
804 2243 1011 2327 eloquentiam
1032 2245 1287 2326 comparatione,
1322 2263 1417 2326 quum
1440 2242 1482 2306 ait
1508 2243 1668 2308 locutione
1691 2241 1762 2304 sola
1783 2237 1873 2311 lieri,

566 2346 603 2399 ut
630 2334 729 2399 beluis
750 2335 988 2412 antecedamus,
1027 2359 1121 2420 quum
1147 2335 1221 2400 alias
1254 2335 1423 2398 inferiores
1458 2335 1557 2400 beluis
1586 2334 1699 2409 simus,
1730 2332 1876 2414 praecla-

568 2448 700 2511 rumque
722 2449 807 2504 esse,
831 2428 858 2491 si
880 2441 1014 2512 propter
1036 2432 1122 2512 quod
1143 2428 1242 2492 beluis
1263 2439 1424 2510 praestas,
1447 2427 1510 2490 boe*
1527 2427 1605 2509 ipsis
1624 2427 1716 2490 etiam
1737 2423 1876 2489 homini·

526 2521 627 2582 :oeus
649 2521 833 2595 antecellas:
856 2524 942 2605 quod
966 2522 1086 2604 poterit
1107 2522 1196 2595 fieri,
1220 2519 1247 2582 si
1268 2520 1418 2604 eloquens
1440 2519 1552 2582 fueris.
1607 2521 1698 2582 Nune
1724 2518 1874 2601 quoniam

568 2612 799 2677 exhortationis
817 2624 911 2698 etque
933 2615 1077 2680 mereris
1097 2627 1266 2696 praerepto
1283 2613 1544 2690 monstravimus,
1579 2615 1618 2676 ad
1637 2610 1876 2693 interpretatio·

568 2727 638 2770 nero
659 2706 691 2769 io
713 2705 760 2769 bis
781 2706 904 2789 positae
925 2707 1081 2776 orationis
1103 2709 1277 2770 redeamus.

651 2804 766 2884 Quare
777 2821 852 2863 meo
861 2799 995 2884 quidem
1002 2800 1235 2866 animonileilo
1250 2800 1362 2866 minue
1374 2800 1582 2884 eloquentiae
1593 2797 1798 2864 :uidendum
1808 2797 1884 2875 estJ.

570 2894 689 2974 Quarta
711 2892 761 2957 ills
792 2893 912 2957 tiresis:
943 2895 1127 2958 studendum
1150 2905 1197 2958 est
1219 2895 1431 2979 eloquentiae,
1466 2897 1520 2958 sed
1542 2891 1680 2979 quaesit
1702 2892 1797 2955 mixta
1823 2911 1875 2952 s:-

526 2997 559 3053 2⁵
569 2986 716 3069 pientiae.
759 2988 802 3050 Et
824 2989 1021 3063 verecunde,
1056 2991 1140 3052 Meo
1162 2987 1287 3072 (inquit)
1308 2989 1441 3064 animo,
1464 2987 1596 3072 nequid
1620 2986 1681 3050 sibi
1702 3003 1876 3066 usurpasse

570 3081 725 3144 videatur.
778 3081 853 3144 Non
875 3080 954 3144 dixit
973 3083 1182 3166 eloquentiae
1201 3081 1405 3146 studendum
1432 3102 1564 3146 censeo.
1608 3081 1669 3144 Sed
1689 3080 1778 3164 quod
1806 3077 1875 3150 ait,

570 3174 676 3236 nihilo
690 3173 819 3248 minus,
842 3173 874 3236 id
888 3185 946 3250 est,
970 3197 1159 3258 quemquam
1174 3175 1267 3238 mults
1283 3175 1479 3239 incommoda
1498 3173 1635 3238 attulerit
1649 3173 1694 3235 oei
1712 3169 1874 3252 publicae,

571 3277 672 3328 tameo
689 3265 885 3348 eloquentiae
898 3269 1085 3330 studendum
1100 3280 1167 3344 est,
1191 3271 1246 3332 sed
1261 3279 1295 3331 ut
1309 3268 1339 3331 ei
1352 3267 1534 3351 sapientiem
1556 3266 1795 3348 eoniuogomua.

654 3359 731 3422 Etsi
761 3380 804 3420 ea
834 3359 973 3443 quidam
1003 3373 1037 3424 et
1061 3361 1225 3443 privatin:
1254 3374 1288 3424 et
1321 3361 1454 3444 publice
1480 3381 1639 3443 peruerse
1668 3355 1879 3434 abtum]

530 3449 691 3533 ttMsgoe
716 3451 913 3526 exhortatio,
937 3475 1031 3535 quum
1053 3452 1118 3515 ait:
1156 3455 1322 3538 Quadam,
1348 3466 1400 3528 ut,
1424 3455 1450 3517 si
1470 3453 1564 3536 pauci
1582 3462 1672 3526 suut,
1695 3449 1786 3514 fenile
1816 3470 1880 3529 op·

571 3540 665 3624 primi
689 3563 783 3623 posse
808 3543 983 3606 rideantur.
1025 3546 1190 3612 Privatim
1218 3559 1250 3609 et
1272 3547 1418 3630 publice]
1473 3549 1538 3612 Res
1565 3545 1644 3610 erum
1670 3543 1799 3625 publiea
1828 3541 1883 3604 bis

438 3638 442 3659 ¹
463 3629 469 3638 ¹
572 3636 695 3698 duobm
717 3645 859 3710 constet,
883 3637 1060 3702 bominibus
1082 3651 1113 3702 et
1135 3639 1325 3704 civitatibus.

655 3729 815 3792 Perverse
841 3729 1042 3810 mutentur]
1093 3733 1195 3796 Obest
1222 3733 1302 3796 enim
1334 3734 1380 3797 rei
1406 3732 1572 3816 publicae,
1607 3735 1693 3818 quod
1722 3733 1881 3814 prodesse

572 3821 720 3884 debebat.

531 3927 562 3978 :s
654 3917 791 3996 Magno
809 3938 887 3979 eum
900 3917 1104 3988 detrimento
1122 3921 1336 3984 bonorumet
1358 3921 1529 3985 communi
1545 3920 1696 3984 omnnem
1710 3915 1883 4000 pernicie]

573 4007 616 4072 Et
640 4009 693 4069 hio
714 4007 832 4088 optime
862 4013 1061 4076 exhortatur.
1113 4015 1162 4077 Ne
1188 4015 1257 4097 quis
1279 4013 1359 4078 enim
1382 4015 1518 4090 diceret,
1550 4015 1624 4098 quid
1647 4033 1732 4085 roes,
1755 4010 1781 4072 si
1799 4009 1883 4071 boni

573 4099 814 4182 periclitantur?
842 4114 929 4168 reete
958 4103 1094 4168 addidit:
1128 4117 1161 4169 et
1191 4108 1362 4170 communi
1388 4107 1539 4172 omnium
1563 4105 1727 4190 pernicie.
1784 4104 1883 4186 Ergo

575 4196 757 4256 stude-udum
776 4207 824 4258 est
846 4197 1066 4280 eloquentiae,
1090 4220 1128 4262 ne
1150 4201 1376 4282 opprimemur.

657 4290 751 4352 Nam
771 4289 849 4353 ltine
869 4292 916 4354 od
935 4313 1008 4354 rem
1026 4293 1198 4375 publicam
1214 4295 1366 4377 plurima
1385 4295 1564 4360 commoda
1583 4292 1738 4366 venisent,
1760 4289 1791 4353 si
1807 4309 1885 4352 mo·

533 4379 734 4445 &deratrix
754 4384 907 4449 omnium
927 4407 1043 4452 rerwn
1062 4397 1204 4467 praesto
1231 4399 1278 4450 es:
1304 4388 1482 4470 sapientia]
1532 4387 1617 4449 Beue
1639 4384 1808 4474 persuadet
1830 4403 1885 4444 sa·

574 4471 722 4553 pientiam
745 4474 931 4560 iungendam
951 4500 1021 4542 esse
1042 4477 1260 4562 eloquentiae:
1293 4481 1318 4544 si
1340 4481 1462 4563 quidem
1482 4501 1585 4542 remim
1612 4478 1749 4542 omnium
1772 4477 1885 4538 mode·

574 4567 674 4626 ratris
697 4579 764 4638 est„
814 4571 907 4653 Ergo
930 4575 1044 4648 mttlta,
1078 4573 1200 4654 iuquit,
1236 4575 1275 4638 ad
1300 4594 1366 4636 reru
1390 4573 1545 4654 publicam
1564 4573 1725 4634 commod:
1753 4567 1886 4630 veniunt

575 4679 615 4730 en
635 4659 812 4741 eloquentia
842 4664 890 4725 vel
913 4666 1076 4748 sapientie.
1123 4669 1185 4730 Sed
1204 4667 1278 4749 quia
1305 4667 1392 4730 multi
1416 4665 1556 4748 propriis
1576 4664 1676 4746 magis
1697 4661 1884 4724 utilitatibus

576 4751 688 4812 volunt
708 4774 777 4815 esse
800 4756 996 4832 consultum,
1021 4770 1106 4822 recte
1130 4759 1284 4822 subdidit:
1308 4761 1397 4824 Hine
1410 4760 1456 4821 all
1468 4759 1576 4841 ipsos,
1601 4757 1658 4840 qui
1673 4776 1748 4816 eam
1765 4753 1886 4834 adepti

533 4860 564 4908 ts
575 4855 665 4919 surrt,
682 4847 769 4922 lares,
785 4846 909 4923 boam,
925 4851 1248 4944 dignitaseonfluit:
1264 4877 1343 4937 quse
1356 4853 1457 4917 onmia
1470 4865 1502 4914 et
1514 4851 1597 4914 utilia
1610 4862 1682 4910 stunt
1692 4857 1724 4910 et
1734 4837 1884 4910 honesta.

586 4985 963 5006 Ἢ

650 5075 693 5121 m.
711 5067 743 5118 St
761 5105 797 5120 ..
820 5111 827 5124 .
847 5076 932 5121 ettam
958 5080 1022 5125 arte
1049 5083 1177 5139 cernar,
1205 5080 1333 5146 qreonr'am
1358 5075 1462 5147 artem]
1500 5077 1532 5128 lo
1564 5070 1736 5146 praecedenti
1759 5069 1885 5126 editione

573 5156 717 5212 perperam
738 5142 996 5220 inrerpnnqebatnqz
1016 5147 1048 5199 Si
1066 5186 1074 5202 .
1094 5189 1102 5206 .
1122 5189 1129 5204 .
1149 5155 1236 5202 etiarn
1255 5160 1318 5203 arte
1336 5160 1456 5204 constat.
1494 5149 1633 5220 Quoru'ans
1650 5163 1704 5201 eet.
1724 5146 1809 5200 Care.
