4434 5959
543 570 608 635 304
1089 576 1324 643 BOETHIUS

539 714 635 781 niodo
654 721 758 775 tamen
789 713 871 779 dotis
889 725 982 799 parte
1001 716 1158 781 multanda
1176 728 1236 781 est.
1282 716 1344 781 Sed
1365 715 1427 781 viri
1444 716 1538 799 culpa
1559 716 1732 781 disortium
1748 716 1876 779 sactnui

538 826 600 879 esi.
644 815 721 877 Non
752 806 850 891 igitur
882 809 951 873 iure
981 810 1093 873 mulier
1122 811 1206 875 dotis
1242 822 1334 894 parte
1363 812 1557 876 multabitur.
1615 814 1713 892 Quod
1741 812 1771 874 si
1803 834 1875 875 non

544 907 728 972 multabitur
750 908 834 971 dotis
847 914 959 986 parte,
981 903 1057 965 niliil
1071 904 1102 965 in
1126 904 1187 967 viri
1209 905 1306 968 donio
1327 903 1502 968 liberorum
1518 926 1609 969 causa
1637 906 1721 969 dotis
1738 907 1875 968 nomine

543 1002 753 1087 relinquetur.
797 998 860 1061 Sed
880 1018 945 1061 non
969 996 1151 1060 multabitur
1172 998 1255 1062 dotis
1277 1010 1380 1080 parte.
1422 1000 1511 1062 Nihil
1534 999 1631 1084 igitur
1652 1002 1739 1080 apud
1761 998 1875 1060 virum

516 1098 629 1161 sdotis
651 1117 713 1179 pro
736 1092 846 1158 liberis
867 1090 1077 1173 relinquetur.
1132 1089 1313 1176 Utriusque
1329 1112 1409 1155 vero
1432 1093 1597 1158 conclusio
1618 1091 1799 1175 syllogismi
1820 1102 1875 1153 est

542 1191 639 1253 liaec:
664 1188 699 1252 Si
723 1187 824 1272 igitur
847 1184 907 1248 viri
936 1185 1029 1267 culpa
1051 1184 1169 1247 lactum
1202 1195 1251 1247 est
1279 1184 1473 1260 divortium,
1505 1207 1568 1270 pro
1596 1187 1705 1249 liberis
1737 1207 1874 1250 manere

542 1284 618 1347 iiibil
642 1293 783 1367 oportet.
828 1282 1063 1362 Argumentum
1083 1280 1125 1340 ab
1147 1298 1206 1353 eo,
1237 1280 1326 1362 quod
1346 1277 1377 1340 in
1399 1278 1472 1361 ipso
1495 1292 1568 1356 est,
1585 1283 1624 1343 de
1645 1302 1711 1366 quo
1732 1282 1883 1364 agitur}

543 1388 689 1443 versatur
704 1375 821 1463 quiippe
842 1372 975 1436 intentio
997 1373 1036 1434 dc
1057 1370 1142 1434 dotis
1162 1381 1254 1451 parte
1276 1370 1407 1453 eiusque
1428 1376 1513 1455 apud
1535 1373 1639 1436 virum
1661 1384 1738 1455 post
1752 1374 1874 1438 divor-

539 1470 635 1580 tiuip,
673 1473 760 1556 quod
783 1488 867 1532 uxor
888 1465 990 1549 prinia
1017 1464 1235 1539 nuntiaverat,
1269 1464 1466 1529 retentione:
1500 1468 1565 1530 lioc
1592 1488 1671 1531 vero
1693 1471 1873 1533 antecessit

498 1564 604 1629 ttriri
625 1565 743 1647 culpa,
763 1564 868 1645 quod,
893 1558 965 1643 quia
987 1560 1180 1639 praecedens
1202 1567 1268 1633 est,
1292 1559 1438 1621 allectum
1455 1573 1519 1623 est.
1543 1582 1636 1625 omne
1652 1562 1750 1636 enim,
1773 1566 1872 1645 quod

542 1658 751 1749 praecedit,
754 1658 794 1719 ad
814 1655 863 1731 id,
898 1652 984 1736 quod
1016 1650 1183 1734 sequitur,
1220 1672 1349 1715 necesse
1372 1663 1476 1715 estut
1497 1655 1670 1717 referatur.
1714 1657 1871 1720 Maxima

492 1766 495 1773 ’
542 1754 745 1837 propositio:
768 1750 831 1817 Ubi
854 1760 902 1813 est
924 1747 1129 1820 antecedens,
1158 1743 1206 1808 ibi
1226 1746 1286 1808 erit
1306 1767 1519 1831 consequens.
1562 1747 1639 1811 At
1629 1770 1662 1811 in
1681 1749 1741 1811 liae
1763 1771 1871 1833 quae·

541 1849 645 1912 stione
668 1859 717 1911 cst
738 1847 945 1917 antecedens,
974 1840 1008 1903 id
1035 1850 1100 1913 est,
1136 1837 1197 1902 vii-i
1207 1840 1310 1921 culpa
1332 1839 1450 1901 factum
1474 1840 1664 1905 divortium:
1696 1843 1771 1904 ibi
1763 1843 1871 1927 igitur

542 1962 740 2026 consequens
773 1940 851 2015 erit,
889 1945 995 1999 sertas
1023 1952 1088 1996 non
1114 1932 1258 1995 retineri.
1311 1931 1379 1997 Cui·
1407 1943 1512 1997 autem
1534 1935 1576 1997 ita
1598 1938 1743 2018 superius
1765 1961 1871 2023 argu·

500 2048 532 2098 is
543 2046 680 2099 mentum
703 2030 960 2097 conclusionibus
980 2025 1188 2101 intexuerim,
1220 2047 1316 2107 quum
1344 2027 1385 2089 de
1407 2026 1455 2089 his
1477 2028 1530 2091 M.
1538 2028 1666 2136 Tullio
1686 2031 1783 2094 latius
1804 2054 1880 2095 exe

543 2138 695 2212 sequente
717 2137 917 2198 tractavero,
942 2120 1119 2185 evidentius
1142 2118 1320 2201 apparebit.

626 2219 726 2300 (Cap.
750 2220 781 2281 l.
805 2224 837 2295 5.
860 2216 985 2295 enA)
1007 2212 1290 2297 consequentibus
1311 2246 1354 2260 ·-
1375 2244 1417 2257 -
1437 2248 1479 2262 -
1500 2246 1543 2261 ·-
1563 2214 1650 2279 nihil
1669 2230 1823 2301 oportet.

627 2310 866 2399 Consequentia
895 2320 987 2383 sunt,
1012 2326 1113 2390 quae,
1139 2327 1236 2390 quum
1259 2306 1380 2371 inerint
1399 2312 1613 2373 antecedentia
1632 2314 1761 2394 posita,
1784 2336 1870 2377 con·

541 2418 741 2493 sequuntur3¹
768 2402 913 2467 veluti
888 2424 915 2465 si
937 2402 1095 2465 dicamust
1132 2400 1172 2465 si
1195 2403 1298 2464 liomo
1322 2416 1395 2479 est,
1430 2405 1562 2468 animal
1581 2418 1652 2478 eata
1674 2407 1791 2470 animal
1816 2420 1870 2469 est

498 2512 753 2584 ttconseqiiens.
798 2495 892 2561 Sed'
883 2517 915 2558 in
936 2492 1107 2577 proposito
1130 2496 1277 2575 exemplo
1299 2514 1364 2559 ιιοιι
1386 2496 1462 2560 satis
1481 2512 1614 2581 apparet
1630 2522 1647 2562 a
1664 2521 1870 2585 consequen·

541 2596 625 2658 tibus
655 2604 894 2678 argumentum,
928 2591 983 2651 sed
1014 2588 1054 2649 ab
1089 2587 1345 2650 antecedentibus
1373 2589 1507 2671 potius,
1545 2594 1633 2674 quod
1654 2594 1766 2673 paullo
1788 2605 1869 2675 post

540 2686 689 2773 liquebit.
739 2685 813 2750 Filii
843 2704 905 2749 non
927 2684 998 2745 iure
1027 2680 1165 2761 suscepti
1186 2681 1218 2743 in
1243 2692 1369 2763 patrum
1392 2704 1455 2745 nou
1477 2698 1568 2747 erant
1589 2696 1769 2768 potestate,
1804 2690 1869 2750 sed

541 2794 656 2847 inatres
685 2780 791 2862 potius
813 2778 1042 2859 sequebantur.
1087 2774 1162 2836 Nou
1192 2785 1294 2837 autem
1317 2776 1463 2839 omuibus
1485 2790 1554 2840 erat
1575 2780 1767 2842 connubium
1791 2802 1867 2843 ciiiii

540 2873 713 2952 linitionis,
736 2896 795 2939 nec
815 2885 904 2937 erant
925 2870 1052 2952 nuptiae
1074 2868 1143 2930 iure
1162 2878 1366 2945 contractae,
1390 2891 1472 2953 quae
1492 2892 1557 2934 non
1580 2884 1635 2935 aut
1654 2874 1737 2936 inter
1758 2873 1868 2937 civem

497 2975 529 3025 25
542 2972 719 3035 Romanum
743 2968 909 3052 civemque
933 2968 1107 3030 Romanam
1131 2959 1308 3036 inibantur,
1346 2975 1400 3025 aut
1427 2964 1478 3025 cui
1507 2966 1656 3048 princeps
1682 2969 1870 3049 populusve

539 3063 700 3127 civitatem
725 3063 776 3125 vel
805 3058 997 3124 connubium
1029 3055 1123 3138 [non]
1146 3053 1360 3135 permisisset,
1395 3078 1436 3120 eo
1468 3059 1589 3121 scilicet
1617 3062 1734 3136 modo,
1774 3072 1809 3124 ut
1833 3064 1876 3125 iii·

538 3168 728 3264 potestatem
769 3167 938 3237 parentum
972 3150 1062 3214 liberi
1101 3148 1336 3254 redigerentur.
1393 3150 1477 3213 lllud
1508 3172 1638 3236 quoqne
1671 3154 1866 3231 ridendum,

540 3252 628 3337 quod
650 3271 690 3313 ex
712 3248 825 3331 inipari
848 3245 1047 3310 matrimonio
1069 3241 1208 3323 suscepti
1229 3263 1295 3305 uon
1317 3254 1458 3323 patrem,
1491 3249 1548 3307 sed
1570 3260 1701 3309 matrem
1724 3272 1867 3332 sequun-

540 3354 605 3406 tur.
657 3344 751 3425 Ergo
782 3342 932 3426 quaedam
965 3340 1108 3401 Romana
1140 3336 1189 3398 vel
1211 3356 1281 3397 cuiu
1304 3338 1424 3399 Latino
1447 3340 1497 3400 vel
1519 3360 1588 3400 cnm
1612 3342 1787 3423 peregrino
1811 3347 1865 3407 rel

497 3442 611 3513 iteum
634 3456 748 3510 servo,
774 3455 844 3496 cuin
867 3453 932 3515 quo
955 3428 1136 3493 connubii
1127 3449 1175 3491 uit
1198 3450 1262 3492 non
1285 3442 1370 3503 erat,
1396 3432 1523 3512 nuptias
1537 3432 1631 3509 lecit,
1655 3436 1761 3497 dotem
1783 3458 1866 3499 con-

540 3528 631 3602 uitii;
652 3526 805 3611 laetoque
826 3525 910 3588 inter
933 3544 988 3587 cos
1011 3521 1152 3586 divortio
1175 3523 1395 3599 contenditur,
1421 3545 1460 3586 an
1482 3536 1598 3605 nuptae
1621 3528 1758 3590 mulieris
1788 3554 1864 3593 cuin

540 3641 600 3695 eo,
636 3641 707 3683 ciun
737 3640 803 3703 quo
832 3616 1014 3681 connubii
1004 3638 1052 3679 uis
1075 3635 1137 3677 non
1161 3627 1247 3689 erat,
1285 3619 1369 3697 apud
1392 3617 1491 3679 virum
1514 3618 1597 3682 dotis
1620 3640 1695 3702 pars
1717 3633 1793 3702 post
1814 3624 1866 3685 di·

543 3714 682 3779 vortium
716 3715 829 3775 debeat
859 3730 1057 3793 permanere.
1101 3709 1165 3769 Hic
1186 3708 1363 3772 subiectum
1386 3711 1511 3793 quidem
1535 3725 1605 3775 est:
1628 3726 1727 3794 nupta
1748 3717 1865 3779 mulier

540 3828 610 3871 cum
633 3828 699 3892 quo
721 3804 910 3869 connubium
934 3824 997 3867 non
1020 3812 1106 3875 erat;
1141 3804 1356 3882 praedicatum
1390 3826 1499 3868 veros
1533 3806 1620 3869 dotis
1649 3807 1747 3887 partis
1776 3814 1865 3890 apud

496 3901 643 3964 teviriim
672 3911 746 3983 post
774 3898 947 3962 diuortium
982 3895 1166 3959 retentionis
1195 3897 1264 3960 iure
1293 3898 1490 3979 permansio.
1557 3900 1699 3964 Suiuitiir
1732 3922 1815 3985 ergo
1844 3922 1865 3965 a

538 3992 808 4077 consequentibus
840 4001 1057 4075 argumentum
1087 3989 1152 4052 lioc
1180 3992 1298 4054 modo:
1343 3993 1425 4053 Nam
1448 3992 1521 4074 quia
1543 3996 1668 4075 nuptias
1689 3993 1768 4057 fecit
1790 4016 1864 4059 cum

538 4104 601 4162 eo,
642 4106 712 4149 cum
735 4106 801 4170 quo
823 4084 1049 4148 connubiiius
1072 4084 1189 4145 nullum
1212 4095 1280 4159 est,
1317 4084 1351 4147 id
1372 4084 1596 4169 consequitur,
1632 4098 1666 4148 iit
1689 4087 1782 4150 liberi
1804 4110 1871 4170 pa·-

538 4190 618 4243 trcm
648 4200 712 4243 non
745 4190 929 4263 sequantur.
989 4177 1022 4239 Si
1052 4188 1154 4239 autem
1177 4176 1271 4239 liberi
1299 4190 1424 4259 patrem
1447 4190 1732 4263 consequuntur,
1765 4202 1808 4244 ne
1828 4184 1862 4245 in

539 4271 638 4355 patris
659 4274 784 4357 quidem
813 4284 885 4335 sunt
914 4281 1086 4354 potestate.
1144 4274 1187 4334 At
1208 4272 1235 4334 si
1255 4272 1294 4349 iii,
1310 4272 1410 4353 patris
1432 4284 1590 4353 potestate
1613 4295 1676 4338 non
1698 4286 1773 4337 sunt
1796 4298 1863 4339 ina-

494 4364 641 4450 tetrique
675 4366 898 4448 applicantur,
936 4367 1022 4447 apud
1057 4364 1160 4427 virum
1190 4364 1274 4427 dotis
1303 4388 1377 4447 pars
1408 4388 1470 4428 non
1506 4367 1627 4448 poterit
1658 4389 1860 4450 permanere.

538 4460 603 4523 Hic
624 4460 720 4545 igitur
743 4464 931 4524 antecedens
953 4470 1024 4523 est:
1063 4480 1133 4521 cuni
1155 4478 1216 4533 co,
1250 4480 1322 4521 cum
1345 4481 1411 4542 quo
1433 4460 1584 4523 connubii
1611 4462 1659 4524 iiis
1681 4484 1745 4528 non
1768 4478 1859 4541 erat,

541 4552 686 4636 miptiae;
721 4575 936 4639 consequens:
973 4552 1050 4615 nibil
1072 4572 1132 4633 pro
1154 4551 1262 4615 liberis
1285 4552 1367 4615 dotis
1393 4552 1522 4615 nominc
1544 4576 1670 4618 manere
1691 4572 1861 4641 oportere.

543 4644 765 4711 Concludatur
796 4646 1048 4732 argumentatio:
1079 4646 1237 4726 Quoniam
1265 4667 1330 4710 non
1363 4646 1521 4727 permisso
1557 4651 1720 4713 connubio
1749 4654 1860 4731 liberi,
1956 4715 1957 4718 ,

538 4741 593 4821 qui
615 4752 847 4821 procreantur,
883 4752 1005 4822 patrem
1029 4760 1092 4803 uon
1120 4750 1318 4819 sequuntur,
1357 4760 1395 4803 ne
1422 4741 1507 4804 dotis
1529 4742 1654 4827 quidem
1677 4766 1755 4825 pars
1778 4750 1863 4829 apud

495 4843 662 4916 tspatrem
697 4853 760 4915 pro
793 4832 901 4897 liberis
938 4853 1066 4895 niauere
1095 4835 1207 4909 debet,
1242 4836 1369 4918 quando
1401 4833 1525 4919 quidem
1554 4856 1618 4899 uon
1640 4848 1762 4918 patrein
1784 4840 1859 4916 lilii,

608 5092 659 5149 25.
681 5087 842 5143 i'iii'rdriutur
860 5088 938 5141 Eius.
958 5090 1025 5142 Veii.
1046 5090 1089 5145 26.
1104 5106 1160 5140 uon
1180 5104 1237 5142 om.
1256 5090 1324 5143 ten.
1338 5092 1423 5145 Paiis.
1453 5096 1499 5152 50.
1521 5092 1685 5145 conaiidi‘iuii
1703 5112 1762 5148 ιιοιι
1777 5098 1860 5153 l'aii's.
