4434 5959
880 557 916 593 ”
968 591 1207 658 ravonrns
1229 588 1463 656 eunomus

911 817 949 870 n.
1022 781 1027 928 l
1098 817 1146 873 ιν.
1216 780 1221 928 l
1281 817 1357 871 νιιι.
1413 779 1418 928 l
1474 817 1549 872 ιινι.

558 1020 644 1101 Quid
664 1032 726 1083 tam
755 1020 942 1086 diversum?
978 1027 1098 1088 Tamen
1129 1023 1301 1086 naturalem
1334 1021 1416 1085 inter
1445 1043 1497 1084 eas
1526 1041 1621 1084 cerne
1654 1019 1870 1084 concordiam.

556 1115 629 1179 Duo
651 1114 782 1196 primam
803 1137 873 1178 cum
896 1130 1060 1192 extremas
1084 1118 1158 1182 item
1181 1139 1274 1180 atnam
1296 1138 1337 1180 ex
1360 1116 1521 1178 mediisin
1544 1136 1631 1190 sese;
1655 1118 1781 1178 eandem
1805 1119 1872 1180 col-

556 1210 657 1293 ligent
679 1209 892 1293 quantitatem.
952 1209 1008 1275 Bis
1030 1213 1143 1274 etenim
1173 1233 1244 1276 ιινι.
1268 1211 1353 1272 ducti
1376 1231 1484 1272 xxxrr.
1508 1208 1666 1286 efficiunt,
1706 1222 1737 1272 et
1759 1213 1872 1272 sexde-

557 1303 621 1369 cies
642 1302 708 1366 bini
727 1303 808 1366 idem
831 1305 998 1390 colligunt.
1043 1307 1200 1370 Medietas
1223 1325 1303 1370 vero
1326 1303 1428 1386 prima
1452 1304 1481 1365 in
1504 1305 1653 1365 seducta
1676 1320 1785 1365 xxxia.
1805 1303 1873 1368 col·

532 1391 652 1482 ⁵tigit‚
684 1401 770 1480 quod
799 1397 921 1462 faciunt
950 1403 1060 1464 ambae
1083 1401 1265 1480 medietates¹
1287 1399 1347 1462 sibi
1369 1398 1544 1461 consertae.
1590 1397 1737 1481 Namque
1761 1410 1872 1480 quater

558 1492 667 1557 octoni
688 1513 795 1557 xxxn.
819 1504 851 1556 et
873 1493 972 1557 octies
991 1493 1140 1578 ,quaterni
1161 1515 1270 1556 xxxta.
1302 1492 1453 1557 efficiunt.
1510 1492 1618 1574 Atque
1649 1490 1693 1554 ita
1722 1491 1872 1554 naturalis

555 1587 611 1650 illa
632 1584 733 1648 sanitas
760 1588 1033 1672 congruentiaque
1055 1599 1220 1664 servatur,
1252 1589 1324 1648 dum
1347 1585 1427 1652 idem
1451 1597 1523 1649 sunt
1546 1597 1705 1662 extrema,
1730 1589 1819 1671 quod
1843 1598 1873 1648 et

558 1678 679 1754 media,
715 1679 915 1764 mediumque
952 1681 984 1744 in
1018 1703 1052 1744 se
1088 1705 1213 1746 versum
1250 1691 1466 1744 extremorum
1504 1679 1620 1741 efficiat
1656 1681 1871 1763 quantitatem.

559 1770 667 1854 Quid?
704 1774 791 1854 quod
811 1774 886 1837 item
908 1785 1021 1837 notare
1042 1797 1101 1840 nos
1124 1773 1291 1850 convenit,
1330 1777 1368 1836 ad
1398 1773 1648 1856 perspiciendam
1670 1793 1873 1836 numerorum

516 1861 640 1930 ¹⁰ioter
660 1886 696 1928 se
718 1866 893 1928 caritatem.
937 1867 981 1930 Ut
1003 1869 1083 1931 enim
1105 1869 1206 1952 prima
1237 1867 1386 1930 medietas
1408 1889 1478 1928 cum
1501 1877 1641 1928 extrema
1666 1885 1783 1928 summa
1807 1865 1874 1929 col-

557 1961 638 2023 lecta
648 1978 740 2022 ιιιιι.
754 1958 869 2034 efficit;
881 1959 924 2021 ita
931 1964 1066 2024 secunda
1075 1964 1223 2026 medietas
1234 1959 1294 2025 sibi
1307 1961 1475 2042 complexa
1484 1969 1579 2044 atque
1591 1959 1622 2020 in
1631 1970 1729 2044 semet
1742 1961 1875 2022 adducta

558 2056 707 2126 eandem,
725 2074 817 2135 qnam
826 2054 921 2117 modo
933 2055 1037 2134 posui,
1053 2055 1182 2118 exbibet
1190 2053 1406 2139 quantitatem.
1432 2055 1522 2116 Haec
1534 2053 1563 2112 ia
1576 2053 1770 2115 arithmetica
1781 2051 1875 2115 disei-

558 2150 642 2232 plina
651 2148 834 2230 proportio,
850 2151 973 2212 Graece
985 2147 1157 2235 ἀναλογία,
1171 2159 1337 2212 censetur:
1350 2167 1429 2228 quae
1442 2145 1750 2227 pulmentorum
1764 2149 1875 2208 ordine

558 2244 605 2307 sic
616 2242 846 2325 progreditur,
863 2255 896 2304 ut
912 2244 1019 2307 mediis
1031 2257 1173 2307 extrema
1189 2243 1352 2324 primaque
1369 2241 1556 2324 coniungat,
1579 2237 1875 2322 faciatqueeadem,

517 2331 548 2380 ¹⁵
559 2355 639 2420 quae
651 2335 777 2396 fuerant
793 2347 904 2398 natura
916 2336 1063 2400 discreta.
1088 2340 1190 2419 Quam
1204 2335 1332 2398 insonis
1347 2355 1476 2419 quoque
1491 2331 1671 2395 caelestium
1681 2331 1875 2395 circulorum

558 2427 705 2491 divinitus
720 2449 790 2490 esse
804 2441 980 2506 servatam,
1004 2432 1184 2496 doctissime
1200 2429 1324 2492 'l'ullius
1337 2429 1404 2510 ipse
1416 2429 1633 2502 commendat,
1658 2426 1783 2488 dieeos:
1808 2424 1878 2507 Qui

558 2521 749 2586 intervallis
770 2522 961 2587 disiunctus
982 2524 1191 2608 imparibus,
1215 2522 1276 2585 sed
1297 2533 1411 2584 tomen
1432 2543 1499 2604 pro
1521 2531 1600 2582 rara
1617 2531 1719 2601 porte
1740 2518 1877 2582 ratione

558 2613 753 2697 dispositis,
778 2615 930 2698 impulsu
950 2639 1070 2680 eornm
1091 2619 1227 2682 orbium
1248 2613 1413 2703 ffcitur.
1468 2615 1558 2676 Haec
1580 2625 1627 2676 est
1648 2613 1727 2676 enim
1752 2613 1878 2674 Graece

559 2706 724 2790 analogia,
747 2728 829 2790 quae
851 2729 1008 2791 utinquam
1030 2709 1061 2772 in
1083 2713 1206 2774 duobus
1221 2709 1422 2785 ostenditur,
1452 2711 1507 2772 sed
1529 2707 1631 2770 tribus
1654 2717 1685 2768 et
1707 2705 1878 2784 deinceps;

516 2796 593 2866 20ιιῐ
622 2803 676 2864 liat
705 2813 865 2886 quotquot
900 2802 967 2866 eius
998 2815 1046 2866 est
1075 2806 1261 2886 proprium:
1300 2813 1448 2885 quantum
1475 2803 1538 2865 hoc
1560 2805 1599 2864 ad
1620 2800 1720 2874 illud,
1757 2809 1879 2862 tantum

557 2897 635 2962 illud
655 2896 791 2958 adhoc.
835 2897 916 2958 Nam
939 2907 972 2957 ut
994 2899 1057 2960 dito
1078 2897 1180 2980 prima
1203 2907 1355 2982 quattuor
1377 2896 1462 2978 dupli
1484 2895 1610 2958 ratione
1633 2903 1801 2976 superant3
1832 2892 1879 2953 sic

558 2993 670 3055 eodem
707 2990 805 3070 duplo
836 2988 1007 3052 vincuntur
1033 2994 1073 3054 ab
1106 3004 1200 3066 octo,
1239 3009 1412 3071 rursusque
1445 2990 1579 3053 sedecim
1609 2990 1705 3068 duplo
1729 2997 1880 3067 superant

558 3081 755 3148 octonariam
778 3103 943 3146 summam.
988 3085 1063 3147 Hoc
1083 3086 1182 3168 igitur
1204 3087 1235 3146 in
1257 3105 1377 3148 sonoro
1401 3081 1523 3146 servari
1546 3083 1664 3145 musico
1688 3090 1720 3142 et
1748 3079 1879 3142 seientia

558 3176 746 3259 profitetur,
788 3186 824 3238 ut
849 3173 897 3239 sic
928 3177 1060 3240 dirersis
1083 3189 1278 3260 temperetur
1307 3177 1439 3242 vocilius
1463 3176 1635 3250 cantilena,
1675 3187 1709 3238 ut
1731 3174 1800 3256 ipsa
1825 3175 1880 3236 liat

516 3267 548 3319 ²⁵
559 3282 625 3333 rata
659 3267 826 3332 diversitas
857 3281 890 3332 et
917 3283 1104 3335 concentum
1137 3269 1302 3354 perficiat,
1341 3269 1493 3356 quidquid
1515 3271 1668 3334 absonum
1691 3287 1807 3332 canere
1831 3266 1881 3329 vi-

559 3364 705 3427 delaatur.

642 3457 723 3518 Nam
746 3477 860 3538 quum,
898 3459 1069 3542 sicutipse
1091 3480 1150 3523 nos
1172 3457 1298 3533 docuit,
1322 3478 1364 3521 ex
1386 3457 1444 3520 alia
1465 3469 1555 3538 parte
1577 3468 1701 3519 acutiam
1725 3466 1880 3539 personet

558 3552 710 3626 mondus,
735 3571 775 3612 ex
798 3552 856 3614 alia
880 3575 998 3636 grave;
1021 3565 1239 3634 temperantur
1259 3555 1337 3616 haec
1359 3552 1486 3627 mediis,
1512 3551 1607 3614 etita
1630 3552 1787 3635 gradatim
1809 3550 1881 3612 arni·

559 3664 652 3707 versa
674 3643 860 3722 miscentur,
884 3660 919 3710 ut
940 3646 980 3710 sit
1000 3647 1031 3710 in
1055 3647 1169 3710 ceteris
1193 3647 1239 3709 vis
1263 3649 1418 3719 duorum,
1442 3647 1525 3708 acuti
1548 3645 1666 3708 scilieet
1684 3658 1780 3730 atque
1805 3665 1882 3728 gra·

517 3738 626 3801 ³⁰vis:
656 3749 692 3798 ut
721 3748 814 3800 acuto
836 3740 986 3804 zodaicus
1008 3741 1166 3816 circulus,
1192 3740 1283 3824 gravi
1310 3739 1444 3816 lunaris,
1470 3741 1608 3822 illudque
1632 3739 1753 3802 dicatur
1776 3737 1879 3818 snitu,

561 3835 623 3896 hoc
645 3827 769 3912 ὑπάτη,
806 3854 888 3898 sono
909 3834 1014 3898 Dorio
1035 3848 1214 3899 moveatur.
1272 3835 1369 3914 Quod
1390 3835 1420 3897 in
1444 3835 1561 3899 nostris
1591 3835 1724 3897 vocilius
1747 3851 1882 3916 quoque

560 3927 807 3991 animadvertere
828 3928 997 3993 eonvenite
1033 3929 1063 3991 in
1088 3930 1202 4014 quibus
1235 3948 1253 3990 a
1275 3929 1367 4013 gravi
1390 3949 1470 3991 sono
1499 3927 1529 3990 in
1553 3939 1675 3990 acutum
1698 3925 1803 4008 surgit
1829 3945 1883 3985 ae-

560 4032 689 4094 eentus;
726 4034 777 4096 et,
812 4035 847 4086 ut
875 4024 982 4106 lingua
1012 4026 1154 4106 pausatus
1189 4025 1244 4084 ae'r
1267 4023 1413 4085 sensibile
1436 4022 1580 4104 quiddam
1605 4020 1731 4082 auribus
1754 4019 1881 4080 reddit:

559 4112 607 4176 sic
627 4114 753 4177 circulis
789 4116 1040 4197 impellentibus,
1079 4129 1145 4179 atra
1167 4115 1359 4198 permixtum
1382 4117 1591 4198 percussione
1613 4111 1754 4176 dissimili
1776 4113 1884 4175 editur

518 4207 666 4269 ³⁵mundi
688 4227 861 4272 consonum
884 4212 1002 4284 melos,
1040 4212 1123 4274 tonis
1147 4209 1245 4272 velanti
1266 4211 1399 4290 pedibus
1422 4211 1623 4273 metiendum.
1679 4209 1760 4270 Nam
1783 4216 1884 4267 tonus

560 4312 646 4362 certa
670 4321 812 4363 mensura
836 4315 882 4365 est
904 4325 974 4366 eum
998 4317 1131 4380 octava,
1170 4304 1220 4366 vel
1253 4303 1328 4366 tibia
1358 4317 1449 4385 parte
1479 4303 1633 4376 dimensa,
1669 4301 1721 4362 vel
1744 4298 1830 4362 aeris
1853 4299 1885 4360 in

560 4395 724 4476 pondere,
749 4397 801 4457 rel
822 4397 852 4459 in
876 4398 991 4461 fidibus
1012 4399 1216 4484 torquendo,
1249 4397 1413 4460 diversitas
1435 4396 1557 4460 numeri
1577 4407 1645 4458 rata
1668 4407 1697 4458 et
1713 4415 1775 4476 pro
1792 4416 1885 4458 com·

559 4486 684 4568 petenti
715 4500 876 4553 servatur.
934 4493 1016 4554 Nam
1053 4492 1080 4554 si
1110 4489 1217 4570 tibiam
1249 4491 1415 4556 cuiuslibet
1444 4489 1650 4575 longitudinis
1672 4509 1818 4562 sumens,
1855 4498 1886 4550 et

563 4591 677 4643 octava
710 4581 777 4644 eius
806 4583 955 4664 portione
989 4585 1123 4648 deducta
1153 4607 1317 4649 cavernam
1350 4585 1530 4668 imprimas,
1554 4596 1649 4647 tonus
1671 4583 1821 4658 auditur;
1859 4581 1886 4642 si

520 4675 834 4738 ttsextamdeeimam
858 4699 899 4741 ex
919 4679 1040 4763 reliqua
1063 4680 1217 4756 metiaris,
1252 4680 1457 4745 hemitonium
1489 4678 1706 4761 consequitur.
1766 4678 1887 4761 Itaque

562 4769 707 4832 cavernis
738 4771 920 4835 harmoniae
955 4774 1026 4857 lege
1060 4774 1218 4856 dispositis
1254 4778 1386 4838 edentur
1415 4773 1638 4856 symphoniae,
1677 4791 1754 4854 quas
1786 4769 1887 4831 docui

561 4883 622 4943 per
649 4884 851 4928 numerorum
880 4865 1045 4930 intervalla
1074 4889 1266 4952 congruere.
1311 4869 1386 4932 Hoc
1417 4869 1497 4931 idem
1525 4868 1556 4929 in
1578 4865 1730 4930 siccandis
1752 4865 1887 4927 chordis

640 5017 683 5067 11.
704 5008 767 5080 Leg.
789 5010 910 5064 Lllllll.
930 5013 1011 5066 Barr.
1050 5015 1095 5070 δἰ.
1117 5015 1190 5066 Fort.
1209 5031 1228 5063 o
1247 5021 1342 5080 terra,
1363 5011 1405 5065 vel
1424 5013 1550 5078 alterno,
1572 5027 1605 5064 no
1625 5019 1710 5062 rara:
1729 5011 1886 5066 urlltterae

563 5085 619 5134 slot
641 5090 832 5156 transpositae.
863 5085 983 5141 Senon-r.
1022 5089 1068 5146 56.
1087 5090 1130 5143 An
1151 5089 1255 5142 tibiae?
1275 5087 1328 5144 Oa.
1373 5092 1420 5149 58.
1446 5089 1520 5145 Fert.
1539 5104 1642 5144 sumes.
1662 5087 1744 5142 Barr.
1784 5089 1888 5146 421².

562 5159 718 5228 spissondts
736 5163 756 5214 i.
775 5178 799 5217 e.
820 5162 1015 5234 astringendis.
1035 5163 1089 5219 On.
