4434 5959
955 614 1049 679 nus.
1071 614 1104 679 1.
1284 607 1288 616 ’
1463 575 1466 584 ’
1624 615 1666 684 ts

440 757 556 836 Quian
576 751 706 817 omilim
723 752 911 837 plurimum
927 765 1063 838 posset,
1086 754 1134 818 ad
1145 755 1201 820 ias
1222 755 1382 820 voluisset
1396 755 1469 820 sine
1483 753 1516 818 ni
1529 755 1664 819 descen·

366 845 452 928 dere]
510 847 624 910 Omnis
644 868 696 910 res
718 869 736 911 a
756 848 850 911 simili
871 848 1024 912 vincitur:
1055 860 1091 911 ut
1112 861 1184 930 puta
1208 849 1358 932 eloquens
1381 849 1518 928 vincitur
1539 852 1580 912 ab
1601 871 1660 924 eo,

365 940 416 1021 qui
441 940 646 1023 eloquentior
671 940 785 1016 luerit3
820 941 915 1004 iot-tis
943 962 1009 1006 non
1037 941 1190 1016 vincitur,
1229 942 1286 1005 nisi
1313 944 1353 1004 ab
1375 963 1433 1018 eo,
1470 941 1524 1027 qui
1546 941 1664 1006 fortior

362 1033 473 1107 inerit3
496 1045 618 1098 astutus
640 1055 704 1099 non
726 1035 881 1110 vincitur,
905 1034 962 1098 nisi
984 1037 1025 1097 ab
1047 1056 1106 1110 eo,
1131 1033 1185 1117 qui
1206 1036 1340 1098 astutior
1359 1035 1467 1098 snserit.
1510 1035 1663 1098 Animad-

363 1129 543 1189 vertendum
566 1147 647 1212 ergo
668 1148 795 1192 acumen
819 1127 1001 1192 Ciceronis:
1034 1126 1201 1201 Homines,
1226 1127 1343 1210 inquit,
1367 1127 1529 1192 fortissimi
1551 1131 1590 1190 ad
1612 1138 1688 1190 asc-5

363 1221 539 1301 qualitatem
561 1221 688 1284 vivendi
717 1241 781 1287 non
801 1220 1007 1296 fortitudine,
1042 1239 1105 1303 qua
1127 1221 1209 1282 solet
1230 1219 1311 1282 vinci
1333 1221 1467 1285 inferior
1488 1221 1661 1296 fortitudo,

362 1317 413 1376 sed
433 1314 612 1398 eloquentia
635 1315 758 1402 deducti
778 1325 862 1378 sunt.
915 1313 1009 1398 Ergo
1032 1333 1127 1393 supra
1161 1333 1268 1374 omnes
1291 1314 1374 1377 vires
1397 1314 1572 1398 eloquentia
1596 1326 1663 1389 est,

362 1411 415 1470 sed
433 1427 519 1490 quae
540 1408 582 1470 sit
601 1407 700 1470 mixta
721 1407 903 1489 sapientiae.

444 1503 488 1563 Ut
510 1501 601 1564 inter
610 1523 696 1585 quos
706 1512 822 1585 posset
833 1500 1018 1574 excellere,
1034 1520 1109 1561 cum
1119 1499 1171 1562 lais
1181 1521 1216 1562 se
1225 1511 1402 1581 pateretur
1412 1500 1567 1584 aequiori]
1590 1503 1664 1564 Enr-

361 1597 493 1668 rellere,
530 1593 651 1657 uiribus
682 1594 812 1656 scilicet.
855 1596 940 1656 Cum
968 1591 1022 1654 liis
1043 1613 1078 1654 se
1094 1593 1453 1677 pateretur·aequari,·
1483 1596 1524 1657 ita
1546 1615 1640 1675 supra
1654 1615 1662 1656 :
1677 1604 1707 1654 tt

361 1689 438 1750 Non
460 1687 518 1750 ius
538 1687 712 1771 aequabile
733 1687 816 1771 quid
836 1687 995 1749 utilitatis
1017 1686 1170 1760 haberet,
1192 1696 1380 1767 acceperat.

440 1783 487 1844 Et
508 1800 574 1842 aua
594 1779 778 1857 ooliantate]
821 1781 896 1840 Non
926 1778 1030 1843 coacti
1057 1777 1178 1842 viribus
1205 1777 1370 1861 corporis:
1407 1777 1514 1842 sedin
1536 1779 1584 1843 his
1605 1779 1666 1843 iam

359 1872 480 1935 lecerat
501 1872 699 1958 eloquentiae
720 1872 883 1955 persuasio
908 1873 1112 1937 voluntatem.

438 1968 494 2031 At
514 1966 760 2030 inmundissime
786 1964 1028 2030 consuetudine
1056 1964 1241 2044 recederet]
1284 1966 1358 2028 Non
1381 1963 1460 2028 dixit
1479 1988 1503 2030 a
1524 1989 1666 2032 consue·

360 2059 474 2123 tudine
491 2059 680 2136 recederet,
702 2061 758 2122 sed
778 2059 822 2122 ab
842 2057 1105 2131 iucundissima,
1134 2056 1246 2140 inquit.
1289 2057 1435 2121 Omnium
1458 2060 1537 2124 enim
1559 2082 1665 2124 rerum
1678 2073 1708 2122 ts

361 2151 450 2214 etiam
472 2153 623 2215 malarum
646 2156 729 2234 apud
750 2163 896 2238 gerentes
917 2151 1137 2215 iucundissima
1158 2151 1353 2213 consuetudo
1375 2164 1435 2214 est.

438 2249 538 2328 Quae
566 2246 772 2328 praesertim
797 2246 868 2308 iam
894 2255 1040 2306 amarae
1059 2243 1127 2306 vim
1158 2242 1323 2306 obtineret
1344 2255 1487 2327 propter
1520 2258 1667 2310 uenata·

360 2338 439 2419 tem]
482 2339 576 2422 Ergo
597 2340 757 2404 hominum
779 2350 890 2402 natura
911 2339 996 2401 bona
1024 2348 1091 2399 est:
1121 2339 1175 2400 sed
1198 2334 1311 2398 malitia
1332 2357 1390 2419 per
1412 2337 1668 2402 consuetudinem

362 2443 489 2494 saturae
508 2431 611 2495 ricem
633 2444 784 2515 coeperat
805 2432 960 2496 obtinere.

442 2529 495 2589 Ac
511 2526 629 2608 primo
649 2527 785 2610 quidem
805 2526 853 2589 sic
873 2535 907 2588 et
933 2536 1017 2586 ncta
1034 2523 1113 2604 cet.]
1165 2522 1325 2588 satisfecit
1344 2525 1556 2608 propositioni
1577 2547 1665 2591 sitne.
1678 2543 1710 2592 00

361 2617 463 2699 Supra
484 2617 566 2680 enim
588 2617 686 2682 dixit:
721 2620 772 2682 Ac
793 2617 825 2680 si
845 2620 1000 2681 nolumus
1019 2619 1122 2682 huius
1142 2618 1214 2692 rei,
1245 2640 1331 2704 quae
1353 2631 1493 2683 uocmur
1513 2622 1668 2704 eloquen-

270 2754 271 2769 ,
360 2711 426 2783 ua,
447 2709 668 2773 considerare
684 2709 911 2793 principium,
935 2709 1143 2793 reperiemus
1164 2710 1202 2772 id
1220 2733 1268 2774 eae
1288 2710 1534 2776 honestissimis
1554 2711 1668 2775 canis

270 2798 271 2835 i
360 2814 477 2865 amum
497 2813 600 2886 atque
621 2803 758 2886 optimis
780 2803 970 2866 rationibus
996 2799 1212 2893 profectum.
1266 2804 1315 2866 Ita
1338 2816 1369 2866 et
1390 2805 1461 2868 hic:
1485 2806 1536 2867 Ac
1551 2805 1669 2886 primo

361 2895 495 2978 quidem
515 2895 564 2961 sic
586 2907 618 2958 et
639 2907 722 2959 nata
743 2907 776 2960 et
793 2916 983 2980 progressa
1003 2895 1141 2978 longius
1161 2897 1352 2978 eloquentia
1372 2897 1517 2959 videtur.

443 2991 490 3054 iit
510 2989 594 3051 item
621 3003 744 3072 postea
771 2988 935 3052 maximis
955 2988 992 3050 in
1014 2988 1114 3050 rebus
1132 2988 1230 3070 pacis
1258 3000 1292 3051 et
1319 2989 1409 3068 belli]
1447 2987 1595 3052 Ostendit
1616 2988 1711 3052 disits

365 3079 571 3164 eloquentiam
593 3083 766 3163 profuisse.
820 3082 943 3146 Verum
967 3083 1053 3166 quod
1081 3081 1142 3158 ait,
1173 3081 1336 3145 maximis
1356 3081 1392 3144 in
1414 3083 1533 3154 redunt
1561 3093 1595 3144 ut
1616 3103 1669 3144 sn-

363 3195 438 3252 pra:
461 3175 629 3257 cognovit
650 3197 736 3259 quem
758 3176 918 3238 materies
938 3186 971 3236 et
992 3185 1121 3257 quanta
1138 3173 1184 3236 cd
1205 3174 1377 3236 maximas
1394 3196 1449 3236 res
1471 3175 1671 3256 opportuni·

363 3280 415 3330 tas
435 3267 471 3330 in
492 3269 618 3332 aninais
642 3270 768 3333 inesset
796 3270 991 3344 hominum,
1027 3267 1060 3331 si
1086 3266 1163 3351 quis
1187 3287 1263 3330 eam
1278 3279 1398 3350 posset
1418 3267 1555 3331 elicere:
1590 3289 1670 3354 ergo

365 3362 513 3423 maximae
535 3382 588 3424 res
609 3381 674 3442 pax
696 3373 789 3447 atque
811 3361 940 3424 bellum.

443 3457 530 3518 Cum
555 3454 699 3522 summis
723 3454 900 3518 hominum
920 3449 1139 3531 utilitatibus]
1176 3449 1257 3516 Cium
1286 3453 1337 3516 illa
1366 3452 1487 3517 scilicet
1517 3453 1667 3534 utilitate,
1683 3469 1715 3520 tt

364 3543 533 3627 quaecum
557 3545 720 3610 honestate
742 3558 803 3610 est.

444 3641 631 3722 Postquam
657 3661 737 3704 nero
766 3639 990 3704 commoditas
1011 3638 1096 3718 cet]
1141 3641 1244 3704 Omne
1265 3640 1441 3723 perlectum
1465 3643 1602 3718 bonnm,
1639 3641 1673 3706 id

365 3740 422 3804 est,
445 3751 512 3814 quo
532 3743 642 3794 natura
664 3733 813 3796 humanas
834 3753 899 3808 res,
924 3731 1012 3794 nullo
1027 3731 1176 3796 adiuncto
1191 3732 1409 3808 incommodo,
1434 3748 1595 3800 munerata
1610 3747 1670 3813 est,

366 3825 487 3888 ditobns
508 3825 547 3886 ad
567 3824 694 3906 plenum
716 3837 859 3898 coustat3
896 3845 933 3887 re
956 3824 1046 3906 ipsa,
1071 3835 1103 3889 et
1124 3825 1228 3907 specie
1250 3836 1345 3910 atque
1368 3825 1501 3911 imagine
1523 3829 1584 3893 sui.
1628 3831 1673 3895 Ut

366 3926 458 3997 puta,
483 3916 544 3980 mel
563 3917 660 3979 habet
680 3938 768 3993 rem,
791 3916 910 3982 scilicet
932 3917 1140 3991 dulcedinum
1163 3920 1258 3980 habet
1280 3919 1435 3999 speciem,
1460 3921 1491 3982 id
1513 3933 1576 3996 est,
1615 3944 1671 3987 co·
1685 3935 1717 3986 ³⁵

365 4009 463 4072 lorem
486 4021 582 4093 atque
614 4021 794 4091 aspectum,
832 4031 897 4094 quo
919 4013 1009 4095 quasi
1030 4010 1128 4086 facie,
1163 4011 1204 4074 ita
1228 4023 1261 4074 nt
1292 4023 1358 4086 est,
1394 4013 1485 4075 dulce
1513 4017 1671 4081 credatur.

366 4100 413 4162 lta
434 4103 485 4164 rir
505 4100 601 4166 fortis
622 4104 717 4164 habet
738 4123 825 4176 rem,
855 4103 1004 4166 virtutem
1025 4103 1164 4178 scilicet;
1186 4105 1280 4167 habet
1302 4105 1458 4186 speciem,
1481 4105 1513 4168 id
1535 4119 1582 4168 est
1603 4108 1675 4188 pul·

365 4192 752 4281 claritudinemcorporis.
806 4195 846 4258 ln
873 4195 1004 4259 distorta
1033 4197 1113 4260 enim
1144 4201 1282 4261 membra
1305 4219 1403 4281 neque
1425 4197 1511 4260 itixta
1534 4211 1675 4263 naturam

366 4288 412 4350 sni
439 4299 658 4370 competenter
686 4287 830 4371 apposita
857 4287 958 4352 virtus
986 4310 1050 4354 non
1078 4303 1185 4374 potest
1212 4293 1338 4354 cadere.
1392 4292 1437 4356 Ut
1462 4291 1621 4376 Virgilius
1644 4304 1677 4357 et

365 4379 463 4443 ceteri
484 4402 691 4465 quoscunque
712 4383 814 4446 lortes
837 4393 869 4444 et
889 4383 1042 4464 pulchros
1064 4383 1155 4446 etiam
1177 4381 1275 4448 luisse
1298 4383 1455 4448 dixerunt.
1502 4383 1555 4446 Sic
1578 4385 1673 4448 restis
1687 4397 1719 4448 to

367 4472 459 4535 etiam
481 4474 578 4537 habet
598 4496 684 4552 mm,
709 4475 872 4539 utilitatem
895 4485 1052 4539 texturae.
1097 4477 1202 4538 Habet
1220 4475 1374 4557 speciem,
1398 4475 1529 4562 gratiam
1552 4476 1674 4543 scilicet

436 4629 482 4686 ¹8·
502 4629 579 4701 apud
595 4637 728 4698 gerentes
752 4629 950 4682 mewadissimo
974 4631 1141 4686 consuetudo
1169 4637 1223 4702 est]
1243 4634 1276 4687 ln
1295 4635 1445 4690 Bulleeatl
1465 4633 1586 4690 editlone
1605 4638 1679 4710 legl-

367 4717 427 4760 tat:
445 4703 522 4774 apud
537 4712 668 4774 gerentes
685 4704 842 4758 uoluntate.
863 4704 948 4757 Care.

438 4783 485 4834 21.
505 4778 587 4830 naue
604 4777 661 4850 rei]
680 4779 727 4831 sn
747 4778 798 4832 Cd.
816 4777 878 4832 Bas.
897 4808 933 4822 -
952 4785 1012 4832 elus
1029 4784 1083 4849 rei]
1102 4780 1173 4836 ttdd.
1193 4782 1246 4838 Οι.

438 4857 485 4910 26.
504 4853 611 4910 Verum
630 4852 716 4926 qnod]
736 4855 784 4908 Slo
803 4851 855 4906 Cd.
874 4854 936 4910 Bas.
958 4883 995 4900 -
1013 4873 1112 4908 verum
1131 4855 1248 4929 peridem.
1267 4857 1334 4911 Edd.
1356 4856 1409 4913 On.

416 4929 484 4986 ⁴36.
503 4945 557 4998 pne
574 4934 656 5000 quasi
673 4927 782 5000 faetta]
810 4927 899 4981 Corin
920 4946 979 4984 tuna
999 4948 1059 4984 esse
1077 4929 1171 4985 locum
1191 4933 1266 4987 lanne
1296 4938 1442 5000 existimo,
1471 4947 1499 4987 et
1519 4931 1679 5008 legendnm:

365 5017 418 5070 qao
436 5009 516 5072 quast
526 5003 623 5074 saeta
641 5003 725 5057 Cara.
762 5003 864 5064 Rectea
886 4947 1004 5080 lieoqae
1023 5011 1125 5080 recept.
1155 5006 1208 5062 Oa.

368 5149 391 5202 c
438 5075 485 5134 lo.
509 5087 541 5132 ut
568 5078 658 5149 Vng.
686 5086 716 5130 et
739 5080 858 5146 meten]
877 5083 908 5134 tn
932 5080 1084 5136 Bastleenst
1103 5083 1227 5138 editione
1245 5086 1288 5139 stc
1306 5081 1420 5158 legttur:
1440 5090 1472 5136 ut
1493 5083 1609 5138 Virbius
1626 5097 1679 5136 cet.

391 5167 483 5204 mss.
