4434 5959
939 587 1031 652 Lm.
1053 589 1101 652 v.
1615 594 1675 658 soi
1728 562 1735 570 ’

360 749 427 794 non
451 748 521 792 esse
543 729 696 812 legatam,
721 750 815 812 quamn
839 728 881 792 sit
897 741 1060 814 argentum
1075 749 1168 791 omne
1183 727 1332 813 legatum.
1377 731 1545 814 Sequitur,
1570 755 1678 797 nume-

361 833 462 884 ratam
482 823 646 904 pecuniam
669 836 833 908 argentum
857 845 920 885 non
939 843 1020 885 esse.
1076 821 1111 885 Si
1131 820 1231 905 igitur
1252 824 1302 900 id,
1327 826 1413 906 quod
1430 837 1476 887 est
1498 827 1675 909 posterius,

362 917 563 992 auferamus,
592 918 624 978 id
643 928 705 992 est,
736 929 927 980 numeratam
948 914 1112 999 pecuniam
1131 937 1195 978 non
1217 937 1286 979 esse
1309 931 1494 1000 argentum,
1520 921 1676 984 dicemus:

360 1010 460 1096 atqui
480 1021 533 1074 est
553 1023 735 1074 numerata
751 1013 898 1094 pecunia
915 1021 1118 1094 argeutum
1140 1010 1310 1074 affirmatio
1328 1033 1461 1096 namque
1476 1015 1559 1077 tollit
1582 1037 1679 1102 nega·
1719 1075 1725 1080 .

360 1104 494 1168 tionem.
539 1105 690 1187 Sequitur
710 1104 827 1188 igitur,
852 1117 888 1168 ut
908 1127 983 1188 pars
998 1106 1190 1187 praecedens
1206 1105 1385 1180 auferatur,
1410 1127 1469 1181 ea,
1493 1129 1575 1190 quae
1595 1119 1703 1184 erat,5

362 1219 427 1262 non
462 1218 531 1261 esse
562 1198 698 1281 legatam
733 1197 855 1261 mulieri
883 1199 1048 1281 pecuniam
1078 1208 1288 1275 numeratam,
1323 1220 1419 1283 quum
1451 1213 1619 1284 argeutum
1649 1203 1679 1266 ei

360 1292 473 1356 fuisset
495 1313 588 1354 omne
610 1293 761 1376 legatum.
806 1295 869 1355 Sed
891 1315 986 1379 quum
1008 1291 1109 1357 omnis
1128 1291 1256 1375 negatio
1278 1291 1489 1355 affirmatione
1511 1315 1678 1359 consuma-

359 1397 437 1460 tur,
475 1385 613 1448 dicemus
635 1385 668 1448 io
692 1386 914 1449 conclusione:
951 1389 1017 1450 Est
1040 1385 1151 1468 igitur
1172 1398 1354 1449 numerato
1370 1388 1517 1469 pecunia
1542 1389 1678 1452 mulieri

361 1483 495 1564 legata,
520 1501 625 1565 qurum
646 1481 678 1543 εἰ
695 1480 738 1544 sit
756 1492 940 1564 argeutum
962 1501 1061 1544 omne
1081 1482 1252 1562 legatum
1282 1481 1406 1565 eritque
1428 1481 1605 1545 huiusmodi
1626 1504 1678 1545 ar·

362 1574 578 1659 garmentatio:
614 1573 654 1639 Si
678 1586 819 1638 nonest
841 1573 978 1637 mulieri
998 1577 1115 1657 legata
1132 1573 1279 1655 pecunia
1299 1586 1496 1649 numerata,
1520 1574 1720 1660 quamcito

300 1669 307 1676 “
360 1670 409 1732 sit
430 1679 614 1751 argentum
634 1687 734 1730 omne
755 1669 925 1752 legatum,
948 1688 1016 1732 non
1038 1680 1088 1731 est
1112 1678 1296 1750 argentum
1316 1679 1498 1730 numerata
1511 1669 1677 1752 pecunia:

362 1762 461 1846 atqui
491 1774 544 1824 εει
573 1773 756 1845 argeutum
780 1774 961 1825 numerata
987 1761 1154 1845 pecunia:
1189 1763 1307 1844 legata
1327 1773 1378 1824 εει
1404 1762 1514 1845 igitur
1542 1761 1678 1825 mulieri

362 1867 547 1918 numerato
564 1855 731 1938 pecnnia,
759 1877 864 1938 qurum
888 1855 921 1918 ei
929 1851 1054 1945 fuerit
1077 1864 1261 1936 argentum
1284 1875 1381 1917 omne
1405 1857 1569 1939 legatum.
1613 1859 1677 1921 set

363 1950 453 2034 qusod
474 1949 596 2012 Trullius
618 1947 784 2013 brevitatis
807 1970 901 2013 causa
921 1946 1103 2030 praeteriit,
1127 1948 1158 2008 id
1179 1958 1251 2020 est,
1274 1946 1357 2010 illam
1380 1961 1500 2030 partem
1526 1952 1677 2036 proposi·

361 2042 475 2117 tionis,
510 2062 593 2126 quiae
616 2041 682 2105 ait:
718 2045 833 2124 Quum
852 2042 898 2105 sit
917 2041 1053 2105 medieri
1073 2053 1258 2123 argeutum
1286 2062 1385 2106 omne
1415 2044 1587 2128 legatum
1617 2065 1675 2109 nos
1689 2063 1719 2112 ts

361 2134 533 2218 apertioris
555 2135 780 2220 intelligentiae
803 2155 896 2198 causa
919 2134 1151 2197 subiunximus.
1207 2136 1277 2197 Nec
1305 2138 1496 2218 perturbare
1525 2139 1677 2201 lectorem

360 2232 475 2304 debet,
514 2230 624 2312 quod,
659 2250 753 2313 quum
783 2228 815 2290 in
842 2227 1065 2310 superioribus
1093 2227 1250 2310 exemplis
1280 2229 1312 2291 in
1339 2234 1480 2295 secundo
1501 2235 1596 2296 modo
1619 2252 1677 2315 per

359 2322 561 2407 negationem
590 2322 675 2385 laeta
702 2320 800 2384 fuerit
826 2343 952 2404 semper
979 2321 1153 2403 assumptio
1186 2333 1218 2384 et
1245 2343 1303 2404 per
1335 2324 1535 2408 negationem
1566 2347 1676 2390 rursus

357 2419 446 2480 illata
467 2414 655 2490 conclusio,
679 2435 762 2477 nune
782 2435 842 2497 per
863 2414 1102 2478 affirmationem
1126 2426 1158 2478 et
1179 2414 1350 2498 assumptio
1372 2429 1402 2479 et
1418 2418 1580 2483 conclusio
1592 2419 1676 2482 faeta

357 2522 420 2575 est.
464 2509 567 2574 Cuius
595 2507 642 2571 rei
675 2508 908 2572 evidentissima
935 2509 1019 2573 ratio
1049 2519 1109 2572 εει.
1165 2511 1245 2572 Nam
1277 2531 1372 2593 quirin
1402 2511 1433 2574 in
1455 2513 1676 2594 superioribus
1687 2531 1719 2580 at

358 2603 513 2684 exemplis
542 2601 645 2684 prima
677 2602 858 2683 propositio
881 2624 922 2666 ex
951 2600 1214 2664 affirmationibus
1235 2600 1331 2664 fuerit
1353 2603 1543 2682 constituta,
1582 2619 1677 2690 atque

359 2700 394 2762 io
417 2697 557 2760 secundo
580 2698 676 2758 modo
699 2695 872 2778 assumptio
894 2696 944 2771 id,
975 2697 1062 2780 quod
1083 2696 1292 2779 sequebatur,
1324 2697 1464 2759 auferret
1485 2697 1547 2770 ita,
1572 2711 1607 2761 ut
1629 2699 1676 2762 io·

357 2791 523 2855 terimeret
543 2786 594 2865 id,
631 2790 719 2872 quod
741 2790 971 2870 praecedebat:
1006 2791 1219 2853 necessarium
1252 2801 1320 2852 erat
1349 2791 1505 2873 duplicem
1536 2791 1675 2854 affirma·

356 2888 478 2952 tionem
503 2885 625 2969 gemina
647 2884 817 2970 negatione
838 2884 1000 2959 consumi,
1034 2885 1096 2947 boe
1118 2886 1233 2946 modo:
1267 2883 1305 2948 Si
1324 2883 1396 2946 dies
1418 2895 1488 2958 est,
1519 2885 1584 2946 Inar
1605 2895 1676 2956 est,·

360 2994 497 3066 utraque
518 3001 559 3043 ex
580 2979 791 3044 affirmatione
812 2990 885 3042 sunt
906 2976 1107 3042 constitutae.
1160 2979 1204 3042 Ut
1225 2976 1321 3062 igitur
1342 2975 1503 3060 posterior
1524 2997 1617 3060 pars,
1643 2977 1675 3040 id
1686 2993 1718 3044 25

358 3088 429 3150 εει,
452 3077 518 3138 lux
538 3085 611 3150 εει,
636 3094 716 3157 qnae
738 3073 907 3137 affirmatio
929 3083 993 3147 est,
1017 3070 1236 3146 interimatur,
1261 3072 1442 3156 deneganda
1456 3081 1516 3134 est.
1561 3071 1672 3136 Dicam

356 3170 475 3254 igitur:
512 3167 610 3252 atqui
630 3187 700 3230 nou
719 3178 772 3230 est
791 3170 874 3240 um
909 3187 974 3250 quo
996 3166 1033 3228 lit
1059 3177 1093 3227 ut
1116 3166 1355 3246 praecedentem
1379 3186 1508 3250 quoque
1531 3175 1673 3247 partem,

353 3266 387 3328 id
412 3273 479 3335 est,
514 3261 587 3324 dies
608 3273 677 3335 est,
709 3281 802 3345 msam
828 3260 1067 3322 affirmationem
1091 3279 1161 3320 esse
1184 3257 1379 3320 manifestum
1409 3268 1473 3332 εει,
1505 3259 1675 3342 negatione

354 3357 506 3422 tollamus
535 3355 778 3418 concludentes:
816 3354 901 3419 Dies
930 3353 1041 3437 igitur
1072 3373 1141 3415 non
1169 3363 1230 3414 est.
1289 3353 1334 3415 At
1364 3352 1394 3413 in
1422 3355 1483 3416 hoe
1507 3352 1672 3418 Ciceronis

354 3450 505 3532 exemplo
537 3461 672 3531 utraque
704 3470 778 3531 pars
807 3449 926 3530 primae
957 3457 1052 3528 atque
1076 3447 1298 3526 hypotheticae
1320 3447 1552 3538 propositionis
1576 3471 1716 3536 nega-30

357 3547 499 3610 tionibus
530 3544 688 3605 eucrotiata
718 3553 781 3617 est,
818 3563 898 3624 quae
929 3541 958 3603 io
981 3539 1195 3620 assumptione
1219 3539 1268 3602 vel
1292 3540 1495 3604 conclusione
1518 3563 1581 3605 noo
1605 3545 1673 3607 aliis

353 3639 416 3706 nisi
437 3636 700 3700 affirmationibus
729 3635 930 3708 auferuntur,
968 3634 1032 3696 boc
1055 3637 1164 3696 modo.
1220 3635 1280 3697 Est
1310 3634 1388 3697 euius
1418 3637 1481 3697 tale
1505 3635 1672 3703 Ciceronis

355 3733 558 3814 exemplum:
596 3730 635 3794 Si
655 3732 772 3813 legato
793 3739 930 3792 nonest
955 3727 1091 3791 mulieri
1116 3741 1298 3791 oremerntn
1323 3728 1487 3811 persenia,
1527 3751 1595 3792 uon
1622 3745 1673 3797 est

353 3837 539 3890 numerata
556 3823 704 3908 pecunia
731 3833 928 3897 argentum.
970 3822 1088 3895 Vides,
1129 3835 1161 3883 ut
1185 3822 1223 3884 sit
1248 3833 1381 3906 utraque
1404 3821 1546 3907 negotio.
1592 3827 1671 3888 Naro

355 3936 388 3986 ct
411 3942 474 3984 uon
498 3939 566 3980 esse
588 3919 722 4000 legatam
752 3916 872 3977 nudieri
902 3916 1064 3996 pecuniam
1095 3926 1304 3990 nuumratam,
1336 3928 1366 3978 et
1389 3937 1451 3979 oon
1474 3938 1542 3980 esse
1566 3941 1716 4002 nume-35

355 4029 458 4080 ratam
481 4012 644 4095 pecuniam
669 4022 855 4092 argentum,
884 4019 1036 4089 utraeque
1058 4008 1087 4069 iu
1112 4009 1280 4093 negatione
1303 4023 1373 4072 stunt
1398 4009 1530 4091 positae.
1576 4017 1671 4097 Quod

356 4111 382 4174 si
407 4107 578 4172 airiereoda
601 4117 647 4169 est
669 4126 728 4187 per
750 4103 992 4184 assumptionem
1016 4103 1244 4183 propositionis
1261 4125 1457 4187 consequeus
1473 4129 1565 4188 pars,
1591 4134 1671 4192 quio.

356 4209 438 4268 niam
462 4201 590 4283 negatio
613 4209 681 4272 est,
720 4217 782 4262 non
806 4219 877 4259 esse
898 4207 1088 4258 nrrrrieratam
1114 4199 1276 4277 peduniam
1300 4211 1484 4280 argentum:
1509 4201 1671 4268 dicendum

356 4309 424 4370 est,
448 4307 614 4374 argentum
638 4311 707 4354 esse
730 4289 890 4373 pecuniam
914 4300 1120 4353 urrnneratam.
1176 4291 1271 4368 erod
1293 4291 1318 4352 si
1342 4293 1370 4354 io
1395 4293 1597 4359 conclusione
1617 4321 1672 4360 air·

355 4392 486 4456 iereuda
516 4399 562 4450 εει
585 4393 658 4469 pars
682 4388 889 4467 praecedens,
926 4405 982 4456 ea,
1021 4405 1101 4466 quiae
1124 4384 1251 4467 negatio
1275 4397 1333 4458 εειΙ
1372 4386 1402 4447 id
1426 4399 1489 4470 est,
1517 4409 1578 4451 uon
1603 4412 1715 4464 cssets
1798 4453 1804 4462 ,

355 4488 503 4566 legatam,
525 4481 646 4545 muilieri
678 4479 838 4562 pecuniam
869 4489 1083 4550 numentano,
1120 4477 1281 4540 dicendum
1305 4493 1370 4541 est:
1407 4484 1541 4564 Legata
1562 4485 1673 4570 igitur

356 4577 494 4640 mulieri
523 4587 703 4637 urrmerotn
722 4572 870 4656 peeuuio
897 4584 960 4634 eat.
1020 4572 1061 4633 Et
1086 4575 1241 4634 secundus
1264 4573 1387 4654 quidem
1413 4579 1522 4638 isiodus
1543 4579 1631 4662 [rite]
1655 4602 1671 4642 a

354 4669 625 4754 consequentibus
647 4670 748 4730 laetius
771 4666 947 4728 huiusmodi
971 4677 1030 4728 est.
1090 4665 1174 4727 lllud
1200 4679 1299 4728 tamen
1324 4678 1370 4728 εει
1404 4669 1581 4749 diligentius
1618 4694 1668 4735 an-

355 4767 547 4837 notandum,
571 4765 659 4846 qnod
680 4765 825 4844 superius
849 4761 899 4822 M.
924 4758 1067 4833 'l'nllius,
1092 4781 1186 4842 quum
1211 4761 1354 4828 locorum
1378 4764 1514 4827 oruniruu
1532 4767 1672 4829 breviter

1302 4909 1642 4927 m

432 4995 459 5048 7.
478 5008 560 5060 pssum
579 4989 682 5062 omnia]
703 4989 778 5042 etna.
812 4991 896 5042 Parla.
934 5015 964 5028 -
996 5005 1077 5056 pretam
1107 4991 1147 5039 alt
1175 4994 1266 5040 omnis
1288 4993 1361 5046 uass.
1383 5021 1417 5032 -
1437 5013 1518 5062 qucum
1537 5000 1575 5046 sit
1593 5012 1672 5046 omne

356 5069 424 5120 Vsu.
463 5073 490 5125 8.
509 5067 700 5132 comrsmatur]
724 5067 809 5118 Parte.
833 5093 862 5106 -
884 5067 1055 5114 consternitur
1073 5067 1168 5116 ceteri.
1210 5065 1278 5120 lbld.
1298 5065 1431 5138 dicemus]
1454 5071 1526 5123 lilns.
1547 5085 1606 5144 apr
1635 5087 1672 5124 sn.

359 5145 447 5198 Parte.
469 5171 499 5182 -
524 5144 692 5214 dicimusque
711 5144 806 5194 essert.
844 5143 889 5197 ιι).
908 5144 965 5192 rue
984 5153 1040 5192 om.
1060 5137 1129 5196 Ven.
1151 5141 1235 5196 Parte.
