4434 5959
756 665 1045 733 vtctoututts
1066 667 1159 733 LIB.
1182 669 1212 732 1.
1611 671 1631 734 3

270 875 271 887 p
335 805 427 872 studio
448 826 485 870 ac
507 805 669 888 disciplina
690 804 789 869 veluti
814 805 919 892 detegi
942 807 1085 889 coeperit
1106 819 1202 893 atque
1230 807 1361 885 nudari,
1389 819 1465 873 turm
1485 806 1518 872 in
1539 820 1631 874 natu·

333 924 381 966 rae
398 920 470 963 suae
491 903 618 963 modum
641 897 734 962 animi
754 898 881 963 habitus
906 901 1078 964 reuertitur
1099 913 1193 987 atque
1219 913 1404 969 revocatur.
1449 904 1541 966 Hanc
1563 901 1631 966 vir·

332 1004 421 1056 tutem
442 993 537 1057 Plato
558 991 633 1054 dicit
648 1013 730 1054 nunc
742 1002 811 1056 arte
827 992 914 1070 heri,
936 1016 1019 1057 nrrnc
1030 1015 1100 1057 cum
1115 995 1291 1059 hominihus
1305 996 1410 1072 nasci,
1434 1017 1515 1060 nnnc
1536 1017 1631 1060 exer·

332 1085 468 1150 citatione
496 1086 629 1162 confici,
664 1107 747 1148 nrrnc
775 1087 874 1151 adeo
896 1087 975 1150 dari.
1032 1089 1125 1151 Haec
1146 1087 1248 1152 virtus
1269 1089 1299 1152 in
1320 1090 1511 1155 Rhetoricis
1534 1111 1550 1152 a
1573 1087 1630 1154 Ci-

332 1201 437 1244 eerone
458 1181 564 1242 eadem
586 1177 736 1260 ponitur,
760 1201 841 1261 quae
861 1179 1025 1262 sapientia.
1068 1179 1159 1244 Alibi
1181 1202 1280 1259 vero,
1303 1181 1336 1245 id
1358 1181 1458 1246 estin
1480 1183 1569 1245 libris
1591 1184 1655 1246 des

331 1271 531 1354 Republica,
556 1274 728 1335 abeodem
750 1272 908 1339 Cicerone
928 1273 982 1337 illa
1004 1273 1104 1338 virtus
1125 1273 1239 1337 dicitur
1253 1295 1334 1356 qnae
1348 1275 1525 1356 prudentia.
1549 1275 1630 1339 Vir·

330 1377 374 1428 tns
393 1364 486 1450 igitur
507 1366 603 1428 hahet
629 1376 736 1446 partes
757 1376 926 1450 quattuor,
959 1367 1174 1449 prudentiam,
1199 1365 1367 1442 iustitiam,
1389 1367 1626 1444 fortitudinem,

330 1457 567 1538 temperantiam.
620 1459 793 1524 Prudentia
823 1473 872 1524 est
903 1483 1009 1524 rerum
1036 1462 1191 1524 bonarum
1220 1471 1253 1523 et
1281 1464 1432 1524 malarum
1454 1479 1628 1543 peremne

329 1563 439 1633 tempus
459 1549 602 1615 scientia.
652 1553 772 1616 lustitia
795 1565 844 1617 est
864 1555 958 1616 animi
980 1555 1103 1616 habitus
1124 1552 1167 1617 ita
1189 1553 1391 1630 informatus,
1426 1565 1460 1616 ut
1481 1553 1627 1619 omnihus

330 1643 436 1706 neritis
456 1644 576 1708 tribuat
598 1645 793 1729 dignitatem.
836 1647 1007 1712 Fortitudo
1029 1658 1076 1710 est
1102 1647 1301 1712 considerata
1321 1647 1535 1729 periculorum
1558 1657 1670 1710 sus-¹⁰

332 1739 425 1819 reptio
445 1729 477 1801 et
498 1738 644 1802 laborum
663 1740 841 1822 perpessio.
906 1741 1132 1824 Temperantia
1158 1753 1207 1804 est
1236 1741 1330 1804 animi
1349 1740 1435 1804 cirea
1459 1761 1511 1804 res
1531 1739 1628 1803 inuti-

329 1829 368 1892 les
387 1843 477 1915 atque
491 1831 674 1894 inhonestas
696 1832 814 1897 victrix
831 1855 868 1898 ac
890 1833 1003 1916 pudiea
1030 1831 1215 1897 dominatio.
1258 1835 1380 1897 Harum
1400 1833 1535 1914 partium
1553 1853 1629 1913 par-

330 1935 370 1986 tes
388 1923 417 1986 in
436 1925 702 2008 consequentibus
721 1945 964 2011 cognoscemus.
1007 1927 1102 1989 Nunc
1123 1928 1160 1988 ad
1180 1926 1228 2002 id,
1253 1929 1340 2010 quod
1361 1929 1529 1991 ostendere
1549 1946 1629 2006 prn-

329 2015 491 2098 posuimus,
514 2030 733 2083 revertamur:
757 2019 878 2083 scilicet
896 2031 943 2095 ut,
967 2018 1041 2104 quid
1059 2017 1143 2082 inter
1161 2031 1258 2082 artem
1275 2032 1307 2082 et
1325 2019 1473 2082 virtutem
1492 2018 1625 2091 intersit,

330 2111 488 2174 rideamus.
532 2113 655 2176 Harum
677 2125 829 2196 quattuor
847 2112 1001 2195 partium,
1025 2133 1102 2196 quas
1125 2112 1259 2176 diximus
1275 2111 1379 2175 inesse
1397 2111 1520 2187 virtuti,
1545 2111 1627 2174 nulla
1638 2121 1671 2175 td

330 2203 445 2268 omnino
467 2203 499 2266 in
525 2217 625 2267 artem
655 2205 751 2269 cadit.
799 2207 866 2268 Ars
893 2205 974 2268 enim
1002 2217 1122 2269 tantum
1148 2219 1318 2288 praecepta
1338 2207 1452 2280 tradit,
1477 2225 1540 2267 non
1569 2203 1629 2266 ali·

330 2295 395 2378 quid
412 2299 582 2360 secundum
601 2296 669 2380 ipsa
691 2310 859 2381 praecepta
876 2299 1063 2362 iaciendum.
1106 2299 1186 2360 Ideo
1209 2318 1260 2361 ars
1274 2297 1445 2380 sapientiae
1466 2296 1627 2376 tradinon

329 2399 443 2468 potest:
476 2410 594 2472 perse
616 2402 718 2454 autem
739 2403 808 2455 tota
827 2402 950 2455 constat
972 2413 1009 2454 ac
1029 2401 1211 2473 permane&
1244 2411 1324 2473 quae
1346 2391 1486 2474 periente
1511 2401 1576 2465 est,
1600 2389 1628 2453 ai

328 2481 396 2544 haee
415 2495 566 2568 quattuor
587 2495 708 2561 teneat,
745 2485 962 2566 prudentiam,
999 2483 1162 2560 iustitiam,
1192 2484 1424 2561 fortitudinem,
1447 2497 1628 2566 temperan-

328 2573 405 2638 tiam.
459 2578 565 2640 Datur
585 2587 686 2640 autem
717 2599 769 2641 ars
788 2578 1003 2662 eloquentiae,
1033 2590 1065 2640 et
1086 2590 1173 2640 recte
1199 2579 1301 2641 datur.
1352 2578 1476 2640 Etenim
1501 2576 1529 2640 si
1549 2589 1671 2640 con-tt

328 2679 381 2731 atat
400 2683 551 2754 quattuor
571 2673 685 2746 rebus,
719 2682 849 2746 natura,
888 2693 961 2747 usit,
996 2670 1239 2748 exercitatione,
1274 2683 1363 2748 arte,
1395 2669 1574 2734 necessario
1597 2680 1628 2732 et

329 2763 396 2826 artis
420 2776 591 2847 praecepta
620 2764 652 2827 in
680 2763 888 2849 eloquentiam
922 2766 1046 2826 dantur.
1098 2765 1190 2843 Quae
1213 2764 1363 2841 sideest,
1392 2765 1543 2847 proiecto
1565 2761 1628 2826 tria

328 2851 372 2916 illa
391 2858 515 2920 multum
538 2856 691 2920 interdum
719 2878 858 2931 nocere,
896 2877 1052 2941 nunquam
1073 2859 1229 2938 prodesse
1249 2869 1396 2940 possunt.
1451 2857 1625 2921 Dicendum

327 2947 409 3012 eham
436 2951 578 3026 videtur,
610 2972 691 3035 quae
717 2950 862 3013 distantia
884 2952 925 3013 sit
945 2951 1026 3013 inter
1047 2955 1227 3028 rhetorem,
1265 2951 1439 3032 sophistam
1462 2961 1494 3013 et
1516 2961 1627 3011 orato·

327 3057 397 3104 rem.
437 3045 565 3108 Rhetor
585 3055 651 3119 est,
686 3045 741 3129 qui
762 3046 855 3108 docet
877 3043 984 3107 literas
1006 3056 1100 3127 atque
1120 3055 1225 3119 tutes,
1249 3044 1387 3107 traditor
1412 3039 1668 3128 eloquentiaets

327 3133 464 3215 sophista
486 3149 553 3213 est,
577 3139 660 3218 apud
681 3159 774 3223 quem
801 3137 922 3200 dicendi
943 3137 1126 3201 exercitium
1151 3138 1292 3201 discitur.
1337 3137 1459 3201 Orator
1481 3147 1547 3211 est,
1571 3133 1626 3217 qui

327 3225 471 3293 incensis
493 3229 627 3312 privatis
657 3253 693 3294 ac
720 3231 856 3313 publicis
878 3230 970 3313 plena
998 3241 1030 3292 et
1051 3231 1193 3311 perlecta
1215 3229 1314 3292 utitirr
1336 3225 1524 3312 eloquentia.
1581 3227 1626 3290 Et

328 3331 357 3381 nt
373 3321 503 3384 sciamus
531 3323 625 3386 alium
655 3345 725 3388 esse
751 3326 932 3402 rhetorem,
968 3324 1061 3388 alium
1090 3335 1269 3398 oratorcm;
1304 3323 1363 3386 hos
1393 3321 1493 3384 libros
1512 3318 1625 3382 artium

326 3415 578 3478 Rhetoricorom
611 3417 756 3494 vocavit,
792 3403 960 3482 ubidocet
985 3431 1083 3480 artem
1104 3415 1244 3490 dicendi;
1281 3415 1354 3480 illos
1382 3413 1461 3477 alios
1488 3422 1555 3474 tres
1583 3410 1625 3474 de

327 3517 454 3572 oratore
476 3509 671 3588 nominavit,
696 3510 749 3574 ubi
768 3509 836 3586 nlla,
853 3531 935 3594 qnae
952 3522 1064 3574 orator
1078 3510 1196 3572 hahere
1212 3508 1336 3583 debeat,
1361 3505 1508 3571 ostendit.
1532 3505 1625 3567 Nunc
1635 3519 1668 3571 ³⁰

327 3619 396 3684 ergo
415 3599 624 3666 considerans
651 3602 773 3687 quidet
795 3614 943 3688 wantum
959 3603 999 3666 sit
1016 3602 1107 3678 illud,
1124 3603 1162 3664 de
1183 3621 1248 3684 qno
1263 3599 1402 3663 dicturus
1422 3609 1488 3673 est,
1511 3597 1544 3660 id
1564 3608 1623 3672 est,

327 3691 513 3776 eloquentia,
546 3706 635 3758 recte
659 3716 693 3758 se
714 3695 834 3758 inducit
855 3694 908 3758 diu
930 3693 1108 3780 cogitasse,
1141 3715 1206 3758 nnn
1230 3705 1335 3757 utrum
1365 3694 1449 3755 bona
1478 3711 1517 3754 an
1545 3690 1626 3753 mala

326 3783 360 3850 ait
376 3787 578 3873 eloquentia,
602 3788 657 3851 sed
679 3800 783 3851 utrum
804 3789 875 3872 plus
895 3789 989 3864 boni,
1015 3809 1054 3850 an
1072 3788 1145 3871 plus
1167 3787 1239 3850 mali
1254 3788 1380 3850 haheat.

395 3883 507 3965 Saepe
534 3893 568 3944 et
598 3883 743 3945 multum
768 3883 832 3946 hoe
860 3903 991 3946 mecum
1020 3879 1185 3964 cogitaui]
1242 3881 1368 3943 Horum
1397 3876 1424 3939 si
1452 3897 1544 3940 tsnrrm
1567 3873 1623 3948 sit,
1727 3933 1730 3938 .

327 3991 379 4036 ton
398 3975 538 4038 ostendit
559 3974 634 4038 satis
656 3975 802 4039 diutinam
833 3975 1073 4062 cogitationem.
1131 3975 1305 4038 Possumus
1332 3969 1415 4034 enim
1441 3969 1625 4054 frequenter
1636 3985 1667 4036 ³5

325 4065 427 4150 aliquid
447 4065 615 4152 cogitare,
647 4069 703 4131 sed
724 4071 827 4134 statim
850 4091 868 4133 a
894 4067 1088 4154 cogitatione
1110 4066 1275 4131 desistere.
1320 4065 1496 4130 Possumus
1517 4059 1624 4123 itidem

325 4159 368 4221 diu
384 4159 501 4247 aliquid
519 4161 683 4247 cogitare,
707 4165 764 4225 sed
782 4162 816 4226 id
835 4184 897 4227 nna
911 4173 1030 4225 tantum
1051 4160 1101 4225 die
1117 4161 1236 4224 lacere.
1280 4159 1382 4223 Recte
1402 4175 1483 4239 ergo
1503 4165 1626 4216 utrum·

325 4272 377 4333 que
394 4253 581 4332 eonisrnxit,
619 4259 728 4339 Saepe
754 4268 788 4320 et
808 4258 954 4334 multum
972 4259 1036 4321 hoc
1056 4275 1188 4318 mecum
1213 4251 1376 4336 cogitaui.
1433 4250 1478 4313 Et
1497 4244 1571 4332 qnia
1593 4245 1625 4308 in

325 4346 470 4423 publicum
503 4348 648 4432 proferri
675 4369 729 4413 res
759 4371 824 4417 non
850 4350 960 4414 debuit
985 4349 1047 4414 nisi
1066 4359 1153 4412 certa
1174 4357 1206 4410 et
1234 4344 1427 4418 deliberata,
1458 4350 1545 4404 recte
1567 4335 1623 4414 ait,

325 4435 376 4499 hoe
394 4462 525 4506 meeum
545 4441 706 4525 cogitaui.
1634 4449 1667 4536 tp

394 4536 543 4611 Borrine,
567 4555 612 4596 an
635 4535 718 4599 moli
732 4535 836 4620 plus]
859 4536 965 4602 Causa
987 4532 1244 4611 deliberationis,
1260 4552 1323 4598 non
1337 4539 1443 4593 uuum
1464 4527 1560 4600 bona,
1585 4543 1625 4586 an

326 4624 392 4686 mala
412 4625 452 4690 sit
480 4628 684 4712 eloquentia,
715 4631 773 4692 sed
800 4643 909 4694 utrum
936 4632 1007 4714 plus
1037 4630 1129 4705 honi,
1166 4649 1203 4692 an
1233 4627 1304 4709 plus
1327 4621 1398 4686 mali
1422 4621 1536 4683 haheat
1557 4616 1625 4680 elo-

326 4721 449 4798 quentia.
494 4723 573 4784 Non
596 4733 698 4784 tamen
719 4734 812 4785 vacat
833 4725 914 4788 ratio
937 4725 1073 4787 ordinis:
1097 4720 1200 4806 potuit
1222 4731 1324 4783 autem
1346 4716 1463 4788 dicere,
1487 4709 1623 4783 maline,

387 4849 429 4898 10.
447 4845 571 4911 meretis]
593 4849 632 4896 An
651 4847 801 4898 meritam?
828 4843 886 4902 Cir.
906 4864 967 4922 pag.
990 4856 1032 4905 12.
1053 4847 1102 4900 lin.
1123 4853 1167 4902 tt.
1195 4843 1249 4897 0⁸·
1580 4873 1584 4881 ·

387 4923 429 4976 26.
448 4928 534 4988 atque
553 4923 629 4970 ortt's
646 4919 772 4972 traditor
791 4929 834 4975 est
856 4922 1039 4992 eloquentiae]
1061 4921 1155 4974 Editio
1176 4917 1340 4980 Bttlleentlt
1360 4925 1404 4965 tn.
1425 4907 1507 4970 15⁴1·
1526 4904 1624 4959 hilm?

328 4997 392 5041 mee
408 4993 512 5046 tradit.
534 4995 616 5046 Care.
654 4993 774 5048 Praetnlt
794 4995 921 5066 equidem
941 4997 1005 5052 lect.
1028 4995 1078 5050 cd.
1098 4997 1163 5050 Bas.
1197 4992 1250 5046 Oa.

387 5069 430 5124 29.
448 5067 500 5120 hos
518 5065 608 5118 tetros
626 5075 730 5121 eretum
756 5069 963 5126 Ithetorteorum
978 5076 1106 5141 vocavit]
1134 5070 1168 5122 ln
1187 5067 1308 5120 editione
1329 5059 1412 5118 nuru.
1431 5058 1546 5132 legltur:
1574 5051 1626 5106 lm

328 5135 399 5192 tem
412 5149 519 5194 artium
539 5139 762 5200 theoremata.
782 5147 867 5200 Care.
966 5171 991 5202 .·

385 5220 430 5276 52.
446 5235 478 5270 se
498 5215 622 5286 tumst]
642 5233 680 5273 se
697 5236 727 5270 se
749 5219 817 5273 ‹ttcte
836 5219 886 5275 cd.
906 5221 969 5276 Bas.
988 5221 1044 5278 Οι.
