4434 5959
674 694 677 700 ἢ
773 605 824 668 ΙΝ
846 604 1072 670 SOMNIUM
1092 601 1338 670 SCIPIONIS.
1650 601 1711 668 l109

396 758 578 813 conseruet.
635 749 724 810 Inter
753 747 874 810 caelum
904 759 936 810 et
966 755 1084 808 terram
1113 766 1228 808 novem
1250 743 1417 806 intervalla
1439 742 1507 825 ipse
1529 741 1713 807 consideres

395 843 480 906 lieet.
526 840 596 916 Sic,
621 841 768 925 quoniam
792 839 886 922 primi
905 861 1015 902 versus
1036 839 1197 903 absolutio
1220 837 1396 901 novenario
1421 857 1551 900 numero
1567 836 1712 900 contine·

394 950 463 1011 tnr,
488 957 589 1018 neque
611 935 677 1016 ipsa
701 934 852 996 decimum
874 933 1025 997 circulum
1046 945 1157 995 natura
1180 931 1384 1016 requirebat:
1421 933 1517 994 hahes
1540 933 1579 994 de
1601 953 1710 994 nieme·

394 1031 457 1105 ris,
482 1034 568 1113 quod
590 1029 656 1092 sine
680 1029 766 1091 libris
789 1028 819 1090 in
842 1030 947 1112 agello
968 1027 1060 1110 potui
1081 1025 1252 1090 reminisci.
1308 1025 1458 1111 chiieuti
1480 1037 1569 1107 parte
1592 1047 1713 1089 sermo·

394 1125 441 1186 nis
464 1124 556 1188 etiam
578 1122 795 1204 symphoniam
818 1121 944 1198 mundi,
980 1144 1043 1207 qua
1072 1143 1143 1185 enm
1170 1142 1346 1205 personare
1377 1121 1580 1205 Pythagoras
1605 1118 1737 1184 existi-5

395 1229 480 1296 mat,
503 1219 689 1282 referemus.

628 1353 709 1459 'on
733 1392 1040 1460 caenns'num
1062 1395 1247 1460 numum
1271 1394 1456 1461 sonmo.

478 1563 626 1647 Sequitur
653 1564 744 1627 loeus
775 1586 869 1646 qiiiim
898 1563 947 1628 rei
974 1561 1188 1638 obscuritate,
1226 1574 1291 1625 tmn
1321 1562 1530 1646 expositionis
1563 1566 1712 1631 aTullio

394 1659 518 1745 positae
539 1658 695 1722 brevitate
718 1657 874 1733 difficilis,
897 1663 951 1745 qni
972 1661 1032 1721 sub
1054 1657 1201 1739 personis
1223 1657 1349 1734 iisdem,
1375 1680 1451 1741 quas
1474 1681 1568 1742 supra
1591 1683 1712 1725 inemo·

393 1754 551 1825 ravimus,
588 1751 724 1814 sonitum
755 1751 860 1812 mundi
889 1766 963 1816 octo
992 1752 1138 1814 videlicet
1171 1751 1296 1816 orbium
1323 1751 1511 1834 impulsione
1543 1754 1713 1818 concinere

392 1846 593 1932 Pythagorei
621 1845 778 1929 dogmatis
804 1848 978 1908 assertione
1002 1845 1182 1927 perdocuit.
1242 1847 1323 1908 Nam
1354 1858 1438 1910 terra
1467 1849 1514 1925 (ut
1543 1847 1584 1910 ait
1616 1847 1756 1929 idemlto

393 1965 497 2018 nona,
521 1942 649 2003 immota
671 1960 797 2020 semper
818 1942 894 2004 sede
916 1940 1104 2016 consistens,
1130 1939 1217 2002 nullo
1242 1961 1358 2004 canore
1380 1941 1577 2016 concutitur,
1603 1953 1634 2003 et
1655 1963 1712 2005 vc·

393 2041 439 2102 lut
460 2034 656 2100 fundamenti
677 2034 747 2097 viee
769 2034 885 2096 circum
909 2056 944 2096 se
966 2033 1045 2096 actis
1068 2043 1143 2096 octo
1163 2032 1308 2096 cursibus
1323 2033 1427 2095 defixa
1441 2031 1593 2098 libratur:
1617 2047 1712 2118 atque

393 2145 428 2198 ut
449 2132 481 2195 in
503 2130 622 2194 cithara
645 2131 791 2202 testudo,
828 2128 874 2191 sic
893 2129 995 2210 ipsam
1018 2129 1191 2190 mundanae
1212 2127 1396 2190 harmoniae
1418 2126 1506 2190 velut
1538 2129 1711 2192 machinam

392 2229 536 2309 praehet.
596 2225 657 2286 Sed
686 2225 838 2307 qiiaedam
871 2221 1017 2302 primitus
1044 2243 1084 2284 ex
1116 2221 1233 2282 musica
1256 2221 1416 2303 disciplina
1439 2225 1590 2286 tradenda
1615 2235 1709 2299 seint,

392 2343 457 2405 quio
478 2317 605 2381 facilior
626 2316 804 2379 intellectus
827 2315 972 2380 exsistat.
1029 2316 1118 2378 Sicut
1142 2315 1173 2377 in
1203 2326 1271 2378 arte
1301 2315 1506 2399 grammatica
1529 2318 1755 2396 articulatae15

391 2412 482 2476 vocis
504 2411 657 2474 maximae
679 2432 716 2473 ae
736 2407 928 2492 principales
950 2420 1057 2490 partes
1079 2410 1270 2482 edocentur,
1308 2408 1433 2472 nomina
1456 2421 1486 2472 et
1510 2413 1627 2484 verha3
1656 2412 1712 2473 ba-

392 2530 462 2572 rum
491 2518 594 2568 autem
622 2516 695 2568 siunt
727 2505 867 2583 syllabae
888 2501 1016 2584 partes,
1049 2523 1087 2564 ac
1106 2501 1232 2566 litterae
1255 2501 1468 2580 syllabarum,
1499 2523 1559 2584 per
1579 2524 1656 2585 quas
1678 2502 1711 2566 in

393 2623 487 2674 isurun¹
509 2601 662 2662 collectae
684 2597 863 2682 significant
885 2595 1025 2680 aliquid,
1049 2607 1082 2660 et
1104 2596 1135 2658 in
1158 2615 1210 2658 eas
1231 2616 1343 2658 rursus
1359 2596 1503 2658 diductae
1518 2595 1709 2660 solvuntur:

393 2696 436 2760 ita
459 2715 594 2759 canorae
618 2692 724 2768 vocis,
764 2713 844 2774 quiae
866 2714 883 2754 a
907 2690 1039 2754 Graecis
1062 2686 1200 2775 ἐμμελὴς
1221 2689 1334 2751 dicitur
1357 2699 1457 2751 otest
1479 2687 1617 2751 numeris
1641 2711 1710 2753 mo·

394 2789 538 2874 elulisqne
560 2798 730 2860 contexta,
768 2775 956 2867 principales
979 2783 1145 2866 portiones
1169 2785 1324 2846 hahentur
1346 2777 1554 2867 συστήματα.
1601 2789 1755 2865 Syste-rp

393 2897 507 2946 rnatum
531 2903 610 2946 vero
639 2892 746 2963 partes
768 2901 809 2942 ex
831 2891 920 2942 certo
943 2889 1109 2942 contracto
1133 2874 1398 2958 pronuntiationis
1422 2874 1594 2940 exsistunt:
1630 2899 1711 2960 qnae

393 2977 511 3042 Graeci
533 2971 762 3058 διαστήματα,
786 2995 845 3038 nos
867 2972 1030 3035 intervalla
1046 2971 1255 3036 nominamus.
1300 2971 1526 3034 Diastematum
1544 2991 1621 3034 vero
1637 2991 1711 3052 par·

391 3082 440 3132 tes
462 3081 534 3132 siunt
556 3064 730 3159 φθόγγοι,
762 3067 816 3150 qui
838 3067 908 3129 soni
931 3066 1046 3128 Latine
1069 3067 1234 3152 dicuntur:
1264 3064 1296 3128 hi
1318 3065 1388 3129 soni
1411 3062 1501 3147 quasi
1523 3063 1710 3126 fundamen·

391 3175 458 3224 tum
477 3173 550 3226 sunt
571 3173 694 3224 cantus.
750 3163 812 3224 Est
833 3172 935 3222 autem
963 3180 1118 3224 sonorum
1140 3158 1275 3240 plurima
1299 3159 1473 3222 differentia
1504 3157 1590 3220 iirxta
1614 3159 1710 3221 ebor·

393 3260 503 3320 darum
525 3255 750 3330 intentionem,
785 3276 866 3336 qliae
890 3275 977 3330 nun,
1008 3253 1158 3327 utlibet,
1189 3251 1338 3326 efficitur,
1367 3252 1423 3314 sed
1445 3261 1531 3314 certa
1556 3253 1755 3322 observa-2⁵

393 3352 482 3414 tione
504 3369 726 3421 numerorum,
761 3350 799 3410 de
828 3347 942 3430 quihus
970 3368 1047 3409 mox
1075 3347 1256 3428 loquemur.
1315 3347 1360 3408 Et
1388 3345 1471 3408 aenti
1494 3343 1618 3427 quidem
1641 3345 1712 3409 soni

395 3441 610 3509 vehementius
632 3454 664 3506 et
685 3441 777 3504 citius
799 3462 952 3523 percusso
973 3443 1048 3526 aifre
1069 3439 1257 3520 pulsantur;
1281 3450 1311 3502 et
1332 3438 1386 3502 uhi
1410 3439 1519 3502 nimius
1535 3437 1713 3503 incitatior·

396 3559 456 3620 que
478 3539 587 3620 pulsus
609 3549 675 3612 est,
712 3537 855 3599 accentio
879 3533 1059 3608 vocitatnr3
1092 3533 1253 3596 succentio
1276 3553 1378 3610 vero,
1412 3533 1712 3617 qnumlleniortar·

397 3634 530 3716 diorque
553 3630 691 3712 pulsatio
712 3641 772 3693 est.
823 3631 876 3694 Ex
898 3627 1134 3692 accentionibus
1156 3627 1280 3691 ratione
1304 3627 1439 3690 musicae
1463 3628 1568 3692 cantio
1593 3638 1712 3709 tempe·

396 3737 465 3788 rata
488 3724 675 3804 symphonia
697 3724 825 3786 dicitur.
884 3723 986 3802 Quam
1008 3721 1050 3784 ita
1073 3720 1242 3784 deliniunt:
1274 3719 1461 3802 symphonia
1483 3731 1531 3784 est
1552 3741 1756 3792 consonacto

396 3818 486 3882 vocis
506 3817 654 3881 continua
676 3815 868 3890 modrilntio;
892 3817 1101 3898 dicunturque
1118 3815 1195 3878 aliae
1209 3814 1366 3898 simplices
1381 3815 1607 3896 symphoniae,
1633 3817 1713 3880 aliae

396 3933 474 3975 vero
503 3910 683 3990 copulatae.
739 3910 848 3972 Prima
880 3909 1066 3990 symphonia
1096 3909 1127 3971 in
1162 3921 1313 3991 qrrattunr
1335 3907 1443 3990 primis
1466 3909 1600 3973 modulis
1622 3910 1714 3974 invem

394 4006 499 4080 nitur,
525 4024 604 4086 quiae
627 3999 682 4068 diri
704 3998 870 4088 τεσσάρων
891 4023 907 4062 a
926 4001 1050 4065 musicis
1066 4003 1268 4084 appellatur:
1287 4005 1437 4077 secunda,
1462 4023 1542 4085 quae
1561 4023 1601 4066 ex
1622 4004 1713 4086 quiin·

396 4121 457 4183 que
479 4097 590 4180 primis
613 4097 749 4162 modulis
772 4106 918 4168 constat,
953 4092 1067 4170 aedui
1093 4100 1185 4162 πέντε
1214 4095 1406 4162 nominatur.
1459 4095 1581 4175 Quibus
1609 4097 1713 4160 mixtis

395 4194 427 4256 in
455 4193 597 4256 ordinem
631 4203 727 4274 atque
757 4187 943 4270 compositis
979 4189 1118 4254 nascitur
1149 4210 1184 4252 ea
1208 4189 1382 4266 cantilena,
1421 4211 1500 4274 quae
1522 4187 1578 4256 dici
1600 4192 1756 4265 αασῶν35

395 4291 530 4354 habetur
551 4307 610 4366 per
631 4281 789 4368 ἐπόγδοον
811 4304 988 4344 nisinerum.
1033 4283 1104 4362 Qua
1128 4297 1251 4346 veteres
1269 4284 1376 4347 musici
1392 4297 1468 4349 octo
1483 4295 1601 4348 tantum
1616 4287 1715 4348 chor·

398 4383 444 4444 dis
468 4381 655 4454 utebantur,
679 4380 718 4440 ad
736 4377 932 4452 ,circulorum
956 4376 1135 4439 caelestium
1153 4377 1382 4440 similitudinem
1397 4379 1586 4442 relerentes.
1632 4381 1714 4442 'l'res

396 4486 470 4539 sunt
490 4473 596 4557 itaque
618 4470 826 4553 symphoniae
847 4469 1005 4552 simplices
1023 4491 1059 4532 ae
1073 4469 1299 4552 primigeniae,
1323 4469 1378 4536 διὰ
1393 4475 1502 4547 πέντε,
1527 4469 1582 4538 διὰ
1599 4468 1715 4538 τεσσά-

396 4593 479 4656 ρων,
505 4565 560 4632 διὰ
581 4567 717 4638 πασῶν,
750 4587 831 4650 qnac
853 4565 885 4626 in
907 4565 1134 4638 tetrachordo,
1163 4586 1366 4630 ntimeroriun
1389 4564 1514 4630 ratione
1537 4566 1712 4649 disposito,

284 4735 291 4750 ο
396 4662 610 4744 reperiuntur.
654 4662 737 4724 Nam
760 4661 786 4722 si
809 4681 899 4722 eruam
922 4658 1094 4733 chordam,
1120 4659 1268 4733 utlibet,
1292 4658 1440 4722 intentam
1463 4660 1560 4722 semel
1583 4673 1635 4722 ant
1656 4660 1757 4734 ite-40

395 4779 465 4820 rum
489 4754 685 4830 verberaris,
723 4755 850 4818 sonabit
880 4753 1005 4838 quidem
1027 4751 1077 4814 vel
1102 4773 1201 4834 grave
1228 4753 1280 4816 vel
1303 4765 1445 4826 accitum,
1476 4753 1714 4817 consonantiam

395 4861 497 4912 tamen
521 4851 640 4911 hahere
662 4869 725 4910 nnn
748 4845 886 4928 poterit,
920 4866 1001 4928 qirae
1024 4846 1136 4908 dieitur
1158 4845 1361 4928 symphonia.
1420 4845 1505 4910 Huic
1528 4847 1665 4910 chordae
1688 4845 1716 4908 si

396 4944 524 5008 alteram
546 4942 658 5028 iungas
681 4942 807 5005 diversa
828 4939 950 5003 ratione
973 4939 1164 5016 distentam
1188 4962 1267 5024 quae
1291 4955 1393 5004 tamen
1416 4939 1582 5004 diversitas
1605 4941 1715 5006 analo·

472 5169 499 5230 7.
517 5164 583 5240 Lep.
603 5161 763 5220 Macrobius
772 5162 823 5218 lib.
838 5163 875 5217 11.
889 5167 918 5216 ln
932 5163 1076 5218 Somnium
1086 5163 1161 5238 Sclp.
1175 5179 1238 5240 esp.
1251 5163 1296 5221 IV.
1318 5164 1715 5224 circumvectarentur.
