4434 5959
977 623 1159 692 niu-w.
1661 625 1725 694 3³9

412 758 548 827 diximus
569 762 636 830 eius
655 783 774 851 aquae,
805 784 899 849 qnam
921 764 1024 829 arceri
1039 775 1207 848 oporteat,
1241 783 1340 851 genna
1363 787 1433 831 esse
1456 787 1568 853 aquam
1585 768 1764 856 pluriam·=

412 878 505 921 manu
530 874 714 937 nocentem,
746 859 789 922 ita
818 859 1052 942 intelligendum
1082 869 1147 934 est,
1184 857 1212 922 si
1242 879 1340 943 aqua,
1378 879 1458 944 qnae
1486 863 1598 940 areeri*
1613 861 1722 945 debet,

410 953 546 1035 piurima
571 958 631 1017 sub
663 977 699 1018 se
727 956 843 1016 babeat
870 952 1030 1016 individua
1061 963 1093 1015 et
1126 951 1257 1027 similia3
1294 964 1368 1016 tnnc
1398 953 1479 1016 enim
1505 957 1628 1018 demum
1657 955 1725 1030 eius¹

410 1069 534 1130 aqtaas,
564 1070 645 1132 quae
668 1048 768 1111 arceri
792 1050 904 1120 debet,
942 1067 1022 1128 aqua
1044 1045 1152 1127 pluria
1176 1066 1267 1108 uranu
1289 1065 1407 1110 nocens
1427 1069 1526 1131 genus
1543 1069 1611 1111 esse
1633 1059 1732 1130 pote-1

411 1141 465 1204 rit.
511 1142 658 1220 Quodsi
685 1163 785 1225 aqua,
821 1161 900 1225 quae
924 1137 1027 1200 arceri
1048 1140 1161 1212 debet,
1193 1138 1223 1201 in
1253 1139 1337 1202 nulia
1359 1139 1517 1203 individua
1541 1141 1750 1217 diducatur,5

410 1233 479 1315 ipsa
500 1245 548 1296 est
566 1234 746 1310 indiuidua,
786 1255 845 1296 nec
863 1232 930 1296 eius
958 1244 1123 1315 gemescat
1145 1251 1224 1316 aqua
1247 1231 1353 1313 pluvia
1381 1254 1498 1298 nocens
1522 1257 1632 1310 manta,
1670 1236 1728 1298 sed

410 1328 548 1408 species.
593 1329 730 1406 Quodsi
749 1328 800 1390 eui
814 1327 986 1409 paullulum
1003 1325 1129 1388 uidetur
1146 1325 1337 1401 obscurius,
1360 1328 1429 1403 bic,
1452 1326 1479 1389 si
1497 1348 1552 1390 eos
1569 1349 1727 1390 commen-

411 1420 535 1492 tarios,
569 1441 651 1503 qttos
681 1425 720 1485 de
748 1442 884 1506 genere,
921 1419 1046 1502 specie,
1077 1417 1272 1492 differentia,
1303 1420 1440 1502 proprio
1462 1431 1557 1505 atque
1574 1418 1727 1484 accidenti

410 1515 646 1595 composuimus
667 1515 757 1578 libris
783 1517 921 1601 quinque
949 1514 1111 1596 digestos,
1147 1512 1339 1596 inspexerit,
1374 1514 1452 1578 nibil
1469 1516 1583 1590 borum
1609 1513 1728 1597 poterit
1854 1519 1865 1542 ⁶

408 1608 593 1684 incurrere,
617 1631 683 1691 quo
705 1610 834 1693 caliget.
1737 1621 1770 1682 tt

494 1701 592 1784 (Cap.
615 1704 648 1767 9.
671 1709 702 1780 §.
726 1706 796 1783 to.)
817 1699 1001 1768 Commode
1025 1698 1131 1762 etiem
1151 1731 1192 1745 -
1214 1730 1255 1744 -
1270 1699 1422 1778 firmum
1442 1701 1551 1767 videri
1571 1705 1670 1768 solet.

495 1795 623 1859 Dictum
647 1810 712 1871 est,
736 1796 997 1881 quemadmodum
1017 1813 1116 1876 genus
1139 1793 1179 1854 ad
1199 1793 1336 1874 speciem
1360 1796 1470 1858 debeat
1490 1795 1609 1877 aptari,
1634 1809 1728 1879 atque

412 1887 444 1951 in
468 1910 509 1953 eo
528 1892 759 1970 praescriptum
781 1902 847 1967 est,
872 1900 907 1951 ιιι
925 1886 984 1948 nisi
999 1885 1048 1961 id,
1074 1887 1160 1968 qtaod
1181 1897 1228 1948 est
1247 1886 1411 1968 superius,
1434 1889 1575 1952 adbiberi
1589 1911 1651 1954 nnn
1672 1893 1728 1953 de·

409 1983 496 2045 beat.
542 1984 636 2044 Nunc
659 1984 734 2045 iliud
756 1983 952 2066 adiungitur,
989 1981 1252 2064 quemadmodum
1274 1981 1340 2044 eius
1362 1980 1442 2059 loci,
1475 1981 1528 2065 qui
1558 2004 1574 2044 a
1611 2003 1728 2066 genere

409 2075 554 2150 ducitur,
591 2075 623 2138 in
644 2076 968 2160 argumentationibus
989 2071 1187 2136 commodior
1206 2093 1282 2135 usus
1307 2095 1376 2137 esse
1398 2075 1512 2157 possit.
1556 2075 1771 2156 Quotiens-ta

411 2188 540 2252 cunque
561 2168 641 2231 enim
665 2172 761 2231 dere
783 2169 886 2253 aliqua
911 2168 1090 2240 dubitatur,
1114 2165 1141 2230 si
1163 2165 1247 2228 iacta
1270 2168 1396 2250 generis
1419 2167 1550 2232 alicuius
1575 2169 1729 2232 divisione

409 2265 471 2324 sub
493 2261 597 2345 aliqua
620 2263 687 2325 eius
708 2263 834 2346 generis
856 2273 948 2344 parte
969 2261 1017 2335 id,
1049 2261 1088 2322 de
1112 2280 1176 2342 quo
1195 2259 1387 2344 ambigitur,
1411 2261 1607 2343 potuerimus
1629 2263 1730 2326 inciu-

409 2357 505 2428 derr,
545 2367 620 2418 tunc
646 2376 664 2418 a
695 2376 812 2440 genere
842 2367 975 2417 tractum
1005 2374 1075 2416 esse
1104 2365 1322 2435 argumentum
1347 2355 1487 2436 videtur,
1526 2355 1589 2416 boc
1610 2357 1727 2420 modo:

409 2448 459 2512 Sit
477 2449 570 2512 dolus
589 2451 709 2525 maius,
744 2453 871 2534 quando
889 2448 973 2512 aiiud
995 2449 1117 2529 agitur,
1150 2445 1234 2508 aliud
1256 2445 1432 2510 simulatur.
1477 2447 1581 2511 Huius
1601 2471 1681 2534 ergo
1702 2447 1729 2513 si

408 2543 534 2622 species
555 2542 733 2605 dividantur
756 2557 787 2609 et
809 2544 858 2618 id,
896 2545 984 2625 quod
1005 2543 1121 2604 iactum
1145 2538 1325 2622 arguimus,
1358 2539 1453 2603 alicui
1475 2563 1583 2604 earum
1605 2543 1772 2626 speeie-tt

408 2657 500 2711 raim,
538 2657 620 2720 qarae
641 2660 659 2699 a
681 2640 757 2702 doto
788 2638 871 2700 maio
894 2637 1044 2698 deductae
1064 2645 1156 2704 sunt,
1191 2633 1388 2714 potuerimus
1411 2634 1603 2719 adiungere:
1638 2636 1730 2720 quiti-

409 2730 546 2813 quidde
568 2730 645 2794 dolo
667 2733 750 2794 maio
772 2731 1019 2803 existimabitur,
1042 2727 1124 2788 idem
1147 2726 1237 2787 etiam
1255 2728 1292 2788 de
1314 2748 1351 2788 ea
1366 2747 1418 2802 re,
1443 2749 1536 2809 quam
1553 2728 1726 2811 arguimus,

409 2843 539 2886 necesse
568 2835 615 2884 est
643 2823 791 2897 iudicari,
827 2824 1002 2887 et'iactum
1038 2829 1085 2880 est
1106 2829 1327 2902 argumentum
1356 2839 1527 2905 agenore.
1586 2825 1667 2884 Nam
1690 2824 1728 2885 de

409 2936 476 3000 quo
497 2915 682 2999 quaeritur,
718 2916 839 2996 species
862 2928 927 2992 est,
957 2926 989 2976 et
1009 2913 1058 2988 id,
1081 2933 1099 2975 a
1122 2933 1186 2995 quo
1209 2913 1341 2975 sumitur
1363 2927 1602 2996 argumentum,
1628 2937 1728 2998 genus

410 3021 477 3082 est,
501 3009 639 3083 scilieet,
663 3008 689 3070 si
718 3009 761 3071 ita
785 3010 919 3093 contigit
940 3009 1032 3072 doliis
1054 3006 1166 3067 rnaius.
1221 3007 1331 3069 Locus
1351 3027 1430 3070 vero
1450 3009 1500 3072 bic
1525 3010 1564 3070 ab
1590 3029 1648 3082 eo,
1675 3007 1776 3091 quita¹

410 3113 459 3163 est
479 3121 496 3162 a
518 3099 653 3180 partium
676 3103 929 3178 enumeratione,
954 3101 1098 3164 diversus
1120 3109 1179 3160 est.
1223 3099 1292 3161 Nec
1314 3099 1339 3161 si
1363 3121 1579 3164 enumeramus
1603 3112 1728 3182 partes,

408 3192 523 3267 idest,
547 3195 667 3256 iormas
686 3207 739 3256 aut
757 3196 898 3276 speeies,
921 3196 1041 3260 ideirco
1064 3213 1128 3256 nun
1153 3212 1170 3254 a
1192 3213 1335 3275 genere,
1359 3197 1415 3256 scd
1431 3197 1471 3256 ab
1494 3195 1728 3258 enumeratione

408 3286 546 3369 partium
573 3287 698 3350 ducitur
732 3301 964 3371 argumentum.
1019 3287 1175 3367 Quotiens
1204 3286 1285 3348 enirn
1309 3285 1376 3368 ipsa
1406 3289 1541 3370 partium
1564 3308 1729 3351 enumera·

408 3378 495 3442 boue
516 3378 632 3441 utimur
653 3382 694 3442 ad
714 3381 1038 3464 argumentationem,
1076 3393 1151 3442 tunc
1172 3381 1211 3442 ab
1233 3383 1340 3442 eadem
1364 3382 1532 3463 partitione
1559 3403 1728 3466 argumen-

407 3483 474 3534 tum
496 3462 629 3535 tractur'u
652 3494 722 3536 esse
744 3475 895 3550 dicimus,
920 3486 954 3536 ut
975 3475 1038 3537 boc
1061 3476 1177 3535 modo:
1202 3473 1236 3536 Si
1257 3474 1460 3538 fundamenta
1483 3487 1514 3538 et
1536 3475 1673 3557 parietes
1696 3485 1727 3536 et
1739 3485 1771 3536 tt

406 3576 525 3628 tectum
540 3567 636 3628 babet
656 3580 688 3629 et
710 3566 898 3631 habitationi
913 3559 967 3629 ¹est
988 3565 1162 3630 destinatus
1183 3566 1295 3642 loeus,
1331 3571 1442 3631 domus
1465 3581 1525 3630 est.
1569 3570 1643 3650 ipsa
1667 3567 1728 3652 igi·

408 3673 461 3723 tur
489 3661 661 3740 partitione
694 3675 817 3725 utentes
847 3665 973 3727 domum
1006 3680 1076 3722 esse
1105 3660 1326 3740 probavimus.
1385 3663 1543 3742 Quotiens
1567 3683 1645 3727 vero
1667 3663 1727 3724 sub

408 3773 528 3837 genere
549 3753 666 3837 aliquid
688 3757 908 3834 collocandum
938 3763 987 3816 est
1008 3752 1179 3835 divisisque
1208 3755 1352 3834 partibus
1374 3755 1466 3819 alicui
1489 3777 1618 3828 eorum,
1646 3774 1728 3838 quiae

407 3867 425 3908 a
448 3867 566 3929 genere
588 3849 802 3923 deducuntur,
825 3850 877 3920 id,
901 3849 939 3908 de
955 3869 1019 3929 quo
1035 3845 1220 3930 quaeritur,
1245 3867 1457 3932 aggregamus
1469 3853 1516 3926 (ut
1532 3851 1593 3911 troc
1609 3851 1726 3911 modo:

408 3939 443 4002 si
466 3939 656 4004 Ciceronem
678 3943 789 4004 animai
811 3964 881 4005 esse
905 3949 1138 4012 monstremus,
1162 3939 1302 4001 dicemus
1323 3940 1384 4002 ita:
1410 3942 1513 4004 Omne
1535 3943 1646 4005 animal
1674 3951 1726 4002 aut
1737 3950 1769 4002 tt

389 4033 561 4096 ‘rationale
586 4045 709 4096 estant
733 4020 935 4108 irrationale3
973 4034 1030 4094 sed
1053 4030 1172 4095 Cicero
1195 4032 1356 4096 rationalis
1386 4046 1452 4097 eat:
1489 4036 1597 4098 aniuaai
1628 4033 1727 4117 igitur

407 4127 488 4204 est),
513 4148 577 4190 non
600 4127 776 4207 partitione
793 4129 909 4190 utimur
930 4122 1149 4208 principaliter
1172 4127 1210 4188 ad
1226 4139 1443 4208 argumentum
1460 4129 1724 4203 constituendum,

406 4220 463 4280 sed
494 4219 613 4284 idcirco
648 4243 747 4303 gentas
776 4221 957 4294 diuisurus,
992 4231 1026 4281 ut
1054 4218 1086 4279 in
1121 4238 1179 4278 tana
1210 4218 1351 4301 qualibet
1372 4219 1527 4284 divisione
1550 4221 1599 4294 id,
1639 4224 1725 4303 quod

406 4313 584 4376 nitebamur
607 4318 795 4389 ostendere,
833 4324 943 4396 posset
964 4311 1097 4384 includi,
1122 4310 1153 4372 id
1176 4323 1242 4386 est,
1267 4323 1301 4374 ut
1322 4311 1371 4388 id,
1397 4315 1434 4374 de
1457 4337 1521 4397 quo
1544 4315 1723 4400 dubitatur,

240 4398 241 4405 ¹
273 4459 280 4470 .
405 4405 437 4466 in
470 4407 622 4487 assumpti
650 4408 873 4471 continentiam
903 4407 1028 4489 generis
1050 4403 1252 4486 redigeretur
1273 4417 1367 4489 atque
1391 4409 1430 4468 de
1452 4428 1491 4470 eo
1514 4430 1573 4490 per
1596 4411 1724 4492 generis
1736 4429 1768 4480 au

406 4511 548 4563 nattaram
571 4503 649 4563 tides
678 4502 779 4564 fieret.
833 4501 989 4582 sicergo
1012 4521 1028 4560 a
1053 4519 1169 4581 geuene
1190 4499 1273 4561 iacta
1297 4501 1527 4584 argumentatio
1550 4503 1617 4566 inre
1641 4502 1725 4566 diee-

405 4601 472 4654 tnr.
532 4587 850 4676 Amplius'partium
880 4593 1075 4657 enumeratio
1105 4591 1202 4656 totius
1234 4593 1361 4656 efficere
1388 4595 1592 4659 substantiam
1622 4599 1725 4672 sciet,

404 4685 476 4748 sive
496 4686 574 4750 ittud
603 4689 779 4752 universate
802 4689 863 4763 sit,
896 4701 930 4750 ιιι
953 4709 1071 4771 genus,
1100 4685 1169 4748 sive
1191 4688 1326 4768 partium
1349 4687 1571 4752 coniunctione
1594 4690 1727 4772 copule·

406 4790 475 4852 tor,
511 4792 546 4843 ut
568 4793 682 4845 totum.
726 4786 772 4846 At
795 4803 873 4844 vero
893 4783 972 4844 haec
994 4779 1105 4842 divisio
1130 4780 1272 4862 generis,
1296 4779 1326 4842 in
1349 4780 1435 4844 cuius
1457 4795 1546 4863 parte
1568 4783 1728 4866 quaelibet

405 4871 458 4934 itta
480 4893 551 4949 res,
590 4878 628 4938 de
650 4898 711 4958 qua
734 4875 953 4950 contenditur,
986 4874 1172 4937 includenda
1195 4885 1263 4948 est,
1295 4896 1358 4936 ιιοιι
1381 4875 1412 4937 iti
1433 4876 1548 4948 eflicit,
1573 4888 1605 4938 ut
1628 4874 1768 4956 tutins45

405 4967 581 5031 substantia
602 4970 830 5045 constituatur,
867 4970 924 5032 aed
946 4969 1095 5042 utillud,
1126 4971 1212 5051 qued
1235 4970 1416 5050 approbare
1439 4969 1639 5052 queaerimus,
1677 4967 1726 5030 in·

406 5072 453 5122 tra
478 5082 579 5146 genus
600 5062 735 5126 iuuetur.
788 5064 891 5145 Quem
921 5061 1202 5146 argumentationis
1233 5063 1358 5124 modurn
1385 5062 1414 5124 iu
1437 5062 1544 5144 primis
1569 5061 1619 5124 M.
1644 5062 1725 5124 ΤιιΙ·

405 5155 465 5219 Ιίιιι
498 5157 633 5220 validum
667 5179 736 5224 esse
769 5157 948 5223 confirmat.
976 5153 1064 5250 ,ttta
1085 5154 1168 5218 enim
1201 5155 1312 5239 regula
1344 5155 1419 5218 satis
1449 5175 1525 5219 vera
1553 5167 1602 5220 est
1630 5167 1725 5250 atque
1854 5143 1859 5154 ⁵
