4434 5959
560 605 601 668 bt
1067 604 1354 676 mabuinus

559 745 660 807 addita
683 756 753 810 est:
782 746 820 810 Si
844 767 900 809 res
920 758 954 809 et
977 746 1024 807 nd
1047 768 1180 822 eornm,
1204 748 1263 830 qui
1291 759 1415 830 agent,
1452 759 1615 814 memet
1640 749 1741 812 etad
1772 752 1868 834 nitigi

560 857 689 902 morem
709 840 806 901 etad
822 861 958 912 eornm,
981 841 1041 923 qui
1058 841 1218 914 audient,
1243 842 1436 924 opinionem
1456 843 1782 908 accommodatum.

643 933 680 996 Si
689 954 919 1014 personarum
935 933 1121 1015 dignitates
1135 934 1373 1014 servabuntur]
1417 935 1491 996 Non
1506 935 1667 1012 honores,
1691 939 1749 998 sed
1769 949 1872 1020 pront

560 1047 706 1108 quaeque,
725 1027 817 1109 digna
840 1025 893 1087 sit.

535 1127 549 1176 5
643 1118 681 1182 Si
709 1131 840 1200 temptes
856 1119 1045 1192 idoneum,
1069 1119 1100 1181 si
1121 1120 1226 1204 spatii
1246 1121 1345 1200 sotis]
1387 1119 1462 1182 Duo
1482 1131 1554 1182 sunt
1578 1131 1740 1201 tempora;
1770 1143 1867 1184 trorum

558 1229 617 1292 per
637 1211 789 1291 spatium,
813 1211 845 1272 id
864 1223 929 1285 est,
953 1233 1011 1293 per
1030 1212 1246 1285 intervallum
1277 1211 1358 1274 aliud
1378 1232 1438 1293 per
1460 1213 1741 1293 opportunitatem.
1786 1217 1869 1294 Spa·

559 1304 634 1366 tium
657 1315 706 1364 est
724 1325 819 1377 trusis,
844 1304 947 1378 alter,
972 1304 1060 1367 nndti
1082 1303 1165 1379 dies,
1189 1305 1320 1380 mensis,
1346 1325 1482 1380 menses,
1506 1304 1590 1369 anni.
1634 1305 1869 1385 Opportunitas

559 1408 606 1460 est
628 1394 754 1460 occasio
777 1418 818 1458 ex
835 1395 994 1458 hominum
1014 1397 1137 1460 actibus
1158 1395 1258 1471 iaeta3
1289 1409 1323 1460 ut
1346 1398 1479 1471 bellum,
1514 1419 1595 1480 pax,
1633 1398 1715 1473 ludi,
1739 1399 1866 1461 seditio.

558 1491 633 1551 Hoc
661 1501 708 1550 est
735 1509 814 1572 ergo
838 1491 923 1572 quod
949 1489 1010 1552 ait:
1048 1491 1086 1554 Si
1108 1503 1240 1573 tempus
1259 1491 1439 1564 idoneum,
1476 1491 1507 1554 si
1529 1491 1633 1572 spatii
1656 1492 1754 1555 sotis.
1798 1493 1868 1554 Iam

517 1595 652 1665 loquum
679 1583 738 1658 ait,
772 1582 804 1644 si
827 1594 961 1666 tempus
989 1582 1166 1657 idoneum,
1204 1583 1339 1648 ostendit
1369 1595 1491 1664 ternpus
1518 1605 1586 1646 esse
1615 1604 1673 1666 per
1707 1595 1866 1666 opportu-

557 1676 697 1738 nitatem.

639 1771 729 1835 tttnn
746 1781 861 1831 antem
879 1764 1059 1851 praeterea
1075 1769 1293 1834 considerare
1314 1768 1492 1851 oportebit,
1513 1790 1554 1831 ne
1575 1781 1636 1832 ont
1657 1792 1761 1854 quum
1776 1769 1866 1834 obsit

556 1863 731 1935 narratio,
754 1871 816 1922 atet
834 1883 937 1944 quum
951 1861 1038 1925 nibil
1054 1862 1179 1945 prosit,
1203 1873 1315 1924 tomen
1330 1861 1581 1944 interponatur]
1613 1865 1715 1944 Supra
1742 1862 1862 1937 docuit,

556 1975 636 2038 quae
659 1954 689 2016 in
711 1953 889 2016 narratione
918 1957 1071 2016 servanda
1092 1954 1154 2016 sint
1177 1967 1208 2017 et
1239 1957 1497 2039 quemadmodum
1526 1957 1687 2019 iacienda:
1725 1975 1807 2020 niune
1832 1957 1865 2017 in

515 2049 654 2130 teipsam
681 2046 890 2109 narrationem
919 2058 1068 2128 quattuor
1099 2061 1267 2129 praecepta
1302 2051 1366 2110 dat.
1422 2048 1573 2128 Quaestio
1606 2062 1653 2111 est
1688 2049 1787 2122 enim,
1826 2069 1865 2110 an

556 2140 673 2222 ubique
697 2142 883 2202 narrandum
916 2140 969 2203 sit.
1019 2140 1141 2204 Deinde
1174 2141 1200 2204 si
1232 2144 1437 2216 narrandum,
1472 2161 1541 2224 ,quo
1564 2143 1637 2206 loco
1662 2143 1863 2204 narrandum.

557 2234 745 2310 Postremo,
771 2233 855 2296 alita
877 2244 1040 2308 narretur,
1065 2225 1324 2315 quemadmodum
1347 2255 1439 2297 cansa
1454 2236 1607 2316 postulet.
1651 2237 1726 2299 Non
1747 2235 1865 2318 ubique

556 2329 742 2390 narrandum
765 2338 832 2401 est,
868 2326 982 2409 inquit.
1034 2325 1162 2389 Etenim
1190 2349 1285 2411 quum
1314 2330 1407 2392 obest
1442 2328 1603 2404 narratio,
1634 2329 1865 2410 praetereunda

556 2433 626 2485 est:
650 2431 682 2482 et
705 2441 799 2504 qunm
821 2419 897 2482 nihil
917 2422 1068 2501 prodest,
1090 2422 1318 2503 praetereunda
1339 2433 1398 2483 est.
1441 2421 1583 2497 Deinde,
1607 2421 1726 2504 inquit,
1752 2421 1863 2484 uiden·
1923 2453 1928 2465 ·

512 2519 627 2579 andrum
648 2525 714 2589 est,
739 2533 803 2597 quo
818 2513 892 2576 loco
915 2515 1101 2576 narrandum
1123 2513 1175 2574 sit.
1220 2515 1321 2594 Saepe
1343 2513 1424 2576 enim
1440 2525 1515 2595 post
1530 2527 1712 2598 argumenta
1729 2533 1863 2576 narran-

556 2611 629 2670 dum
650 2618 717 2682 est,
747 2615 783 2668 ut
809 2605 925 2670 Cicero
961 2606 992 2667 in
1026 2605 1202 2669 Miloniana
1227 2607 1315 2670 lecit.
1364 2609 1533 2671 Postremo
1553 2610 1721 2670 seeundum
1747 2625 1864 2671 causae

556 2721 654 2786 genus
677 2702 863 2762 narrandum
880 2709 947 2773 est,
971 2711 1005 2762 ut
1024 2702 1111 2782 quod
1124 2721 1186 2762 non
1205 2712 1253 2763 est
1274 2702 1553 2784 praetereundum,
1577 2722 1641 2766 non
1661 2712 1862 2783 praetereas:

556 2797 641 2878 qnod
663 2795 941 2874 praetereundum,
965 2803 1160 2872 praetereas.

637 2889 740 2952 Obest
761 2898 850 2961 taem,
886 2907 989 2972 quum
1010 2887 1119 2968 ipsine
1148 2884 1199 2950 rei
1218 2900 1335 2970 gestos
1357 2887 1529 2970 expositio
1552 2907 1714 2970 magnam
1731 2883 1862 2966 exeipit

511 2997 544 3050 tt
554 2979 792 3070 offensionem]
837 2980 957 3056 Obest,
980 2979 1099 3063 inquit,
1123 2983 1281 3057 narratio,
1306 2983 1351 3056 si,
1373 3003 1469 3063 quum
1488 2980 1589 3062 aperis
1609 2993 1701 3064 atque
1725 2980 1863 3042 insinuas

489 3114 493 3120 ·
553 3077 600 3140 rei
622 3086 730 3160 gestae
749 3074 952 3160 qualitatem,
991 3093 1118 3137 neeesse
1136 3075 1232 3136 babes
1254 3072 1311 3136 tibi
1338 3073 1512 3137 auditorem
1536 3075 1668 3135 reddere
1692 3073 1862 3137 infensum.

555 3169 652 3250 Quod
683 3191 778 3253 quum
802 3167 975 3248 contingit,
1008 3187 1071 3230 noo
1099 3178 1270 3243 contexte,
1305 3167 1425 3251 inquit,
1459 3187 1589 3230 narrare
1613 3165 1766 3240 debebis,
1803 3185 1863 3228 nee

554 3283 678 3324 missam
694 3283 816 3325 ornnem
828 3259 983 3322 iudicare:
1007 3260 1064 3321 sed
1082 3260 1221 3343 singulas
1239 3281 1350 3324 caussae
1364 3271 1470 3342 partes
1485 3281 1668 3342 proponere
1684 3271 1717 3322 et
1735 3258 1784 3322 bis
1798 3271 1864 3322 sta·

553 3355 609 3417 tim
640 3367 824 3438 argumenta
852 3373 1050 3434 supponere,
1089 3365 1124 3414 nt
1153 3374 1205 3416 res
1236 3353 1329 3416 dubia
1359 3353 1453 3415 bdem
1487 3374 1548 3434 pro
1577 3351 1698 3437 agentis
1726 3351 1863 3434 accipiat

511 3447 732 3512 tovoluutate.
777 3449 965 3519 Praeterea,
989 3444 1109 3527 inquit,
1133 3459 1270 3530 etqunm
1292 3445 1368 3508 nibil
1386 3447 1535 3528 prodest,
1557 3443 1696 3509 namatio
1713 3457 1862 3528 praeter-

553 3538 592 3602 iri
614 3540 720 3601 debet.
764 3539 853 3602 Nihil
867 3551 969 3601 autem
986 3539 1120 3620 prodest
1142 3538 1299 3614 narratio,
1324 3559 1419 3622 quum
1445 3529 1546 3601 ita'ab
1565 3537 1752 3601 adversariis
1767 3558 1863 3600 carisa

554 3631 709 3695 iudicibus
732 3631 875 3712 exposita
894 3641 961 3707 est,
996 3642 1066 3696 uta
1093 3632 1185 3699 nobis
1212 3631 1302 3695 aliter
1326 3634 1513 3694 narrandum
1534 3651 1596 3694 non
1619 3630 1670 3694 sit.
1715 3629 1863 3714 Denique

552 3725 613 3787 iam
645 3744 740 3805 supra
769 3723 902 3786 diximus
929 3723 1084 3787 interdum
1118 3745 1180 3788 non
1213 3737 1398 3807 opportuno
1431 3725 1504 3788 loco
1535 3723 1610 3806 poni
1635 3724 1861 3788 narrationem.

554 3818 675 3881 Verum
699 3818 760 3879 hoc
783 3836 882 3900 genus
910 3817 1072 3901 praecepti
1093 3820 1198 3882 differt
1225 3821 1255 3882 in
1276 3818 1308 3881 id
1328 3832 1470 3901 ternpus,
1502 3839 1567 3902 qno
1594 3819 1633 3881 de
1655 3816 1864 3900 dispositione

511 3931 542 3981 35
556 3910 696 3973 dictunis
717 3920 778 3972 est.
1635 3929 1638 3936 ’

622 4007 736 4079 ·Non,
759 4004 1043 4088 quemadmodum
1063 4025 1170 4068 causa
1187 4009 1341 4089 postulat
1352 4051 1361 4082 ,
1387 4015 1562 4080 narratur,
1590 4025 1695 4088 quum
1718 4013 1780 4066 ont
1801 4001 1860 4076 id,

553 4098 645 4182 qnod
661 4097 861 4161 adversario
871 4099 1025 4180 prodest,
1045 4099 1193 4162 dilucide
1211 4113 1244 4165 et
1261 4111 1381 4163 ornme
1399 4099 1603 4182 exponitur,
1627 4109 1688 4160 niet
1702 4097 1750 4172 id,
1771 4095 1864 4179 quod
1888 4169 1895 4178 ,

551 4193 664 4273 ipsum
683 4191 834 4268 adiuuat,
858 4194 999 4255 obserere
1019 4192 1147 4255 dieitur
1167 4204 1201 4255 et
1225 4193 1451 4276 negligenter]
1479 4189 1717 4256 Praevaricatio
1737 4192 1863 4253 duobus

552 4284 653 4347 modis
675 4284 722 4346 lit.
767 4283 803 4347 Si
824 4283 910 4346 utilia
936 4295 1064 4348 nostrae
1086 4307 1197 4349 causae
1217 4307 1285 4349 cum
1304 4285 1496 4349 obscuritate
1519 4285 1675 4348 diunius:
1699 4293 1755 4346 atat
1775 4281 1862 4344 utilia

508 4377 804 4448 soadversariorum
826 4377 988 4440 manifeste
1010 4389 1106 4460 atque
1132 4391 1240 4462 aperte
1270 4379 1484 4461 proferamus.
1542 4380 1664 4442 Verum
1687 4377 1764 4438 haec
1788 4385 1865 4437 tuuc

552 4471 630 4536 vitia
647 4483 736 4546 ssent,
760 4471 787 4533 si
805 4492 898 4554 quom
920 4472 953 4535 id
969 4471 1119 4549 iacimus,
1144 4472 1220 4536 nibil
1238 4472 1330 4535 nobis
1347 4473 1492 4554 prodest.
1537 4473 1639 4552 Saepe
1661 4467 1741 4530 enim
1763 4469 1863 4548 prod·

552 4575 614 4639 est,
642 4576 676 4626 ut
696 4564 750 4626 tali
776 4564 1046 4646 praevaricatione
1061 4568 1172 4641 aliud,
1207 4568 1292 4650 quod
1319 4566 1484 4642 volumus,
1524 4564 1668 4628 obtinere
1689 4559 1862 4642 possimus.

551 4659 634 4721 Nam
656 4669 691 4720 ut
718 4657 858 4720 obtineat
877 4660 1005 4734 Davus,
1029 4682 1068 4723 ue
1093 4659 1249 4724 Chremes
1267 4661 1319 4722 det
1338 4659 1431 4720 liliam
1457 4656 1642 4739 Pamphilo,
1667 4665 1776 4736 aperte
1793 4677 1866 4717 nar·

550 4762 601 4814 rat
621 4751 673 4828 id,
697 4753 784 4834 quod
805 4763 916 4814 contra
933 4751 1131 4834 Pamphilum
1147 4762 1274 4834 poterat
1296 4751 1416 4827 videri,
1441 4752 1528 4818 illum
1542 4748 1741 4834 peregrinam
1759 4767 1867 4810 amare

623 4989 670 5044 50.
689 4994 719 5037 et
737 4988 833 5057 quum]
854 4986 904 5040 cd.
925 4988 985 5041 Bas.
1006 5017 1044 5031 —
1063 5005 1120 5043 om.
1139 4999 1167 5040 et
1186 4988 1256 5041 Edd.
1276 4989 1329 5043 Oa.

624 5065 670 5120 33.
689 5062 828 5113 interdum
848 5064 917 5132 non]
939 5061 990 5116 Cd.
1009 5065 1073 5120 Bas.
1093 5094 1129 5107 -
1149 5081 1205 5116 non
1224 5064 1363 5115 interdum
1385 5063 1452 5118 Edd.
1472 5065 1526 5120 Οι.

624 5139 670 5196 58.
689 5143 805 5207 exponit
825 5167 844 5181 -
864 5173 879 5183 -
898 5143 981 5189 trevae
1000 5169 1019 5180 -
1038 5169 1057 5182 -
1076 5139 1150 5192 dtatt
1171 5139 1218 5195 Cd.
1239 5141 1300 5193 llas.
1319 5139 1371 5193 Oa.
