4434 5959
989 592 1095 660 CAP.
1117 593 1183 659 111.
1650 587 1712 656 208

403 727 523 814 lituu
536 732 638 809 idest,
655 727 822 799 iniectione
831 732 1025 818 qualitatum,
1039 755 1135 820 quum
1145 732 1232 818 quasi
1245 731 1417 797 inlicituret
1424 733 1604 816 supervenit
1613 733 1712 818 quali·
1735 751 1737 757 ·

404 838 455 890 tas
473 829 634 911 qualitati,
662 829 745 891 sicut
764 828 863 905 inille
878 826 1117 892 controversia:
1140 827 1198 912 qui
1211 849 1329 891 servits
1342 828 1534 904 dicebatur,
1556 828 1666 909 coepit
1678 829 1713 890 in

405 921 596 984 libertatem
629 921 816 984 uindicari:
857 921 988 1004 placuit
1017 921 1134 985 omnio
1165 920 1293 983 iudicio
1324 922 1359 984 in
1393 943 1522 984 anuum
1556 920 1714 1009 differri:
1789 971 1794 978 .

403 1015 557 1099 postulat
579 1015 653 1090 ille,
685 1027 724 1077 ut
746 1015 857 1078 medio
884 1026 1038 1097 tempore
1070 1015 1106 1076 in
1129 1013 1344 1096 possessione
1367 1014 1533 1077 libertatis
1554 1015 1609 1078 sit.
1652 1015 1714 1077 Est

405 1108 488 1170 cniiu
513 1129 572 1170 una
593 1108 745 1190 qualitas,
779 1107 852 1192 quia
876 1127 987 1170 servus
1006 1107 1192 1170 videbatur:
1230 1107 1340 1168 deinde
1370 1107 1553 1187 surpervenit
1579 1106 1737 1191 qualitass

405 1199 485 1274 alia,
515 1200 587 1282 quia
618 1200 700 1264 liber
728 1201 822 1264 hodie
846 1198 950 1263 videri
976 1201 1065 1274 mult,
1098 1211 1131 1263 et
1162 1201 1274 1264 exinde
1301 1203 1444 1284 quaestio
1474 1200 1597 1274 oritur3
1631 1219 1712 1284 quae

404 1305 508 1355 tamen
536 1297 679 1376 quaestio
712 1314 775 1357 non
804 1293 932 1368 fuisset,
967 1292 1028 1356 uisi
1059 1294 1241 1356 sditmbrata
1277 1305 1357 1356 esset
1386 1292 1587 1357 influentibus
1616 1291 1647 1355 in
1677 1313 1711 1355 se

405 1387 640 1468 quodammodo
668 1385 830 1467 prioribus
852 1385 1072 1471 qualitatibus:
1110 1399 1140 1448 et
1163 1385 1299 1467 seposita
1322 1406 1458 1466 persona
1478 1388 1711 1466 quodammodo

408 1479 602 1561 generaliter
621 1480 801 1562 quaeritur,
823 1501 917 1562 quum
937 1477 1044 1560 perillo
1060 1490 1131 1540 ante
1146 1499 1277 1553 servits,
1300 1479 1393 1541 hodie
1409 1488 1512 1541 autem
1532 1478 1612 1540 liber
1627 1479 1713 1540 dica-

405 1583 475 1645 tur,
511 1583 542 1634 et
563 1575 693 1634 necdum
715 1573 753 1634 de
775 1573 876 1634 altero
900 1581 1042 1645 constet,
1076 1583 1181 1634 utrum
1200 1571 1241 1633 ait
1267 1570 1397 1654 aequius
1419 1593 1488 1634 eum
1507 1569 1537 1632 in
1557 1569 1753 1633 libertatistt

403 1663 605 1745 possessione
625 1664 815 1739 consistere,
839 1685 877 1727 an
891 1664 923 1726 in
941 1663 1094 1726 servitute
1116 1663 1257 1728 retineri.
1300 1663 1338 1728 ln
1356 1684 1473 1727 summa
1495 1664 1594 1726 omnis
1609 1681 1711 1746 nego·

404 1756 489 1819 tialis
514 1769 613 1820 status
639 1779 740 1840 neque
762 1757 840 1821 facti
868 1757 1080 1821 defensionem
1108 1758 1202 1819 habet
1231 1777 1333 1840 neque
1355 1755 1564 1821 coniecturam
1587 1755 1709 1830 futuri,

404 1852 462 1912 scd
482 1853 594 1912 suadet
615 1853 726 1927 etiam,
756 1851 832 1934 qnid
859 1860 1010 1932 oporteat
1038 1848 1122 1912 fieri.
1179 1849 1323 1934 Ideoque
1352 1848 1504 1914 eiusmodi
1531 1869 1582 1912 res
1604 1850 1644 1911 ad
1664 1847 1711 1910 ius

404 1945 641 2026 quodammodo
661 1944 760 2010 futuri
781 1942 934 2025 temporis
956 1955 1090 2026 spectat.
1133 1943 1278 2008 Diximus
1300 1954 1389 2007 retro
1411 1945 1486 2005 duas
1508 1963 1575 2004 esse
1596 1942 1711 2023 primas

403 2035 528 2115 species
551 2037 727 2120 qualitatis,
751 2037 939 2122 negotialem
962 2047 994 2099 et
1014 2035 1228 2100 iuridicialem.
1272 2035 1428 2116 Quoniam
1443 2033 1541 2120 igitur
1554 2037 1594 2098 de
1610 2056 1710 2119 nego·
1724 2045 1754 2095 ts

404 2127 474 2194 tiali
494 2130 569 2192 satis
591 2129 791 2205 tradidimus,
816 2150 899 2192 natue
919 2128 1122 2192 iuridicialem
1145 2129 1317 2194 videamus.

496 2275 528 2346 §.
552 2269 584 2333 6.
626 2268 688 2334 DE
711 2267 1014 2346 lURIDlClALI,
1045 2267 1094 2332 ID
1117 2270 1221 2345 EST,
1245 2267 1617 2337 DICAEOLOGICA.

488 2389 678 2455 Iuridicialis
700 2401 768 2465 est,
797 2391 829 2454 in
853 2413 915 2474 qua
941 2412 1005 2455 non
1025 2389 1108 2453 sicut
1129 2390 1161 2452 in
1185 2389 1338 2473 negotiali
1361 2392 1436 2474 quid
1463 2394 1575 2454 debeat
1597 2391 1711 2466 statui,

402 2485 461 2548 sed
482 2485 556 2565 quid
577 2482 646 2545 lieri
667 2483 867 2563 oportuerit,
898 2484 1128 2547 consideratur.
1183 2485 1226 2547 Et
1251 2483 1322 2546 licet
1346 2483 1453 2548 similis
1475 2484 1517 2547 sit
1537 2484 1712 2565 superiori·

402 2579 484 2651 bus,
518 2577 624 2638 differt
657 2586 780 2650 tamen,
814 2580 901 2660 quod
930 2577 1111 2641 criminibus
1140 2578 1311 2641 refutandis
1346 2579 1545 2642 commodior
1577 2579 1755 2647 videtur.2u

402 2669 579 2750 Proprium
607 2681 708 2732 autem
736 2671 803 2734 eius
834 2682 900 2745 est,
938 2673 1025 2756 quod
1054 2669 1097 2732 ita
1127 2673 1232 2734 subest
1256 2673 1295 2734 de
1323 2669 1379 2732 ista
1404 2673 1548 2746 ruateria,
1588 2683 1639 2746 ut,
1674 2695 1711 2734 an
1797 2749 1802 2758 ,
1865 2667 1868 2674 ’

403 2762 573 2825 criminose
594 2785 632 2824 an
653 2762 738 2826 licite
757 2763 874 2826 lactum
896 2762 954 2840 sit,
986 2763 1175 2828 disseratur.
1218 2765 1293 2828 Hoc
1312 2764 1465 2828 scinditur
1486 2764 1516 2826 in
1540 2767 1615 2827 duas
1637 2785 1712 2846 par·

403 2866 471 2934 tes,
494 2855 528 2919 in
549 2856 736 2939 antilepsin,
760 2877 840 2942 quae
854 2866 903 2919 est
917 2857 1084 2934 absoluta,
1108 2868 1141 2919 et
1155 2857 1185 2920 in
1202 2855 1386 2932 antithesin,
1410 2870 1552 2942 quaeest
1567 2857 1710 2921 relatiua.

531 3028 561 3101 §.
585 3025 616 3087 l.
658 3023 721 3088 DE
744 3023 1012 3100 ABSOLUTA,
1042 3023 1167 3106 QUAE
1190 3023 1276 3087 EST
1298 3023 1584 3089 AN'l'ILEPSlS.

488 3144 647 3210 Absoluta
670 3143 804 3230 qualitas
825 3143 861 3207 lit
882 3143 1030 3228 quotiens
1053 3147 1091 3207 de
1112 3145 1188 3209 iacti
1209 3147 1426 3208 tantummodo
1453 3145 1602 3229 qualitate
1633 3166 1754 3218 con-25

403 3237 563 3311 tenditur,
595 3237 726 3321 ipsaque
746 3259 817 3313 ces,
855 3259 936 3323 quae
956 3236 988 3300 iu
1008 3237 1156 3302 iudicium
1178 3249 1328 3314 vocatur,
1360 3237 1536 3318 perniciosa
1558 3259 1621 3301 nou
1644 3260 1712 3301 esse

402 3353 483 3395 vere
504 3342 714 3408 monstratur,
750 3343 901 3414 recteque
921 3331 1005 3394 lacta
1027 3344 1058 3396 et
1086 3332 1177 3396 iure:
1214 3333 1361 3415 quoniam
1388 3332 1506 3395 frustra
1536 3341 1585 3394 est
1612 3353 1712 3413 paene

403 3424 522 3488 licitum
544 3424 728 3508 quidesse,
751 3423 810 3488 nisi
833 3423 875 3488 sit
894 3436 925 3487 et
946 3425 1063 3489 bonrum
1082 3436 1177 3508 atque
1199 3423 1332 3497 iustum;
1355 3423 1452 3488 etita
1474 3434 1574 3488 tamen
1601 3446 1713 3487 secun·

404 3520 478 3581 dum
499 3514 614 3580 iustum
642 3537 704 3580 non
735 3528 876 3593 vetetur,
911 3530 1049 3580 ceterum
1077 3517 1104 3580 si
1125 3519 1227 3602 legem
1248 3517 1393 3597 protect,
1430 3518 1562 3600 legalem
1584 3527 1711 3581 statum.

403 3610 536 3685 Veluti,
573 3610 735 3674 damnato
758 3610 893 3674 Milone
920 3611 1124 3674 exclamauit
1153 3615 1208 3676 M.
1239 3611 1391 3686 Tullius,
1427 3612 1572 3674 llomom
1599 3612 1754 3684 sedemsu

402 3704 501 3769 boum
527 3704 611 3767 uiris
635 3726 708 3768 esse
739 3724 808 3769 nou
832 3725 954 3786 possea
984 3716 1019 3767 et
1043 3725 1124 3768 reus
1144 3716 1196 3770 eat
1222 3707 1335 3767 laesae
1355 3703 1407 3768 rei
1424 3704 1591 3786 publicae.
1650 3703 1713 3766 Hic

403 3797 486 3861 esim
507 3796 774 3880 nequsdictuma
800 3817 852 3872 sc,
886 3799 973 3881 quod
996 3796 1162 3873 obiicitur,
1197 3796 1367 3874 infitiatur,
1400 3819 1502 3880 neque
1523 3799 1561 3858 de
1587 3795 1712 3860 nomine

403 3887 544 3954 criminis
564 3890 722 3972 disputat,
745 3911 805 3954 nec
826 3893 864 3953 de
884 3891 1102 3955 transferendo
1123 3889 1241 3954 iudicio
1255 3891 1405 3966 laborat,
1431 3911 1487 3952 nec
1509 3891 1581 3972 lege
1602 3902 1712 3954 contra

404 3984 509 4069 legem
533 3983 666 4067 aliquam
689 3985 806 4061 utitur,
838 4005 898 4048 nec
918 3995 1030 4047 contra
1050 3984 1236 4047 senteutiam
1258 3982 1378 4064 scripto
1400 3982 1530 4056 nititur,
1568 4004 1626 4046 nec
1647 4003 1713 4044 ain-

400 4075 588 4160 biguitatem
606 4076 789 4161 distinguit,
826 4098 886 4140 nec
903 4078 1026 4161 colligit
1046 4078 1181 4162 aliquid,
1204 4078 1434 4160 collectumque
1457 4075 1619 4150 dissolvit,
1653 4092 1754 4142 nectt

401 4169 485 4233 sicut
506 4169 538 4234 in
560 4171 710 4255 negotiali
733 4170 884 4257 qualitate
906 4170 980 4253 quid
1001 4183 1151 4253 oporteat
1171 4171 1241 4234 lieri
1262 4165 1398 4244 tractat;
1420 4172 1478 4231 sed
1502 4171 1540 4230 de
1563 4167 1711 4252 qualitate

403 4261 491 4337 eius,
514 4263 680 4348 quodiam
703 4265 820 4328 dictum
842 4276 908 4340 est,
932 4264 1110 4342 contendit,
1134 4277 1165 4330 et
1185 4265 1273 4328 nullo
1295 4265 1362 4329 iure
1383 4261 1578 4347 prohibitum
1592 4273 1622 4325 et
1636 4283 1711 4346 per·

402 4355 558 4422 niciosiun
580 4378 644 4421 non
666 4375 748 4421 ease.

549 4499 580 4570 §.
603 4497 635 4560 8.
679 4497 741 4562 DE
764 4496 1038 4574 ANTITHESI,
1064 4497 1187 4578 QUAE
1211 4499 1297 4562 EST
1319 4497 1578 4564 RELATIVA.

490 4617 664 4714 Antithesis
686 4639 803 4702 genere
825 4630 856 4681 et
878 4617 948 4700 ipso
971 4617 1120 4699 exprimit
1141 4619 1339 4704 qualitatem:
1377 4622 1432 4682 sed
1453 4619 1571 4682 idcirco
1594 4629 1710 4682 tuntum
1724 4646 1756 4694 ω

402 4711 525 4796 species
555 4715 723 4788 habenda,
757 4712 916 4797 quianon
938 4734 1163 4798 usquequaque
1192 4713 1304 4790 simili,
1328 4726 1363 4776 ut
1384 4714 1544 4790 absoluta,
1568 4711 1713 4775 consistit

475 4943 516 4992 12.
535 4945 596 4989 Ccd.
616 4946 661 4990 boc
678 4949 732 4990 loco
748 4947 881 5006 negocilia.
926 4945 968 4991 23.
997 4947 1059 4991 Cal.
1078 4948 1197 4992 untilsnai
1215 4953 1238 4993 at
1261 4959 1316 4992 mos
1334 4947 1462 4995 entitlieat'.
1486 4947 1532 4994 tt.
1558 4949 1628 4998 uon.
1650 4949 1714 4993 cuti·

540 5017 624 5060 louein
641 5020 666 5060 at
683 5029 738 5060 aaut
756 5014 962 5062 ANTILENSIS.
1000 5015 1043 5062 29.
1062 5015 1181 5078 ceterum]
1202 5017 1236 5064 lta
1255 5020 1315 5064 uct.

476 5139 524 5198 59.
543 5133 600 5191 Cir.
621 5135 740 5206 Quintil.
760 5135 821 5191 Vll.
839 5135 867 5192 t.
