4434 5959
550 585 614 649 262
996 587 1039 653 C.
1064 588 1220 655 IULIUS
1243 584 1425 654 VICTOR

477 720 480 730 ¹
551 726 825 791 confirmationem
855 727 943 792 nullu
972 730 1068 792 modo
1090 750 1186 813 poere
1215 728 1283 793 siue
1310 750 1370 791 uru
1392 726 1606 814 continuaque
1626 741 1658 793 et
1679 728 1747 813 iugi
1767 741 1798 794 et
1822 730 1873 795 io·

554 821 649 885 etanti
670 820 899 884 exercitatione
919 821 1071 905 perduci,
1101 823 1168 888 aine
1197 844 1257 905 que
1280 824 1414 887 affirmet
1436 824 1487 886 M.
1511 824 1635 887 Tullius
1658 824 1777 890 Cicero
1799 826 1872 889 nul·

551 913 613 977 lam
636 934 701 977 rem
724 912 877 977 illustrem
900 915 979 979 effici
1001 936 1111 998 posse.
1154 918 1245 979 Idem
1266 914 1330 978 alio
1353 916 1448 978 loco:
1470 916 1675 981 exercitatio
1698 919 1873 1001 quaedam

549 1008 770 1090 suscipienda
791 1020 860 1083 ert,
892 1008 1010 1093 inquit:
1043 1031 1129 1075 urur
1150 1009 1241 1072 enim
1269 1008 1331 1071 uni
1356 1009 1408 1072 rei
1426 1009 1563 1073 deditur
1582 1022 1614 1072 et
1640 1011 1822 1095 ingenium
1838 1023 1874 1076 et

525 1113 661 1165 tartem
688 1123 789 1184 raepe
810 1102 926 1165 vincit.
972 1103 1060 1167 Alibi
1087 1124 1238 1188 quioquet
1268 1103 1474 1167 adhibeatur
1495 1100 1786 1193 urursrepuenr,
1811 1104 1873 1189 pue‘

550 1194 703 1259 omnium
725 1197 971 1279 magistrorum
993 1210 1180 1282 praecepta
1198 1196 1385 1281 ruperaoit.
1436 1196 1650 1277 Quamobrem
1672 1209 1705 1260 et
1726 1196 1873 1263 inventio

550 1299 582 1349 et
604 1288 771 1371 dispositio
802 1302 832 1352 et
855 1289 995 1355 elocutio
1018 1302 1049 1355 ct
1078 1291 1227 1355 memoria
1257 1303 1289 1352 et
1311 1288 1530 1371 pronuntiatio
1552 1311 1608 1352 usu
1632 1290 1697 1353 ecri
1720 1302 1752 1352 et
1776 1312 1874 1355 exer·

549 1380 698 1445 citatione
720 1381 921 1447 intentissima
945 1385 1185 1450 convalescunt.
1229 1386 1300 1449 Nec
1321 1396 1352 1447 te
1373 1383 1475 1468 lugiet
1496 1383 1529 1447 in
1550 1382 1783 1448 exercitatione
1801 1406 1873 1450 esre

550 1475 726 1557 periculum
758 1476 944 1554 maximum,
981 1481 1069 1561 qrrod
1095 1479 1241 1562 plerique
1268 1476 1427 1562 irrgientee
1456 1477 1617 1550 laborem,
1654 1476 1819 1542 incuriose
1842 1490 1906 1547 ct.

507 1578 538 1627 tu
552 1570 753 1633 tunmltuerie
776 1580 966 1633 exercentur
987 1574 1223 1655 verborumque
1244 1570 1314 1633 sole
1335 1568 1512 1653 frequentia
1527 1570 1741 1644 delectantur3
1762 1594 1873 1657 precene

549 1662 595 1725 rit
617 1662 793 1727 nihilium
815 1663 993 1739 viliorum,
1028 1666 1128 1728 nteit
1158 1666 1290 1727 Marcus
1313 1664 1458 1739 'l'ulliur,
1488 1684 1593 1747 quam
1613 1664 1799 1729 uerborum
1821 1669 1873 1729 uel

549 1756 759 1838 optimorum
773 1768 874 1840 atqrse
888 1758 1123 1839 amplirrimor
1136 1780 1182 1821 ‘m
1198 1756 1333 1821 sonitur
1353 1757 1485 1834 inanir,
1508 1758 1606 1819 nulla
1626 1758 1783 1821 rubiecta
1794 1780 1873 1823 ren·

549 1850 668 1913 tentia.
722 1850 792 1913 Etsi
821 1872 901 1931 crgo
931 1851 960 1914 io
983 1851 1051 1914 istis
1072 1850 1151 1932 ipsis
1173 1849 1453 1913 exercitationibus
1475 1850 1552 1913 utile
1573 1862 1621 1914 est
1641 1850 1750 1914 subito
1774 1872 1872 1931 saepe

476 1959 482 1969 ·
550 1942 675 2018 dicere,
714 1954 815 2006 tamen
838 1944 915 2007 illud
946 1944 1067 2020 utilius,
1101 1958 1230 2027 sumpto
1257 1944 1361 2027 spatio
1389 1946 1429 2007 ad
1464 1943 1686 2028 cogitandum,
1721 1946 1869 2028 paratius

508 2046 644 2119 teatquc
674 2036 849 2099 accuratius
879 2038 998 2101 dicere.
1050 2039 1160 2103 Stilus
1190 2048 1261 2111 eet,
1291 2036 1392 2120 iuquit
1425 2036 1558 2099 Marcus
1589 2036 1732 2115 Tullius,
1768 2040 1872 2103 etilrrr

550 2129 702 2209 optimur
723 2142 755 2192 et
779 2132 1099 2211 praestantissimus
1123 2129 1268 2218 effector
1289 2130 1485 2193 dicendine
1507 2130 1686 2213 magister.
1741 2134 1872 2197 Omner

550 2220 640 2283 enim
660 2222 729 2285 rive
758 2222 847 2285 artie
867 2235 947 2286 runt
968 2224 1034 2287 ioci
1043 2270 1052 2299 ,
1083 2225 1153 2288 rive
1177 2223 1308 2306 ingenii
1327 2223 1507 2287 ceriurdam
1522 2234 1624 2307 atque
1637 2225 1870 2307 prudentiae,

550 2312 799 2397 inquirentibus
823 2316 921 2379 nobie
946 2308 1080 2393 omnia,
1127 2338 1214 2402 perae
1241 2328 1323 2379 runt
1353 2316 1516 2400 cuiuepue
1544 2316 1683 2401 generir
1714 2320 1872 2383 maxime

546 2410 711 2491 propria,
736 2411 888 2473 maxime
910 2410 1085 2487 illurtria,
1116 2412 1180 2475 rub
1199 2431 1343 2473 acumen
1364 2410 1436 2473 atili
1457 2410 1600 2474 rubeant
1627 2422 1661 2473 et
1682 2414 1870 2476 succedant

508 2516 685 2566 eonecerre
703 2514 766 2567 ert.
812 2507 901 2567 Tum
921 2505 999 2587 ipra
1019 2502 1196 2569 collucutio
1217 2524 1281 2566 con
1304 2503 1519 2587 ormutiopue
1537 2504 1716 2567 uerborum
1732 2505 1872 2588 per-rpi-

549 2594 640 2657 eitur
661 2596 697 2658 in
718 2597 915 2675 scribendo,
947 2612 980 2662 et
1007 2602 1094 2662 lianc
1122 2594 1230 2683 affm
1246 2499 1481 2686 finitatem,
1519 2609 1557 2660 ut
1578 2598 1681 2661 etiam
1702 2599 1735 2662 ri
1755 2600 1871 2663 nubilo

460 2722 466 2751 r
551 2688 664 2760 dicor,
696 2700 810 2753 tamen
836 2692 913 2765 illa,
943 2713 1030 2776 quae
1051 2689 1233 2764 dicantur,
1255 2689 1384 2753 cimilia
1403 2690 1612 2771 rcriptorum
1633 2713 1707 2755 erre
1729 2692 1870 2757 videan-

550 2792 621 2845 tur.
652 2783 756 2845 Multa
780 2797 940 2866 praeterea
965 2807 1004 2848 ex
1027 2782 1113 2849 omui
1127 2795 1217 2866 parte
1228 2782 1383 2847 orationis
1396 2784 1716 2866 circumspectaotor,
1741 2784 1871 2871 nequid

551 2876 713 2950 offendes,
740 2899 778 2939 ue
800 2878 877 2961 quid
900 2878 1027 2941 inruas:
1051 2898 1109 2940 uec
1131 2875 1190 2939 tibi
1212 2877 1357 2940 videatur
1379 2876 1548 2941 relormari
1569 2889 1679 2958 postea
1701 2898 1822 2961 posse,
1846 2877 1872 2942 si

507 2968 626 3051 etquid
654 2971 683 3032 in
718 2972 944 3035 exercitatione
974 2970 1167 3056 neglexeris.
1225 2970 1367 3032 Naturae
1395 2969 1477 3033 enim
1501 2968 1602 3033 vicem
1623 2991 1725 3051 paene
1747 2973 1872 3054 optinet

550 3068 768 3141 consuetudo,
802 3076 833 3128 et
855 3066 942 3129 rictu
960 3068 1042 3129 bene
1066 3061 1227 3137 dicendo,
1251 3062 1352 3147 inquit
1374 3064 1427 3127 M.
1452 3062 1595 3139 Tutilius,
1619 3064 1701 3127 bene
1721 3064 1869 3141 dicitrer,

550 3156 602 3220 ita
620 3159 875 3221 maledicendo
901 3162 989 3222 mole
1012 3158 1149 3221 dicatur
1170 3176 1307 3231 necerre
1336 3168 1410 3227 ertr
1445 3168 1478 3218 ut
1501 3155 1610 3219 melius
1637 3156 1679 3220 sit
1700 3158 1869 3236 omittere,

551 3272 645 3335 quiam
677 3252 868 3333 poenitenda
899 3252 1125 3316 consuetudine
1164 3250 1195 3313 iu
1237 3250 1426 3332 pravitatem
1459 3250 1593 3335 aliquam
1626 3252 1869 3315 convalescere.

552 3340 730 3407 Ridiculum
752 3344 886 3408 loraitau
909 3358 1019 3427 putes,
1044 3346 1070 3408 si
1092 3346 1255 3421 adiecero,
1276 3357 1310 3407 ut
1332 3343 1561 3419 exercitatione
1582 3364 1772 3407 consuescas
1797 3344 1870 3407 nibil

510 3448 541 3499 to
552 3438 765 3513 contrarium,
791 3438 866 3501 nibil
889 3441 975 3521 qrrod
997 3438 1102 3513 obsit,
1126 3438 1302 3503 incurrere.
1347 3440 1408 3501 Sed
1425 3437 1631 3522 frequenter,
1655 3436 1866 3513 mihicrede,

552 3542 697 3592 oratores
721 3543 874 3615 urgentur
897 3534 936 3594 ab
958 3532 1141 3609 advocetis,
1165 3556 1183 3596 a
1206 3531 1437 3615 litigatoribus,
1461 3541 1495 3592 ut
1518 3532 1605 3614 quod
1625 3529 1666 3592 sit
1687 3528 1801 3593 inutile
1822 3532 1870 3594 in·

552 3634 678 3708 gerant.
734 3623 819 3687 Huic
848 3625 953 3689 errori
986 3646 1049 3689 ooo
1082 3629 1305 3708 obtemperare
1340 3644 1547 3698 consuesces,
1591 3620 1619 3685 ei
1651 3622 1872 3689 exercitationi

552 3736 701 3799 quicque,
732 3739 771 3781 ue
793 3717 868 3801 quiid
889 3718 1080 3783 contrarium
1103 3718 1206 3795 dicas,
1233 3716 1452 3801 prospexeris.
1496 3715 1593 3782 Dices
1615 3718 1716 3793 euim,
1747 3719 1872 3803 siper·

554 3830 727 3887 rouarum,
753 3832 831 3893 qrras
854 3811 1023 3888 delendos,
1058 3814 1211 3876 rationem
1233 3812 1350 3875 babere
1372 3810 1570 3895 neglexeris:
1592 3810 1620 3875 ri
1640 3833 1723 3894 quee
1745 3812 1870 3877 suntin

640 4034 664 4082 6.
685 4036 745 4083 llum
770 4052 814 4094 pro
842 4036 988 4097 euprraditi
1024 4035 1066 4085 2¹.
1087 4038 1148 4085 Edd.
1164 4036 1307 4100 perficitur.
1356 4034 1398 4083 29.
1424 4036 1485 4082 Cod.
1504 4035 1603 4093 metit,
1632 4042 1659 4083 et
1676 4039 1744 4083 elibi.
1790 4040 1871 4086 eraut

689 4114 767 4153 eutem
789 4108 841 4153 brie
868 4109 940 4154 uerba
965 4108 1102 4154 exscribere
1121 4108 1175 4153 lelei
1193 4108 1288 4163 epotett
1306 4107 1471 4165 gremmetiei,
1498 4108 1565 4151 enies
1589 4109 1701 4163 opercula
1718 4110 1749 4154 de
1763 4111 1870 4165 edeprrm

690 4180 753 4221 tione
772 4184 795 4221 et
814 4177 965 4237 diphthongis
984 4190 1029 4222 eor
1056 4192 1103 4223 uno
1127 4181 1151 4223 in
1171 4178 1253 4223 codice
1273 4176 1390 4222 Vetieeno
1407 4180 1472 4220 seut.
1514 4174 1651 4237 Quaeritur
1671 4182 1755 4221 etreee
1773 4180 1832 4224 mibi
1849 4182 1872 4221 et

692 4248 750 4292 nihil
764 4260 813 4307 per
832 4262 864 4292 .e.
884 4248 908 4293 b.
927 4260 961 4291 nn
975 4260 1024 4305 per
1044 4248 1078 4293 .b.
1098 4248 1155 4292 eine
1174 4262 1207 4295 .e.
1226 4246 1306 4292 eeridr'
1324 4244 1436 4290 deleant.
1481 4242 1515 4289 lit
1542 4258 1605 4290 eeer
1622 4245 1721 4306 qeideee
1744 4248 1871 4293 intem

692 4316 798 4363 elimate
823 4322 850 4361 et
879 4330 912 4363 .e.
940 4316 1133 4375 interponentem
1162 4316 1210 4362 eed
1234 4314 1414 4361 rationabilius
1431 4314 1488 4360 eine
1512 4330 1544 4362 .e.
1561 4316 1727 4361 eerideeter:
1753 4330 1830 4377 peu
1845 4318 1871 4361 ie

691 4386 791 4433 Latinis
809 4385 959 4431 dictionidue
975 4392 1034 4445 poet
1052 4402 1086 4432 .e.
1105 4392 1164 4431 nota
1179 4385 1345 4443 arpirationie
1365 4398 1491 4444 nunquam
1512 4386 1671 4443 reperieterr
1690 4384 1756 4429 ende
1774 4392 1868 4437 errent.

691 4456 733 4515 qui
750 4458 831 4511 pulcer
849 4462 873 4500 et
889 4458 1024 4511 sepulcrum
1038 4470 1087 4514 per
1105 4470 1138 4502 .e.
1157 4455 1182 4500 b.
1202 4452 1336 4500 ecridenda
1353 4454 1512 4499 erietinrant.
1548 4453 1589 4500 Ar
1603 4452 1664 4499 deec
1681 4468 1809 4514 neepeuee
1824 4456 1871 4500 urie

686 4538 736 4583 pro
754 4526 843 4579 mihin,
875 4530 899 4569 et
921 4526 954 4571 eil
969 4538 1019 4583 pro
1037 4526 1095 4571 nibil
1113 4526 1301 4571 inrenirereter:
1330 4536 1434 4583 nemque
1457 4536 1531 4584 qeene
1556 4523 1591 4572 ὦ.
1615 4526 1696 4570 eelure
1717 4524 1786 4571 inter
1808 4524 1870 4571 dere

690 4594 797 4639 locatam
814 4596 912 4639 soraiee
929 4594 1115 4649 invenerirnue,
1133 4596 1294 4655 eynuereeine
1309 4590 1369 4652 fieri
1383 4604 1459 4648 poree
1477 4592 1599 4641 rideneee.
1635 4594 1662 4639 le
1680 4594 1772 4640 eodieie
1783 4602 1869 4647 seua.

690 4666 749 4707 unde
768 4664 887 4717 exscribo,
907 4664 1014 4725 margine
1032 4666 1159 4711 fluctuor
1177 4665 1286 4709 Serrium
1302 4666 1326 4706 et
1343 4661 1493 4708 Prieeieeum
1510 4664 1645 4709 eoetreriee
1656 4676 1711 4710 eree
1729 4667 1868 4715 seeteetiae·

691 4734 729 4791 qai
744 4732 851 4792 pulcher
869 4738 893 4779 et
910 4731 1070 4792 repuledrunr
1087 4739 1112 4780 et
1129 4736 1175 4779 elie
1192 4748 1235 4790 per
1255 4733 1426 4788 reperetiooern
1449 4732 1523 4780 scribi
1541 4734 1700 4779 conseminat.
1748 4730 1791 4781 ὅθ.
1810 4736 1869 4781 l'er·

690 4808 753 4847 teree
772 4802 899 4864 ingerere.
920 4803 967 4850 Oe.
1014 4800 1055 4849 ³2.
1075 4802 1139 4865 Lep.
1157 4804 1348 4850 exerenertrne.
1368 4800 1417 4849 0⁸.

648 4928 678 4982 5.
698 4924 738 4977 lle
758 4924 807 4979 Or.
829 4924 851 4977 l.
871 4926 917 4982 52.
936 4939 963 4979 et
983 4940 1033 4999 pro
1052 4924 1137 4979 Coro.
1157 4921 1235 4979 uult.
1254 4924 1318 4981 XX.

627 5003 672 5059 15·
692 5001 732 5054 nli
753 5000 804 5057 Οἳ.
824 5000 846 5053 ¹·
866 5004 912 5057 ¹2·
1183 4998 1190 5016 Ι
1281 5052 1289 5063 ,

630 5080 674 5133 ¹5·
695 5076 734 5129 DQ
754 5075 805 5128 οἳ·
826 5073 849 5126 ¹·
868 5078 914 5135 55·

626 5154 673 5210 26.
695 5150 736 5205 De
756 5148 807 5207 Or.
829 5149 851 5202 l.
872 5152 920 5210 56.
