4434 5959
949 586 1041 653 LlB.
1072 583 1122 649 11.
1183 629 1186 633 ι
1669 586 1730 651 sot

414 739 478 782 non
500 718 694 801 speciebus,
711 721 973 799 sed‚‹lill'ereutiis
994 726 1230 790 adnrsmeratur.
1274 724 1382 808 erum'
1404 724 1504 812 igitur
1523 747 1614 791 suum
1636 746 1732 791 omne

409 815 499 896 qsrotl
528 813 625 877 luerit
652 827 819 901 argentum
845 818 893 882 vir
915 819 1012 883 rrxori
1043 820 1216 904 legaverit,
1254 840 1416 904 qrrrsmque
1448 818 1645 882 manifestum
1667 822 1734 893 sit,-

410 904 443 969 id
464 908 589 971 adeam
611 910 791 989 pertinere,
817 913 904 994 qrrotl
925 912 1022 975 suerit
1044 934 1134 975 strum
1157 912 1309 996 legantis,
1342 911 1374 975 isl
1398 924 1464 988 est,
1494 914 1581 995 quod
1602 914 1633 975 in
1655 930 1738 975 arra·

408 996 508 1063 luerit
529 1002 708 1065 conditum:
743 1025 807 1066 nou
829 1016 935 1087 potest
956 1004 1088 1089 intelligi
1111 1008 1150 1069 ‹le
1179 1026 1238 1081 eo,
1272 1007 1359 1088 quod
1380 1005 1411 1068 in
1433 1004 1612 1069 nominibus
1634 1006 1729 1067 debe-

408 1092 522 1171 ¹butur;
546 1094 715 1177 quioniam,
738 1095 821 1159 sicut
844 1096 960 1159 dictum
984 1110 1049 1172 est,
1071 1098 1122 1173 iel,
1145 1101 1234 1184 quod
1254 1098 1287 1161 in
1310 1098 1489 1161 nominibus
1511 1100 1665 1172 debetur,
1688 1099 1753 1161 abt

411 1205 470 1258 eo,
494 1190 581 1270 qttod
602 1186 633 1249 iu
657 1208 731 1251 arca
754 1190 892 1269 positum
915 1202 982 1265 est,
1012 1191 1179 1273 plurimum
1202 1191 1323 1255 differt.
1366 1194 1465 1256 Facta
1487 1204 1534 1254 est
1555 1190 1655 1274 igitur
1675 1212 1729 1253 ar·

409 1284 605 1361 gumentatio
627 1282 668 1343 als
689 1302 748 1357 eo,
772 1286 859 1364 quod
880 1282 911 1347 in
934 1285 1005 1365 ipso
1024 1284 1144 1359 iuerat,
1167 1287 1207 1348 sle
1228 1305 1295 1368 qrro
1316 1287 1540 1371 quaerebatur.
1585 1286 1729 1364 Quaere·

411 1374 506 1437 batur
528 1394 608 1438 vero
631 1376 669 1437 de
692 1388 828 1459 argento
848 1376 880 1439 in
904 1376 1084 1440 nominibus
1106 1377 1229 1441 debito.
1279 1378 1318 1441 ln
1341 1379 1404 1441 hoc
1427 1398 1506 1441 uero
1527 1377 1629 1440 inerat
1650 1397 1730 1459 pro·

407 1466 478 1547 pria
503 1466 698 1543 differentia,
733 1490 796 1552 qua
824 1472 865 1531 ab
898 1470 962 1534 alio
991 1471 1159 1533 differebat
1180 1484 1335 1555 argento,
1365 1492 1405 1536 eo
1427 1471 1564 1544 scilicet,
1587 1473 1674 1553 quod
1695 1472 1728 1533 in

409 1581 482 1622 area
504 1560 642 1643 positum
664 1560 782 1625 furerat.
826 1562 864 1626 ld
887 1584 967 1627 vero
991 1576 1037 1627 est
1059 1567 1226 1640 affectum,
1263 1566 1385 1639 idest,
1419 1562 1607 1627 differentia.
1651 1564 1778 1626 Mam·

409 1653 492 1725 ¹airua
517 1674 597 1717 vero
626 1653 828 1746 propositips
865 1656 917 1721 De
942 1659 1038 1721 rebus
1059 1658 1229 1741 plurimum
1251 1657 1471 1730 differentibus
1492 1656 1573 1721 idem
1594 1656 1729 1755 intelligi

408 1768 474 1819 pou
496 1768 605 1827 posse.

494 1838 592 1922 (Cap.
616 1841 648 1904 3.
672 1848 704 1919 §.
729 1844 799 1923 ll.)
839 1847 900 1909 Ex
922 1844 1100 1909 contrario
1120 1878 1161 1889 -
1184 1882 1225 1893 -
1246 1882 1288 1894 ·-
1309 1845 1399 1909 inter
1420 1866 1456 1910 se
1477 1844 1667 1908 contraria.

408 2003 412 2015 Ι
495 1934 593 2014 Quod
615 1937 652 1998 de
675 1936 779 2021 aliqua
802 1958 837 2000 re
860 1938 996 2013 dicitur,
1020 1938 1053 2000 it
1075 1938 1105 1999 in
1128 1939 1195 2001 eius
1217 1938 1411 2003 contrarium
1435 1959 1499 2001 non
1520 1948 1628 2018 potest
1649 1956 1728 2000 con·

409 2029 532 2105 uenire.
587 2030 674 2092 trem
707 2030 787 2093 enim
816 2033 855 2093 ‹lc
877 2034 1001 2095 dtsobus
1030 2026 1201 2095 contrariis
1222 2032 1357 2115 intelligi
1379 2032 1467 2093 nullo
1489 2032 1586 2094 modo
1607 2041 1780 2113 potestte

410 2122 544 2202 Quidam
580 2121 678 2205 igitur
710 2145 885 2205 supremae,
911 2124 1081 2188 volumtatis
1121 2125 1254 2189 arbitrio
1290 2122 1388 2188 uxori
1414 2125 1573 2187 bonorum
1595 2146 1728 2188 suorum

409 2215 637 2279 usumfructum
651 2216 795 2300 legavit:
821 2218 932 2280 mulier
954 2218 1048 2281 cellas
1065 2217 1201 2279 vinarias
1224 2218 1422 2301 oleariasque
1436 2218 1545 2300 plenas
1561 2221 1600 2281 ad
1621 2240 1728 2281 issum·

408 2310 545 2373 fructum
569 2310 734 2391 proprium
757 2312 946 2375 devocabat.
992 2310 1176 2392 Quaeritur,
1201 2333 1239 2375 au
1257 2332 1358 2393 penus
1378 2332 1507 2395 quicque
1530 2313 1728 2374 usumfructus

408 2403 533 2487 legatus
547 2403 609 2466 sit:
648 2424 749 2485 penses
764 2403 863 2489 igitur
880 2405 1080 2467 ususfructus
1097 2406 1256 2468 subiectus
1271 2416 1338 2480 est,
1362 2405 1481 2489 legatio
1499 2404 1727 2485 praedicatum.

408 2500 440 2561 A
462 2496 625 2561 contrario
647 2496 748 2581 igitur
768 2497 903 2561 struitur
924 2512 1144 2582 argumentum
1166 2502 1229 2563 hoc
1251 2500 1367 2561 modo:
1406 2497 1532 2563 Urimur
1552 2496 1614 2574 iis,
1646 2514 1771 2582 quaeeo

408 2592 500 2655 uobis
534 2590 694 2654 utentibus
723 2604 927 2673 permanent,
965 2592 1003 2655 iis
1027 2613 1106 2656 vero
1137 2594 1314 2667 absumus,
1349 2613 1431 2674 quae
1454 2589 1547 2654 nobis
1568 2594 1727 2656 utentibus

407 2696 554 2767 pereunt.
599 2686 693 2771 Ergo
715 2708 809 2768 qrrrrm
825 2706 1011 2768 pertimuere
1033 2707 1069 2749 ac
1091 2683 1197 2770 perir'e
1219 2688 1379 2750 contraria
1400 2683 1478 2759 sint,
1502 2704 1577 2747 tusus
1598 2704 1727 2769 quoque

407 2789 504 2861 atque
526 2781 641 2841 abusus
665 2778 824 2846 contraria
847 2801 975 2843 necesse
998 2792 1046 2841 est
1066 2779 1255 2843 iudicentur.
1310 2778 1455 2858 Quodsi
1477 2787 1582 2839 cetera
1600 2778 1727 2862 quidem

408 2874 525 2935 attendo
547 2884 751 2954 permanent,
781 2873 879 2935 cellae
901 2884 1005 2935 autem
1029 2871 1169 2935 vinariae
1191 2885 1287 2955 atque
1309 2871 1448 2935 oleariae
1471 2873 1588 2934 utendo
1610 2891 1727 2933 consu-

408 2977 554 3028 muntur:
589 2965 720 3027 aliarum
743 2964 868 3049 qrridem
895 2987 1003 3029 rerum
1033 2967 1232 3029 ususfructus
1266 2985 1336 3027 esse
1359 2974 1484 3047 potest,
1521 2984 1622 3044 penus
1643 2981 1768 3029 vernes

406 3078 471 3137 pon
493 3070 600 3139 potest
622 3080 696 3121 usm
719 3080 804 3135 esse,
828 3062 884 3121 sed
906 3061 1013 3141 potius
1035 3062 1163 3123 abusus.
1208 3060 1303 3142 Ergo
1318 3080 1414 3142 quum
1437 3056 1487 3119 vir
1502 3056 1598 3119 rusori
1620 3078 1726 3119 usum·

405 3151 543 3215 lructum
566 3153 723 3214 bonorum
751 3150 927 3237 legaverit,
960 3174 1024 3215 non
1046 3146 1165 3234 potuit'
1184 3154 1295 3237 legare
1317 3150 1530 3225 contrarium,
1568 3154 1656 3232 quod
1677 3161 1727 3213 est

405 3246 540 3317 abissusa
563 3255 611 3306 cst
634 3264 714 3307 sero
737 3248 854 3308 abusus
877 3244 942 3308 vini
964 3257 1060 3330 atque
1083 3246 1164 3310 olei:
1192 3248 1299 3309 vinum
1322 3244 1419 3328 igitur
1441 3253 1535 3324 atque
1557 3243 1662 3305 oleum
1685 3247 1726 3305 ael

405 3336 635 3411 usrrmlructum
659 3338 800 3401 ruulieris
824 3360 886 3403 nou
904 3349 1009 3422 potest
1030 3340 1203 3421 pertinere.
1238 3341 1470 3422 Argumentum
1493 3339 1533 3399 ab
1555 3343 1614 3410 'eo,
1638 3338 1727 3417 qurut

404 3430 436 3495 in
459 3430 531 3511 ipso
553 3441 614 3505 est,
638 3433 676 3493 de
699 3452 763 3515 qum
786 3432 910 3515 agitur,
935 3432 1058 3507 idest,
1082 3435 1122 3494 ab
1146 3432 1345 3495 ususfructus
1361 3428 1539 3515 legatione,
1571 3441 1666 3513 atque
1685 3433 1725 3493 ab
1737 3450 1768 3499 so

404 3526 533 3597 allecto,
550 3523 649 3600 idest,
663 3526 824 3589 contrario
836 3549 844 3589 a
857 3524 1016 3589 contraria
1030 3548 1108 3590 vcro
1120 3526 1152 3589 iu
1165 3524 1333 3589 contrariis
1347 3546 1410 3588 non
1422 3525 1464 3586 ita
1476 3536 1558 3598 sunt,
1568 3536 1726 3607 tamquam

403 3616 545 3681 delinitio
564 3618 596 3680 in
617 3637 670 3694 eo,
696 3622 782 3702 qsrod
805 3620 962 3695 delinitur,
988 3623 1042 3683 sed
1065 3632 1221 3704 tamquam
1243 3618 1376 3683 relatio:
1401 3617 1504 3681 omnis
1516 3616 1597 3681 enim
1610 3619 1726 3682 relatio

401 3712 432 3775 in
453 3709 613 3787 relativis,
638 3711 806 3796 premiaque
830 3714 991 3777 contraria
1016 3735 1077 3777 non
1100 3713 1150 3791 iu,
1173 3714 1261 3797 quod
1282 3724 1371 3788 sunt,
1395 3712 1428 3775 id
1449 3724 1518 3785 est,
1542 3712 1724 3793 qsralitates,

401 3807 458 3869 aetl
480 3807 543 3868 hoc
564 3806 686 3887 ipsum,
712 3810 798 3889 quod
820 3809 978 3871 contraria
1002 3820 1090 3881 sunt,
1126 3806 1157 3868 iu
1179 3805 1348 3870 contrariis
1370 3827 1438 3869 esse
1461 3804 1632 3878 ‹liruntur3
1651 3807 1726 3891 qiua

402 3918 466 3961 non
488 3899 659 3961 secundum
682 3898 865 3983 qualitatem
888 3902 1071 3983 propriam,
1095 3902 1154 3963 sed
1175 3902 1345 3963 secundum
1361 3899 1526 3980 plurimam
1548 3897 1725 3961 distantiam
1738 3921 1768 3970 35

400 3990 462 4055 sibi
485 3990 619 4053 inuicem
639 3992 863 4059 'sortieruntun
907 3995 1050 4057 Maxima
1073 3994 1279 4077 propositioa
1314 3994 1412 4072 Quod
1433 3991 1528 4055 alicui
1548 3990 1722 4068 convenit,

402 4082 436 4149 iu
457 4083 524 4147 eius
546 4085 711 4149 contrario
736 4107 798 4149 non
820 4088 1008 4152 convenire.

489 4177 588 4261 (Cap.
612 4182 644 4243 l.
668 4187 700 4259 ὁ.
725 4184 792 4260 18.)
834 4182 888 4245 Ab
908 4180 1082 4245 adiunctis
1103 4212 1144 4225 -
1166 4214 1201 4227 -ν
1229 4204 1276 4243 ex
1297 4180 1409 4243 edicto
1430 4178 1521 4242 dart.

489 4272 648 4337 Adiuncta
671 4286 762 4348 sum,
788 4296 868 4359 qrrae
890 4276 1071 4357 proximum
1095 4296 1132 4336 ac
1152 4272 1317 4335 finitimum
1341 4273 1443 4335 locum
1467 4281 1595 4347 teuent,
1617 4281 1674 4347 ut,
1698 4271 1726 4335 si

403 4387 499 4429 aruum
531 4387 643 4431 eorum
674 4370 820 4451 quolibet
845 4368 1002 4432 exstiterit
1031 4370 1148 4443 modo,
1182 4368 1315 4430 alterum
1337 4386 1464 4450 qumque
1493 4365 1544 4428 vel
1566 4366 1769 4441 exstitissem

404 4458 458 4521 rel
481 4472 609 4523 exstare
639 4462 689 4525 vel
713 4462 900 4527 exstiturum
933 4483 1003 4525 esse
1027 4460 1192 4523 uideatur:
1229 4461 1307 4522 haec
1329 4459 1409 4522 enim
1431 4457 1493 4521 sibi
1514 4459 1604 4541 quasi
1624 4458 1727 4525 uicina

403 4563 490 4617 stunt.
535 4553 625 4633 erae
641 4574 720 4619 vero
738 4556 770 4618 in
793 4556 975 4620 exsistendo
997 4555 1057 4617 sibi
1079 4566 1152 4617 stunt
1173 4552 1341 4636 proxima,
1364 4554 1443 4614 baec
1465 4551 1518 4613 vel
1538 4556 1727 4617 antecedere

404 4665 470 4707 rem
495 4647 626 4722 volunt,
652 4658 686 4709 ut
709 4669 798 4713 amor
819 4669 914 4729 saepe
937 4649 1158 4721 concubitum
1196 4647 1247 4709 vel
1269 4645 1359 4708 simul
1382 4665 1473 4719 esse,
1510 4656 1544 4708 ut
1566 4647 1671 4726 pallor
1695 4658 1727 4710 et

404 4736 522 4811 timon
557 4742 610 4803 vel
633 4741 761 4804 evenire
783 4741 965 4825 posterius,
1005 4754 1040 4804 ut
1066 4752 1142 4823 post
1163 4738 1358 4802 iracundiam
1381 4738 1514 4801 caedes:
1552 4759 1655 4822 eaque
1677 4749 1728 4801 est

404 4830 623 4896 adiunctorum
652 4847 781 4911 natura,
812 4848 847 4901 ut
878 4834 1018 4919 separari
1051 4834 1178 4919 qsridem
1201 4834 1343 4917 possint,
1377 4844 1479 4895 tarsren
1501 4852 1571 4893 sese
1591 4833 1770 4903 invicemrs

405 4937 594 4989 monstrent.
627 4930 709 4991 Nam
731 4950 833 5013 neque
855 4930 911 5015 qtri
933 4928 1049 4991 amavit
1072 4928 1250 4991 necessario
1272 4927 1394 5009 potitus
1417 4937 1481 5001 est,
1506 4938 1537 4987 et
1558 4945 1653 5007 saepe
1670 4924 1726 5009 qsri

404 5018 525 5099 potitus
548 5032 596 5081 est
619 5042 683 5085 uon
705 5025 838 5099 auravit3
874 5045 931 5085 nec
952 5022 1006 5106 qui
1029 5021 1126 5103 pallet
1149 5022 1331 5092 necessario
1354 5020 1459 5092 timet,
1491 5030 1523 5081 et
1544 5038 1639 5099 saepe
1661 5040 1725 5081 raon

404 5108 517 5175 timens
546 5115 662 5196 pallet;
697 5138 757 5181 nec
779 5138 820 5181 ex
841 5116 1027 5181 necessitate
1049 5117 1147 5181 iratus
1171 5114 1304 5193 occidit,
1343 5125 1375 5177 et
1398 5111 1514 5177 occidit
1542 5132 1639 5194 saepe
1668 5112 1725 5173 ali·
