<?xml version="1.0" encoding="UTF-8"?>
<!DOCTYPE html PUBLIC "-//W3C//DTD XHTML 1.0 Transitional//EN"
    "http://www.w3.org/TR/xhtml1/DTD/xhtml1-transitional.dtd">
<html xmlns="http://www.w3.org/1999/xhtml" xml:lang="en" lang="en">
 <head>
  <title>
</title>
<meta http-equiv="Content-Type" content="text/html;charset=utf-8" />
  <meta name='ocr-system' content='tesseract 3.04.00' />
  <meta name='ocr-capabilities' content='ocr_page ocr_carea ocr_par ocr_line ocrx_word'/>
</head>
<body>
  <div class='ocr_page' id='page_1' title='image "./operaquaesupers09halmgoog/operaquaesupers09halmgoog_0251.png"; bbox 0 0 4434 5959; ppageno 0'>
   <div class='ocr_carea' id='block_1_1' title="bbox 947 601 1698 670">
    <p class='ocr_par' dir='ltr' id='par_1_1' title="bbox 947 601 1698 670">
     <span class='ocr_line' id='line_1_1' title="bbox 947 601 1698 670; baseline 0.003 -2"><span class='ocrx_word' id='word_1_1' title='bbox 947 601 1067 670; x_wconf 68' lang='lat' dir='ltr'>-CAR</span> <span class='ocrx_word' id='word_1_2' title='bbox 1089 601 1171 670; x_wconf 83' lang='lat' dir='ltr'>XII.</span> <span class='ocrx_word' id='word_1_3' title='bbox 1635 605 1698 670; x_wconf 83' lang='lat' dir='ltr'>tst</span> 
     </span>
    </p>
   </div>
   <div class='ocr_carea' id='block_1_2' title="bbox 382 712 1741 1950">
    <p class='ocr_par' dir='ltr' id='par_1_2' title="bbox 382 712 1741 1950">
     <span class='ocr_line' id='line_1_2' title="bbox 387 712 1699 829; baseline 0.002 -23"><span class='ocrx_word' id='word_1_4' title='bbox 387 741 462 806; x_wconf 88' lang='lat' dir='ltr'>ticis</span> <span class='ocrx_word' id='word_1_5' title='bbox 481 763 560 808; x_wconf 82' lang='lat' dir='ltr'>nero</span> <span class='ocrx_word' id='word_1_6' title='bbox 589 753 644 806; x_wconf 92' lang='lat' dir='ltr'>aut</span> <span class='ocrx_word' id='word_1_7' title='bbox 671 741 783 807; x_wconf 87' lang='lat' dir='ltr'>ethicis</span> <span class='ocrx_word' id='word_1_8' title='bbox 810 712 950 807; x_wconf 74' lang='lat' dir='ltr'>maieriis</span> <span class='ocrx_word' id='word_1_9' title='bbox 977 743 1072 808; x_wconf 87' lang='lat' dir='ltr'>etiam</span> <span class='ocrx_word' id='word_1_10' title='bbox 1100 741 1309 807; x_wconf 69' lang='lat' dir='ltr'>dissolvamus</span> <span class='ocrx_word' id='word_1_11' title='bbox 1332 755 1480 829; x_wconf 87' lang='lat' dir='ltr'>qnantum</span> <span class='ocrx_word' id='word_1_12' title='bbox 1504 741 1570 808; x_wconf 84' lang='lat' dir='ltr'>lieri</span> <span class='ocrx_word' id='word_1_13' title='bbox 1592 755 1699 827; x_wconf 85' lang='lat' dir='ltr'>potest</span> 
     </span>
     <span class='ocr_line' id='line_1_3' title="bbox 388 836 1696 918; baseline 0.003 -20"><span class='ocrx_word' id='word_1_14' title='bbox 388 838 619 918; x_wconf 86' lang='lat' dir='ltr'>enthymemata</span> <span class='ocrx_word' id='word_1_15' title='bbox 638 847 671 899; x_wconf 91' lang='lat' dir='ltr'>et</span> <span class='ocrx_word' id='word_1_16' title='bbox 689 839 903 914; x_wconf 86' lang='lat' dir='ltr'>destruamus,</span> <span class='ocrx_word' id='word_1_17' title='bbox 926 857 967 900; x_wconf 89' lang='lat' dir='ltr'>ae</span> <span class='ocrx_word' id='word_1_18' title='bbox 984 836 1120 918; x_wconf 86' lang='lat' dir='ltr'>pedibus</span> <span class='ocrx_word' id='word_1_19' title='bbox 1136 849 1168 900; x_wconf 90' lang='lat' dir='ltr'>et</span> <span class='ocrx_word' id='word_1_20' title='bbox 1189 836 1326 900; x_wconf 89' lang='lat' dir='ltr'>numeris</span> <span class='ocrx_word' id='word_1_21' title='bbox 1347 837 1516 902; x_wconf 89' lang='lat' dir='ltr'>constricta</span> <span class='ocrx_word' id='word_1_22' title='bbox 1537 837 1613 902; x_wconf 89' lang='lat' dir='ltr'>sint.</span> <span class='ocrx_word' id='word_1_23' title='bbox 1659 839 1696 902; x_wconf 89' lang='lat' dir='ltr'>ln</span> 
     </span>
     <span class='ocr_line' id='line_1_4' title="bbox 385 917 1699 1012; baseline 0.002 -21"><span class='ocrx_word' id='word_1_24' title='bbox 385 927 537 992; x_wconf 83' lang='lat' dir='ltr'>hisvero</span> <span class='ocrx_word' id='word_1_25' title='bbox 557 928 676 1006; x_wconf 87' lang='lat' dir='ltr'>causis,</span> <span class='ocrx_word' id='word_1_26' title='bbox 713 929 746 992; x_wconf 93' lang='lat' dir='ltr'>in</span> <span class='ocrx_word' id='word_1_27' title='bbox 770 930 887 1012; x_wconf 87' lang='lat' dir='ltr'>quibus</span> <span class='ocrx_word' id='word_1_28' title='bbox 907 951 961 993; x_wconf 92' lang='lat' dir='ltr'>res</span> <span class='ocrx_word' id='word_1_29' title='bbox 982 928 1085 994; x_wconf 91' lang='lat' dir='ltr'>omnis</span> <span class='ocrx_word' id='word_1_30' title='bbox 1103 929 1138 992; x_wconf 91' lang='lat' dir='ltr'>in</span> <span class='ocrx_word' id='word_1_31' title='bbox 1162 917 1352 1012; x_wconf 84' lang='lat' dir='ltr'>probatione</span> <span class='ocrx_word' id='word_1_32' title='bbox 1372 930 1473 1012; x_wconf 87' lang='lat' dir='ltr'>posita</span> <span class='ocrx_word' id='word_1_33' title='bbox 1496 942 1561 1008; x_wconf 89' lang='lat' dir='ltr'>est,</span> <span class='ocrx_word' id='word_1_34' title='bbox 1586 930 1699 994; x_wconf 89' lang='lat' dir='ltr'>dictica</span> 
     </span>
     <span class='ocr_line' id='line_1_5' title="bbox 387 1021 1699 1108; baseline 0.001 -22"><span class='ocrx_word' id='word_1_35' title='bbox 387 1023 539 1098; x_wconf 79' lang='lat' dir='ltr'>vitamus,</span> <span class='ocrx_word' id='word_1_36' title='bbox 572 1034 607 1086; x_wconf 92' lang='grc' dir='ltr'>ιι</span> <span class='ocrx_word' id='word_1_37' title='bbox 628 1022 824 1106; x_wconf 81' lang='lat' dir='ltr'>syllogistica</span> <span class='ocrx_word' id='word_1_38' title='bbox 843 1022 1040 1086; x_wconf 74' lang='lat' dir='ltr'>adhibemus.</span> <span class='ocrx_word' id='word_1_39' title='bbox 1082 1021 1336 1108; x_wconf 89' lang='lat' dir='ltr'>Paradigmatica</span> <span class='ocrx_word' id='word_1_40' title='bbox 1358 1034 1389 1086; x_wconf 91' lang='lat' dir='ltr'>et</span> <span class='ocrx_word' id='word_1_41' title='bbox 1411 1024 1556 1106; x_wconf 83' lang='lat' dir='ltr'>gnomica</span> <span class='ocrx_word' id='word_1_42' title='bbox 1576 1025 1699 1088; x_wconf 85' lang='lat' dir='ltr'>severis</span> 
     </span>
     <span class='ocr_line' id='line_1_6' title="bbox 386 1115 1725 1200; baseline 0.001 -21"><span class='ocrx_word' id='word_1_43' title='bbox 386 1126 420 1179; x_wconf 93' lang='lat' dir='ltr'>et</span> <span class='ocrx_word' id='word_1_44' title='bbox 447 1115 600 1200; x_wconf 81' lang='lat' dir='ltr'>gravibus</span> <span class='ocrx_word' id='word_1_45' title='bbox 620 1128 652 1180; x_wconf 90' lang='lat' dir='ltr'>et</span> <span class='ocrx_word' id='word_1_46' title='bbox 672 1116 847 1200; x_wconf 80' lang='lat' dir='ltr'>magnificis</span> <span class='ocrx_word' id='word_1_47' title='bbox 869 1116 1082 1182; x_wconf 80' lang='lat' dir='ltr'>conveniunt:</span> <span class='ocrx_word' id='word_1_48' title='bbox 1104 1115 1220 1180; x_wconf 89' lang='lat' dir='ltr'>dictica</span> <span class='ocrx_word' id='word_1_49' title='bbox 1240 1115 1489 1200; x_wconf 74' lang='lat' dir='ltr'>supplicantibus</span> <span class='ocrx_word' id='word_1_50' title='bbox 1510 1127 1543 1179; x_wconf 90' lang='lat' dir='ltr'>et</span> <span class='ocrx_word' id='word_1_51' title='bbox 1564 1116 1596 1180; x_wconf 92' lang='lat' dir='ltr'>in</span> <span class='ocrx_word' id='word_1_52' title='bbox 1618 1118 1725 1180; x_wconf 80' lang='lat' dir='ltr'>affe-⁵</span> 
     </span>
     <span class='ocr_line' id='line_1_7' title="bbox 386 1209 1699 1294; baseline 0.002 -22"><span class='ocrx_word' id='word_1_53' title='bbox 386 1223 440 1272; x_wconf 89' lang='lat' dir='ltr'>ctu</span> <span class='ocrx_word' id='word_1_54' title='bbox 461 1209 588 1291; x_wconf 88' lang='lat' dir='ltr'>positis.</span> <span class='ocrx_word' id='word_1_55' title='bbox 641 1209 679 1273; x_wconf 90' lang='lat' dir='ltr'>ln</span> <span class='ocrx_word' id='word_1_56' title='bbox 705 1209 791 1274; x_wconf 88' lang='lat' dir='ltr'>omni</span> <span class='ocrx_word' id='word_1_57' title='bbox 821 1220 924 1274; x_wconf 90' lang='lat' dir='ltr'>antem</span> <span class='ocrx_word' id='word_1_58' title='bbox 947 1209 1221 1294; x_wconf 76' lang='lat' dir='ltr'>argumentatione</span> <span class='ocrx_word' id='word_1_59' title='bbox 1250 1210 1366 1273; x_wconf 83' lang='lat' dir='ltr'>variari</span> <span class='ocrx_word' id='word_1_60' title='bbox 1386 1210 1561 1275; x_wconf 87' lang='lat' dir='ltr'>orationem</span> <span class='ocrx_word' id='word_1_61' title='bbox 1583 1231 1699 1294; x_wconf 83' lang='lat' dir='ltr'>magno</span> 
     </span>
     <span class='ocr_line' id='line_1_8' title="bbox 386 1301 1700 1386; baseline -0.001 -19"><span class='ocrx_word' id='word_1_62' title='bbox 386 1323 489 1386; x_wconf 87' lang='lat' dir='ltr'>opere</span> <span class='ocrx_word' id='word_1_63' title='bbox 509 1303 684 1384; x_wconf 80' lang='lat' dir='ltr'>oportebit.</span> <span class='ocrx_word' id='word_1_64' title='bbox 716 1305 798 1368; x_wconf 86' lang='lat' dir='ltr'>Nam</span> <span class='ocrx_word' id='word_1_65' title='bbox 821 1301 902 1367; x_wconf 90' lang='lat' dir='ltr'>sicut</span> <span class='ocrx_word' id='word_1_66' title='bbox 925 1301 958 1367; x_wconf 88' lang='lat' dir='ltr'>in</span> <span class='ocrx_word' id='word_1_67' title='bbox 978 1303 1124 1367; x_wconf 92' lang='lat' dir='ltr'>omnibus</span> <span class='ocrx_word' id='word_1_68' title='bbox 1144 1305 1259 1380; x_wconf 88' lang='lat' dir='ltr'>rebus,</span> <span class='ocrx_word' id='word_1_69' title='bbox 1281 1301 1323 1367; x_wconf 82' lang='lat' dir='ltr'>its</span> <span class='ocrx_word' id='word_1_70' title='bbox 1345 1301 1437 1366; x_wconf 81' lang='lat' dir='ltr'>etiarn</span> <span class='ocrx_word' id='word_1_71' title='bbox 1459 1303 1491 1366; x_wconf 92' lang='lat' dir='ltr'>in</span> <span class='ocrx_word' id='word_1_72' title='bbox 1513 1305 1571 1365; x_wconf 91' lang='lat' dir='ltr'>bac</span> <span class='ocrx_word' id='word_1_73' title='bbox 1591 1302 1700 1366; x_wconf 85' lang='lat' dir='ltr'>sinuili·</span> 
     </span>
     <span class='ocr_line' id='line_1_9' title="bbox 385 1395 1697 1480; baseline 0 -21"><span class='ocrx_word' id='word_1_74' title='bbox 385 1401 466 1461; x_wconf 89' lang='lat' dir='ltr'>tudo</span> <span class='ocrx_word' id='word_1_75' title='bbox 485 1409 585 1460; x_wconf 90' lang='lat' dir='ltr'>mater</span> <span class='ocrx_word' id='word_1_76' title='bbox 606 1408 654 1461; x_wconf 90' lang='lat' dir='ltr'>est</span> <span class='ocrx_word' id='word_1_77' title='bbox 674 1397 838 1461; x_wconf 88' lang='lat' dir='ltr'>satietatis.</span> <span class='ocrx_word' id='word_1_78' title='bbox 881 1395 1010 1460; x_wconf 78' lang='lat' dir='ltr'>Variani</span> <span class='ocrx_word' id='word_1_79' title='bbox 1032 1408 1135 1460; x_wconf 90' lang='lat' dir='ltr'>sutem</span> <span class='ocrx_word' id='word_1_80' title='bbox 1153 1397 1290 1480; x_wconf 89' lang='lat' dir='ltr'>poterit,</span> <span class='ocrx_word' id='word_1_81' title='bbox 1314 1396 1342 1462; x_wconf 92' lang='lat' dir='ltr'>si</span> <span class='ocrx_word' id='word_1_82' title='bbox 1364 1418 1426 1462; x_wconf 90' lang='lat' dir='ltr'>non</span> <span class='ocrx_word' id='word_1_83' title='bbox 1449 1396 1592 1460; x_wconf 87' lang='lat' dir='ltr'>similiter</span> <span class='ocrx_word' id='word_1_84' title='bbox 1613 1419 1697 1460; x_wconf 89' lang='lat' dir='ltr'>sem·</span> 
     </span>
     <span class='ocr_line' id='line_1_10' title="bbox 383 1489 1698 1574; baseline 0 -22"><span class='ocrx_word' id='word_1_85' title='bbox 383 1504 446 1574; x_wconf 86' lang='lat' dir='ltr'>per</span> <span class='ocrx_word' id='word_1_86' title='bbox 467 1491 727 1574; x_wconf 85' lang='lat' dir='ltr'>congrediamur,</span> <span class='ocrx_word' id='word_1_87' title='bbox 756 1490 786 1553; x_wconf 92' lang='lat' dir='ltr'>si</span> <span class='ocrx_word' id='word_1_88' title='bbox 805 1501 871 1554; x_wconf 92' lang='lat' dir='ltr'>tum</span> <span class='ocrx_word' id='word_1_89' title='bbox 892 1489 1073 1555; x_wconf 90' lang='lat' dir='ltr'>inductione</span> <span class='ocrx_word' id='word_1_90' title='bbox 1093 1503 1235 1568; x_wconf 82' lang='grc' dir='ltr'>ιιιιιιιιιι,</span> <span class='ocrx_word' id='word_1_91' title='bbox 1258 1503 1322 1555; x_wconf 72' lang='lat' dir='ltr'>tun</span> <span class='ocrx_word' id='word_1_92' title='bbox 1345 1489 1605 1554; x_wconf 76' lang='lat' dir='ltr'>ratiocinatione:</span> <span class='ocrx_word' id='word_1_93' title='bbox 1639 1512 1698 1553; x_wconf 92' lang='lat' dir='ltr'>nec</span> 
     </span>
     <span class='ocr_line' id='line_1_11' title="bbox 383 1582 1741 1668; baseline -0.003 -22"><span class='ocrx_word' id='word_1_94' title='bbox 383 1602 513 1666; x_wconf 72' lang='lat' dir='ltr'>seneper</span> <span class='ocrx_word' id='word_1_95' title='bbox 530 1584 803 1648; x_wconf 77' lang='lat' dir='ltr'>ratiocinationem</span> <span class='ocrx_word' id='word_1_96' title='bbox 824 1603 843 1646; x_wconf 96' lang='lat' dir='ltr'>a</span> <span class='ocrx_word' id='word_1_97' title='bbox 863 1583 1085 1666; x_wconf 72' lang='lat' dir='ltr'>propositione</span> <span class='ocrx_word' id='word_1_98' title='bbox 1104 1583 1312 1668; x_wconf 87' lang='lat' dir='ltr'>incipiamus,</span> <span class='ocrx_word' id='word_1_99' title='bbox 1336 1605 1396 1648; x_wconf 90' lang='lat' dir='ltr'>nec</span> <span class='ocrx_word' id='word_1_100' title='bbox 1415 1603 1540 1665; x_wconf 90' lang='lat' dir='ltr'>semper</span> <span class='ocrx_word' id='word_1_101' title='bbox 1562 1582 1698 1667; x_wconf 83' lang='lat' dir='ltr'>quinque</span> <span class='ocrx_word' id='word_1_102' title='bbox 1712 1594 1741 1642; x_wconf 87' lang='grc' dir='ltr'>ιο</span> 
     </span>
     <span class='ocr_line' id='line_1_12' title="bbox 383 1677 1697 1760; baseline 0.004 -23"><span class='ocrx_word' id='word_1_103' title='bbox 383 1678 531 1758; x_wconf 87' lang='lat' dir='ltr'>partibus</span> <span class='ocrx_word' id='word_1_104' title='bbox 557 1677 624 1740; x_wconf 90' lang='lat' dir='ltr'>eins</span> <span class='ocrx_word' id='word_1_105' title='bbox 648 1688 792 1752; x_wconf 89' lang='lat' dir='ltr'>utamur,</span> <span class='ocrx_word' id='word_1_106' title='bbox 828 1697 888 1739; x_wconf 92' lang='lat' dir='ltr'>nec</span> <span class='ocrx_word' id='word_1_107' title='bbox 913 1679 1022 1742; x_wconf 89' lang='lat' dir='ltr'>eadem</span> <span class='ocrx_word' id='word_1_108' title='bbox 1043 1677 1167 1742; x_wconf 88' lang='lat' dir='ltr'>ratione</span> <span class='ocrx_word' id='word_1_109' title='bbox 1188 1678 1376 1760; x_wconf 89' lang='lat' dir='ltr'>partitiones</span> <span class='ocrx_word' id='word_1_110' title='bbox 1397 1677 1608 1759; x_wconf 72' lang='lat' dir='ltr'>explicemus:</span> <span class='ocrx_word' id='word_1_111' title='bbox 1641 1679 1697 1742; x_wconf 87' lang='lat' dir='ltr'>sed</span> 
     </span>
     <span class='ocr_line' id='line_1_13' title="bbox 382 1767 1693 1856; baseline 0.002 -24"><span class='ocrx_word' id='word_1_112' title='bbox 382 1780 453 1832; x_wconf 87' lang='lat' dir='ltr'>tum</span> <span class='ocrx_word' id='word_1_113' title='bbox 474 1771 515 1832; x_wconf 87' lang='lat' dir='ltr'>ab</span> <span class='ocrx_word' id='word_1_114' title='bbox 533 1770 745 1854; x_wconf 86' lang='lat' dir='ltr'>assumptione</span> <span class='ocrx_word' id='word_1_115' title='bbox 765 1769 922 1853; x_wconf 75' lang='lat' dir='ltr'>incipere,</span> <span class='ocrx_word' id='word_1_116' title='bbox 946 1783 1012 1835; x_wconf 90' lang='lat' dir='ltr'>tum</span> <span class='ocrx_word' id='word_1_117' title='bbox 1036 1793 1077 1834; x_wconf 82' lang='lat' dir='ltr'>ex</span> <span class='ocrx_word' id='word_1_118' title='bbox 1098 1772 1319 1856; x_wconf 87' lang='lat' dir='ltr'>propositione</span> <span class='ocrx_word' id='word_1_119' title='bbox 1329 1767 1344 1847; x_wconf 70' lang='grc' dir='ltr'>ς’</span> <span class='ocrx_word' id='word_1_120' title='bbox 1361 1783 1427 1836; x_wconf 89' lang='lat' dir='ltr'>tum</span> <span class='ocrx_word' id='word_1_121' title='bbox 1448 1769 1693 1855; x_wconf 81' lang='lat' dir='ltr'>approbatione,</span> 
     </span>
     <span class='ocr_line' id='line_1_14' title="bbox 382 1864 1174 1950; baseline 0.005 -24"><span class='ocrx_word' id='word_1_122' title='bbox 382 1873 452 1926; x_wconf 89' lang='lat' dir='ltr'>tum</span> <span class='ocrx_word' id='word_1_123' title='bbox 474 1865 555 1942; x_wconf 88' lang='lat' dir='ltr'>hoc,</span> <span class='ocrx_word' id='word_1_124' title='bbox 577 1875 643 1928; x_wconf 90' lang='lat' dir='ltr'>tum</span> <span class='ocrx_word' id='word_1_125' title='bbox 663 1864 721 1929; x_wconf 86' lang='lat' dir='ltr'>illo</span> <span class='ocrx_word' id='word_1_126' title='bbox 742 1883 859 1950; x_wconf 83' lang='lat' dir='ltr'>genere</span> <span class='ocrx_word' id='word_1_127' title='bbox 880 1865 1093 1932; x_wconf 84' lang='lat' dir='ltr'>conclusionis</span> <span class='ocrx_word' id='word_1_128' title='bbox 1114 1865 1174 1930; x_wconf 86' lang='lat' dir='ltr'>uti.</span> 
     </span>
    </p>
   </div>
   <div class='ocr_carea' id='block_1_3' title="bbox 742 2042 1342 2110">
    <p class='ocr_par' dir='ltr' id='par_1_3' title="bbox 742 2042 1342 2110">
     <span class='ocr_line' id='line_1_15' title="bbox 742 2042 1342 2110; baseline 0 -3"><span class='ocrx_word' id='word_1_129' title='bbox 742 2042 827 2107; x_wconf 79' lang='lat' dir='ltr'>xll.</span> <span class='ocrx_word' id='word_1_130' title='bbox 849 2043 913 2108; x_wconf 86' lang='lat' dir='ltr'>DE</span> <span class='ocrx_word' id='word_1_131' title='bbox 935 2043 1342 2110; x_wconf 80' lang='lat' dir='ltr'>REPREHENSIONE.</span> 
     </span>
    </p>
   </div>
   <div class='ocr_carea' id='block_1_4' title="bbox 382 2171 1741 4418">
    <p class='ocr_par' dir='ltr' id='par_1_4' title="bbox 382 2171 1741 3649">
     <span class='ocr_line' id='line_1_16' title="bbox 470 2171 1739 2270; baseline -0.002 -24"><span class='ocrx_word' id='word_1_132' title='bbox 470 2179 692 2264; x_wconf 85' lang='lat' dir='ltr'>Reprehensio</span> <span class='ocrx_word' id='word_1_133' title='bbox 714 2193 774 2258; x_wconf 88' lang='lat' dir='ltr'>est,</span> <span class='ocrx_word' id='word_1_134' title='bbox 798 2203 971 2270; x_wconf 85' lang='lat' dir='ltr'>perquam</span> <span class='ocrx_word' id='word_1_135' title='bbox 993 2185 1240 2268; x_wconf 84' lang='lat' dir='ltr'>argrnmentando</span> <span class='ocrx_word' id='word_1_136' title='bbox 1263 2183 1515 2247; x_wconf 81' lang='lat' dir='ltr'>aduersariorum</span> <span class='ocrx_word' id='word_1_137' title='bbox 1531 2171 1695 2248; x_wconf 83' lang='lat' dir='ltr'>conlirins·</span> <span class='ocrx_word' id='word_1_138' title='bbox 1710 2195 1739 2245; x_wconf 79' lang='lat' dir='ltr'>ts</span> 
     </span>
     <span class='ocr_line' id='line_1_17' title="bbox 385 2275 1696 2360; baseline 0 -20"><span class='ocrx_word' id='word_1_139' title='bbox 385 2275 433 2342; x_wconf 90' lang='lat' dir='ltr'>tio</span> <span class='ocrx_word' id='word_1_140' title='bbox 455 2275 592 2339; x_wconf 91' lang='lat' dir='ltr'>deluitur</span> <span class='ocrx_word' id='word_1_141' title='bbox 616 2289 670 2341; x_wconf 88' lang='lat' dir='ltr'>aut</span> <span class='ocrx_word' id='word_1_142' title='bbox 692 2276 879 2340; x_wconf 79' lang='lat' dir='ltr'>adleviatur.</span> <span class='ocrx_word' id='word_1_143' title='bbox 923 2277 1013 2340; x_wconf 84' lang='lat' dir='ltr'>Haec</span> <span class='ocrx_word' id='word_1_144' title='bbox 1033 2277 1125 2340; x_wconf 82' lang='lat' dir='ltr'>fonte</span> <span class='ocrx_word' id='word_1_145' title='bbox 1145 2275 1335 2340; x_wconf 85' lang='lat' dir='ltr'>inventionis</span> <span class='ocrx_word' id='word_1_146' title='bbox 1357 2280 1467 2342; x_wconf 87' lang='lat' dir='ltr'>eodem</span> <span class='ocrx_word' id='word_1_147' title='bbox 1490 2275 1606 2352; x_wconf 89' lang='lat' dir='ltr'>utitur,</span> <span class='ocrx_word' id='word_1_148' title='bbox 1631 2296 1696 2360; x_wconf 89' lang='lat' dir='ltr'>quo</span> 
     </span>
     <span class='ocr_line' id='line_1_18' title="bbox 383 2368 1700 2455; baseline -0.001 -22"><span class='ocrx_word' id='word_1_149' title='bbox 383 2369 487 2434; x_wconf 89' lang='lat' dir='ltr'>utitur</span> <span class='ocrx_word' id='word_1_150' title='bbox 506 2368 723 2445; x_wconf 83' lang='lat' dir='ltr'>confirmatio,</span> <span class='ocrx_word' id='word_1_151' title='bbox 754 2381 925 2452; x_wconf 87' lang='lat' dir='ltr'>propterea</span> <span class='ocrx_word' id='word_1_152' title='bbox 947 2371 1050 2453; x_wconf 82' lang='lat' dir='ltr'>qnncd,</span> <span class='ocrx_word' id='word_1_153' title='bbox 1088 2369 1205 2455; x_wconf 89' lang='lat' dir='ltr'>quibus</span> <span class='ocrx_word' id='word_1_154' title='bbox 1227 2391 1266 2434; x_wconf 84' lang='lat' dir='ltr'>ex</span> <span class='ocrx_word' id='word_1_155' title='bbox 1291 2369 1369 2432; x_wconf 86' lang='lat' dir='ltr'>locis</span> <span class='ocrx_word' id='word_1_156' title='bbox 1391 2371 1493 2454; x_wconf 85' lang='lat' dir='ltr'>aliqua</span> <span class='ocrx_word' id='word_1_157' title='bbox 1516 2392 1567 2434; x_wconf 89' lang='lat' dir='ltr'>res</span> <span class='ocrx_word' id='word_1_158' title='bbox 1591 2379 1700 2453; x_wconf 88' lang='lat' dir='ltr'>potest</span> 
     </span>
     <span class='ocr_line' id='line_1_19' title="bbox 384 2460 1697 2546; baseline 0.001 -22"><span class='ocrx_word' id='word_1_159' title='bbox 384 2460 585 2538; x_wconf 81' lang='lat' dir='ltr'>continuari,</span> <span class='ocrx_word' id='word_1_160' title='bbox 624 2461 731 2526; x_wconf 90' lang='lat' dir='ltr'>iisdem</span> <span class='ocrx_word' id='word_1_161' title='bbox 758 2473 866 2546; x_wconf 86' lang='lat' dir='ltr'>potest</span> <span class='ocrx_word' id='word_1_162' title='bbox 897 2461 1066 2538; x_wconf 78' lang='lat' dir='ltr'>infirmari:</span> <span class='ocrx_word' id='word_1_163' title='bbox 1101 2462 1133 2526; x_wconf 88' lang='lat' dir='ltr'>id</span> <span class='ocrx_word' id='word_1_164' title='bbox 1165 2474 1232 2540; x_wconf 90' lang='lat' dir='ltr'>est,</span> <span class='ocrx_word' id='word_1_165' title='bbox 1271 2484 1351 2546; x_wconf 89' lang='lat' dir='ltr'>quos</span> <span class='ocrx_word' id='word_1_166' title='bbox 1372 2463 1404 2525; x_wconf 93' lang='lat' dir='ltr'>in</span> <span class='ocrx_word' id='word_1_167' title='bbox 1426 2461 1586 2546; x_wconf 85' lang='lat' dir='ltr'>superiori</span> <span class='ocrx_word' id='word_1_168' title='bbox 1607 2473 1697 2546; x_wconf 85' lang='lat' dir='ltr'>porte</span> 
     </span>
     <span class='ocr_line' id='line_1_20' title="bbox 384 2554 1695 2640; baseline -0.001 -22"><span class='ocrx_word' id='word_1_169' title='bbox 384 2554 540 2630; x_wconf 82' lang='lat' dir='ltr'>didicisti,</span> <span class='ocrx_word' id='word_1_170' title='bbox 564 2555 781 2619; x_wconf 88' lang='lat' dir='ltr'>communibus</span> <span class='ocrx_word' id='word_1_171' title='bbox 806 2569 1063 2640; x_wconf 85' lang='lat' dir='ltr'>argumentorum</span> <span class='ocrx_word' id='word_1_172' title='bbox 1084 2555 1178 2620; x_wconf 87' lang='lat' dir='ltr'>locis.</span> <span class='ocrx_word' id='word_1_173' title='bbox 1227 2556 1297 2620; x_wconf 81' lang='lat' dir='ltr'>Nec</span> <span class='ocrx_word' id='word_1_174' title='bbox 1318 2566 1435 2618; x_wconf 79' lang='lat' dir='ltr'>tautum</span> <span class='ocrx_word' id='word_1_175' title='bbox 1460 2567 1695 2636; x_wconf 70' lang='lat' dir='ltr'>cognomentum,</span> 
     </span>
     <span class='ocr_line' id='line_1_21' title="bbox 383 2647 1740 2735; baseline -0.003 -21"><span class='ocrx_word' id='word_1_176' title='bbox 383 2650 441 2714; x_wconf 85' lang='lat' dir='ltr'>sed</span> <span class='ocrx_word' id='word_1_177' title='bbox 473 2648 723 2732; x_wconf 77' lang='lat' dir='ltr'>argumentatio,</span> <span class='ocrx_word' id='word_1_178' title='bbox 761 2661 825 2712; x_wconf 89' lang='lat' dir='ltr'>tam</span> <span class='ocrx_word' id='word_1_179' title='bbox 854 2648 886 2712; x_wconf 90' lang='lat' dir='ltr'>in</span> <span class='ocrx_word' id='word_1_180' title='bbox 917 2650 1135 2715; x_wconf 79' lang='lat' dir='ltr'>confirmando</span> <span class='ocrx_word' id='word_1_181' title='bbox 1169 2671 1261 2735; x_wconf 89' lang='lat' dir='ltr'>quam</span> <span class='ocrx_word' id='word_1_182' title='bbox 1295 2648 1327 2711; x_wconf 90' lang='lat' dir='ltr'>in</span> <span class='ocrx_word' id='word_1_183' title='bbox 1359 2650 1532 2715; x_wconf 78' lang='lat' dir='ltr'>netettenuo</span> <span class='ocrx_word' id='word_1_184' title='bbox 1554 2647 1740 2711; x_wconf 82' lang='lat' dir='ltr'>sinuiliter2⁰</span> 
     </span>
     <span class='ocr_line' id='line_1_22' title="bbox 384 2741 1695 2827; baseline -0.005 -19"><span class='ocrx_word' id='word_1_185' title='bbox 384 2741 576 2824; x_wconf 82' lang='lat' dir='ltr'>explicatur.</span> <span class='ocrx_word' id='word_1_186' title='bbox 618 2744 742 2810; x_wconf 80' lang='lat' dir='ltr'>Verum</span> <span class='ocrx_word' id='word_1_187' title='bbox 763 2741 845 2806; x_wconf 89' lang='lat' dir='ltr'>enim</span> <span class='ocrx_word' id='word_1_188' title='bbox 866 2749 938 2806; x_wconf 87' lang='lat' dir='ltr'>sunt</span> <span class='ocrx_word' id='word_1_189' title='bbox 956 2744 1049 2807; x_wconf 91' lang='lat' dir='ltr'>huius</span> <span class='ocrx_word' id='word_1_190' title='bbox 1068 2743 1168 2826; x_wconf 88' lang='lat' dir='ltr'>partis</span> <span class='ocrx_word' id='word_1_191' title='bbox 1190 2745 1340 2827; x_wconf 89' lang='lat' dir='ltr'>quaedam</span> <span class='ocrx_word' id='word_1_192' title='bbox 1358 2741 1487 2825; x_wconf 87' lang='lat' dir='ltr'>propria</span> <span class='ocrx_word' id='word_1_193' title='bbox 1511 2751 1695 2824; x_wconf 83' lang='lat' dir='ltr'>praecepta,</span> 
     </span>
     <span class='ocr_line' id='line_1_23' title="bbox 384 2833 1696 2920; baseline -0.003 -22"><span class='ocrx_word' id='word_1_194' title='bbox 384 2857 469 2920; x_wconf 75' lang='lat' dir='ltr'>quiae</span> <span class='ocrx_word' id='word_1_195' title='bbox 488 2833 519 2899; x_wconf 89' lang='lat' dir='ltr'>in</span> <span class='ocrx_word' id='word_1_196' title='bbox 540 2833 716 2899; x_wconf 73' lang='lat' dir='ltr'>refellendo</span> <span class='ocrx_word' id='word_1_197' title='bbox 738 2838 911 2901; x_wconf 86' lang='lat' dir='ltr'>observare</span> <span class='ocrx_word' id='word_1_198' title='bbox 938 2838 1100 2900; x_wconf 86' lang='lat' dir='ltr'>debemus.</span> <span class='ocrx_word' id='word_1_199' title='bbox 1151 2836 1349 2900; x_wconf 80' lang='lat' dir='ltr'>&#39;l&#39;radidinnus</span> <span class='ocrx_word' id='word_1_200' title='bbox 1368 2847 1457 2899; x_wconf 86' lang='lat' dir='ltr'>retro</span> <span class='ocrx_word' id='word_1_201' title='bbox 1480 2844 1696 2917; x_wconf 84' lang='lat' dir='ltr'>argumentum</span> 
     </span>
     <span class='ocr_line' id='line_1_24' title="bbox 385 2927 1697 3012; baseline -0.005 -19"><span class='ocrx_word' id='word_1_202' title='bbox 385 2939 441 2993; x_wconf 91' lang='lat' dir='ltr'>ant</span> <span class='ocrx_word' id='word_1_203' title='bbox 462 2931 670 2992; x_wconf 89' lang='lat' dir='ltr'>necessarium</span> <span class='ocrx_word' id='word_1_204' title='bbox 698 2941 842 2993; x_wconf 74' lang='lat' dir='ltr'>osseam</span> <span class='ocrx_word' id='word_1_205' title='bbox 864 2930 1050 3012; x_wconf 83' lang='lat' dir='ltr'>probabile:</span> <span class='ocrx_word' id='word_1_206' title='bbox 1073 2929 1283 2993; x_wconf 88' lang='lat' dir='ltr'>necessarium</span> <span class='ocrx_word' id='word_1_207' title='bbox 1305 2927 1434 2992; x_wconf 87' lang='lat' dir='ltr'>tractari</span> <span class='ocrx_word' id='word_1_208' title='bbox 1455 2940 1509 2990; x_wconf 81' lang='lat' dir='ltr'>arnt</span> <span class='ocrx_word' id='word_1_209' title='bbox 1530 2948 1589 3010; x_wconf 86' lang='lat' dir='ltr'>per</span> <span class='ocrx_word' id='word_1_210' title='bbox 1610 2947 1697 2988; x_wconf 90' lang='lat' dir='ltr'>com·</span> 
     </span>
     <span class='ocr_line' id='line_1_25' title="bbox 383 3019 1696 3106; baseline -0.003 -22"><span class='ocrx_word' id='word_1_211' title='bbox 383 3021 566 3106; x_wconf 79' lang='lat' dir='ltr'>plexionem</span> <span class='ocrx_word' id='word_1_212' title='bbox 594 3033 648 3086; x_wconf 88' lang='lat' dir='ltr'>ant</span> <span class='ocrx_word' id='word_1_213' title='bbox 678 3043 737 3104; x_wconf 89' lang='lat' dir='ltr'>per</span> <span class='ocrx_word' id='word_1_214' title='bbox 760 3021 1049 3099; x_wconf 82' lang='lat' dir='ltr'>enumerationem,</span> <span class='ocrx_word' id='word_1_215' title='bbox 1087 3033 1141 3085; x_wconf 90' lang='lat' dir='ltr'>aut</span> <span class='ocrx_word' id='word_1_216' title='bbox 1164 3043 1223 3106; x_wconf 92' lang='lat' dir='ltr'>per</span> <span class='ocrx_word' id='word_1_217' title='bbox 1249 3021 1421 3104; x_wconf 87' lang='lat' dir='ltr'>simplicem</span> <span class='ocrx_word' id='word_1_218' title='bbox 1449 3019 1696 3085; x_wconf 89' lang='lat' dir='ltr'>conclusionem.</span> 
     </span>
     <span class='ocr_line' id='line_1_26' title="bbox 385 3111 1740 3199; baseline -0.004 -20"><span class='ocrx_word' id='word_1_219' title='bbox 385 3115 477 3179; x_wconf 83' lang='lat' dir='ltr'>Ilaec</span> <span class='ocrx_word' id='word_1_220' title='bbox 497 3117 757 3199; x_wconf 75' lang='lat' dir='ltr'>quaemadmodum</span> <span class='ocrx_word' id='word_1_221' title='bbox 779 3116 811 3181; x_wconf 90' lang='lat' dir='ltr'>in</span> <span class='ocrx_word' id='word_1_222' title='bbox 835 3116 1003 3198; x_wconf 88' lang='lat' dir='ltr'>probando</span> <span class='ocrx_word' id='word_1_223' title='bbox 1022 3126 1234 3179; x_wconf 83' lang='lat' dir='ltr'>tractarentur</span> <span class='ocrx_word' id='word_1_224' title='bbox 1256 3113 1427 3196; x_wconf 86' lang='lat' dir='ltr'>accepisti:</span> <span class='ocrx_word' id='word_1_225' title='bbox 1452 3135 1532 3178; x_wconf 90' lang='lat' dir='ltr'>nunc</span> <span class='ocrx_word' id='word_1_226' title='bbox 1550 3111 1740 3198; x_wconf 78' lang='lat' dir='ltr'>quemad-²⁵</span> 
     </span>
     <span class='ocr_line' id='line_1_27' title="bbox 383 3191 1697 3292; baseline -0.005 -20"><span class='ocrx_word' id='word_1_227' title='bbox 383 3211 512 3273; x_wconf 90' lang='lat' dir='ltr'>modum</span> <span class='ocrx_word' id='word_1_228' title='bbox 532 3209 819 3292; x_wconf 86' lang='lat' dir='ltr'>reprehendantur,</span> <span class='ocrx_word' id='word_1_229' title='bbox 856 3209 971 3284; x_wconf 86' lang='lat' dir='ltr'>idest,</span> <span class='ocrx_word' id='word_1_230' title='bbox 1009 3191 1216 3284; x_wconf 86' lang='lat' dir='ltr'>refellantur,</span> <span class='ocrx_word' id='word_1_231' title='bbox 1253 3211 1390 3273; x_wconf 86' lang='lat' dir='ltr'>attende.</span> <span class='ocrx_word' id='word_1_232' title='bbox 1447 3208 1588 3270; x_wconf 87' lang='lat' dir='ltr'>Primum</span> <span class='ocrx_word' id='word_1_233' title='bbox 1609 3227 1697 3268; x_wconf 92' lang='lat' dir='ltr'>com·</span> 
     </span>
     <span class='ocr_line' id='line_1_28' title="bbox 382 3300 1698 3387; baseline -0.004 -23"><span class='ocrx_word' id='word_1_234' title='bbox 382 3301 512 3386; x_wconf 81' lang='lat' dir='ltr'>plexis,</span> <span class='ocrx_word' id='word_1_235' title='bbox 548 3325 629 3387; x_wconf 78' lang='lat' dir='ltr'>quase</span> <span class='ocrx_word' id='word_1_236' title='bbox 657 3314 763 3366; x_wconf 92' lang='lat' dir='ltr'>utrum</span> <span class='ocrx_word' id='word_1_237' title='bbox 785 3300 980 3367; x_wconf 88' lang='lat' dir='ltr'>concesseris</span> <span class='ocrx_word' id='word_1_238' title='bbox 1002 3303 1096 3365; x_wconf 88' lang='lat' dir='ltr'>debet</span> <span class='ocrx_word' id='word_1_239' title='bbox 1120 3303 1253 3380; x_wconf 89' lang='lat' dir='ltr'>tollere,</span> <span class='ocrx_word' id='word_1_240' title='bbox 1286 3301 1313 3365; x_wconf 86' lang='lat' dir='ltr'>si</span> <span class='ocrx_word' id='word_1_241' title='bbox 1335 3323 1411 3364; x_wconf 85' lang='lat' dir='ltr'>vera</span> <span class='ocrx_word' id='word_1_242' title='bbox 1434 3313 1499 3378; x_wconf 88' lang='lat' dir='ltr'>est,</span> <span class='ocrx_word' id='word_1_243' title='bbox 1537 3321 1698 3384; x_wconf 88' lang='lat' dir='ltr'>nunquam</span> 
     </span>
     <span class='ocr_line' id='line_1_29' title="bbox 382 3393 1696 3480; baseline -0.005 -20"><span class='ocrx_word' id='word_1_244' title='bbox 382 3397 644 3478; x_wconf 84' lang='lat' dir='ltr'>reprehenditur:</span> <span class='ocrx_word' id='word_1_245' title='bbox 668 3397 784 3462; x_wconf 81' lang='lat' dir='ltr'>idest:</span> <span class='ocrx_word' id='word_1_246' title='bbox 807 3397 839 3461; x_wconf 91' lang='lat' dir='ltr'>si</span> <span class='ocrx_word' id='word_1_247' title='bbox 853 3397 1006 3480; x_wconf 85' lang='lat' dir='ltr'>peperit,</span> <span class='ocrx_word' id='word_1_248' title='bbox 1030 3396 1210 3460; x_wconf 69' lang='lat' dir='ltr'>concredidit</span> <span class='ocrx_word' id='word_1_249' title='bbox 1227 3417 1305 3459; x_wconf 85' lang='lat' dir='ltr'>cum</span> <span class='ocrx_word' id='word_1_250' title='bbox 1321 3395 1404 3461; x_wconf 83' lang='lat' dir='ltr'>viro.</span> <span class='ocrx_word' id='word_1_251' title='bbox 1447 3395 1482 3458; x_wconf 88' lang='lat' dir='ltr'>Si</span> <span class='ocrx_word' id='word_1_252' title='bbox 1503 3415 1584 3458; x_wconf 86' lang='lat' dir='ltr'>vcro</span> <span class='ocrx_word' id='word_1_253' title='bbox 1605 3393 1696 3466; x_wconf 86' lang='lat' dir='ltr'>laisa,</span> 
     </span>
     <span class='ocr_line' id='line_1_30' title="bbox 383 3487 1697 3570; baseline -0.003 -18"><span class='ocrx_word' id='word_1_254' title='bbox 383 3500 417 3552; x_wconf 90' lang='lat' dir='ltr'>et</span> <span class='ocrx_word' id='word_1_255' title='bbox 439 3487 577 3552; x_wconf 90' lang='lat' dir='ltr'>imitatur</span> <span class='ocrx_word' id='word_1_256' title='bbox 600 3491 781 3568; x_wconf 86' lang='lat' dir='ltr'>veritatem,</span> <span class='ocrx_word' id='word_1_257' title='bbox 805 3493 929 3554; x_wconf 91' lang='lat' dir='ltr'>duobus</span> <span class='ocrx_word' id='word_1_258' title='bbox 951 3488 1069 3567; x_wconf 89' lang='lat' dir='ltr'>modis,</span> <span class='ocrx_word' id='word_1_259' title='bbox 1094 3501 1149 3553; x_wconf 90' lang='lat' dir='ltr'>aut</span> <span class='ocrx_word' id='word_1_260' title='bbox 1169 3489 1378 3554; x_wconf 84' lang='lat' dir='ltr'>conversione</span> <span class='ocrx_word' id='word_1_261' title='bbox 1400 3501 1452 3554; x_wconf 85' lang='lat' dir='ltr'>aut</span> <span class='ocrx_word' id='word_1_262' title='bbox 1477 3487 1604 3553; x_wconf 86' lang='lat' dir='ltr'>alterius</span> <span class='ocrx_word' id='word_1_263' title='bbox 1623 3509 1697 3570; x_wconf 85' lang='lat' dir='ltr'>par·</span> 
     </span>
     <span class='ocr_line' id='line_1_31' title="bbox 382 3579 1741 3649; baseline -0.004 -3"><span class='ocrx_word' id='word_1_264' title='bbox 382 3582 425 3646; x_wconf 89' lang='lat' dir='ltr'>tis</span> <span class='ocrx_word' id='word_1_265' title='bbox 446 3579 670 3647; x_wconf 81' lang='lat' dir='ltr'>infirmatione.</span> <span class='ocrx_word' id='word_1_266' title='bbox 716 3581 939 3648; x_wconf 80' lang='lat' dir='ltr'>conversione</span> <span class='ocrx_word' id='word_1_267' title='bbox 960 3585 1023 3648; x_wconf 89' lang='lat' dir='ltr'>boc</span> <span class='ocrx_word' id='word_1_268' title='bbox 1046 3587 1162 3649; x_wconf 90' lang='lat' dir='ltr'>modo:</span> <span class='ocrx_word' id='word_1_269' title='bbox 1708 3593 1741 3642; x_wconf 86' lang='lat' dir='ltr'>tu</span> 
     </span>
    </p>

    <p class='ocr_par' dir='ltr' id='par_1_5' title="bbox 511 3675 1492 3764">
     <span class='ocr_line' id='line_1_32' title="bbox 511 3675 1492 3764; baseline -0.002 -20"><span class='ocrx_word' id='word_1_270' title='bbox 511 3677 606 3744; x_wconf 83' lang='lat' dir='ltr'>Nam</span> <span class='ocrx_word' id='word_1_271' title='bbox 626 3675 658 3740; x_wconf 92' lang='lat' dir='ltr'>si</span> <span class='ocrx_word' id='word_1_272' title='bbox 677 3689 829 3755; x_wconf 84' lang='lat' dir='ltr'>veretur,</span> <span class='ocrx_word' id='word_1_273' title='bbox 853 3677 1027 3762; x_wconf 76' lang='lat' dir='ltr'>perideum</span> <span class='ocrx_word' id='word_1_274' title='bbox 1040 3699 1181 3743; x_wconf 79' lang='lat' dir='ltr'>accuses</span> <span class='ocrx_word' id='word_1_275' title='bbox 1198 3678 1256 3763; x_wconf 81' lang='lat' dir='ltr'>qui</span> <span class='ocrx_word' id='word_1_276' title='bbox 1269 3691 1320 3743; x_wconf 90' lang='lat' dir='ltr'>est</span> <span class='ocrx_word' id='word_1_277' title='bbox 1335 3678 1492 3764; x_wconf 70' lang='lat' dir='ltr'>probus?</span> 
     </span>
    </p>

    <p class='ocr_par' dir='ltr' id='par_1_6' title="bbox 461 3761 1346 3855">
     <span class='ocr_line' id='line_1_33' title="bbox 461 3761 1346 3855; baseline -0.001 -19"><span class='ocrx_word' id='word_1_278' title='bbox 461 3761 469 3780; x_wconf 68' lang='lat'><em>⁶</em></span> <span class='ocrx_word' id='word_1_279' title='bbox 509 3762 831 3836; x_wconf 75' lang='lat' dir='ltr'>Si&#39;inuerecnndnm</span> <span class='ocrx_word' id='word_1_280' title='bbox 850 3771 959 3835; x_wconf 86' lang='lat' dir='ltr'>animi</span> <span class='ocrx_word' id='word_1_281' title='bbox 975 3771 1152 3854; x_wconf 83' lang='lat' dir='ltr'>ingenium</span> <span class='ocrx_word' id='word_1_282' title='bbox 1172 3771 1346 3855; x_wconf 84' lang='lat' dir='ltr'>possidet,</span> 
     </span>
    </p>

    <p class='ocr_par' dir='ltr' id='par_1_7' title="bbox 382 3863 1739 4418">
     <span class='ocr_line' id='line_1_34' title="bbox 511 3863 1503 3950; baseline 0.001 -24"><span class='ocrx_word' id='word_1_283' title='bbox 511 3863 604 3948; x_wconf 84' lang='lat' dir='ltr'>Quid</span> <span class='ocrx_word' id='word_1_284' title='bbox 628 3886 706 3928; x_wconf 83' lang='lat' dir='ltr'>essm</span> <span class='ocrx_word' id='word_1_285' title='bbox 729 3886 887 3939; x_wconf 69' lang='lat' dir='ltr'>oscines,</span> <span class='ocrx_word' id='word_1_286' title='bbox 909 3865 969 3950; x_wconf 80' lang='lat' dir='ltr'>qui</span> <span class='ocrx_word' id='word_1_287' title='bbox 997 3865 1034 3928; x_wconf 77' lang='lat' dir='ltr'>id</span> <span class='ocrx_word' id='word_1_288' title='bbox 1053 3865 1157 3949; x_wconf 81' lang='lat' dir='ltr'>parvi</span> <span class='ocrx_word' id='word_1_289' title='bbox 1178 3867 1301 3930; x_wconf 81' lang='lat' dir='ltr'>audites</span> <span class='ocrx_word' id='word_1_290' title='bbox 1320 3863 1503 3930; x_wconf 72' lang='lat' dir='ltr'>aestimet?</span> 
     </span>
     <span class='ocr_line' id='line_1_35' title="bbox 384 3953 1696 4042; baseline -0.005 -20"><span class='ocrx_word' id='word_1_291' title='bbox 384 3953 450 4022; x_wconf 85' lang='lat' dir='ltr'>llic</span> <span class='ocrx_word' id='word_1_292' title='bbox 471 3955 538 4020; x_wconf 84' lang='lat' dir='ltr'>sive</span> <span class='ocrx_word' id='word_1_293' title='bbox 559 3957 664 4021; x_wconf 85' lang='lat' dir='ltr'>vereri</span> <span class='ocrx_word' id='word_1_294' title='bbox 682 3957 821 4035; x_wconf 84' lang='lat' dir='ltr'>dixeris,</span> <span class='ocrx_word' id='word_1_295' title='bbox 844 3959 914 4022; x_wconf 83' lang='lat' dir='ltr'>sive</span> <span class='ocrx_word' id='word_1_296' title='bbox 936 3978 1000 4020; x_wconf 92' lang='lat' dir='ltr'>non</span> <span class='ocrx_word' id='word_1_297' title='bbox 1021 3957 1145 4034; x_wconf 86' lang='lat' dir='ltr'>vereri,</span> <span class='ocrx_word' id='word_1_298' title='bbox 1179 3961 1412 4024; x_wconf 88' lang='lat' dir='ltr'>concedendum</span> <span class='ocrx_word' id='word_1_299' title='bbox 1434 3967 1524 4042; x_wconf 87' lang='lat' dir='ltr'>putat</span> <span class='ocrx_word' id='word_1_300' title='bbox 1544 3955 1624 4031; x_wconf 88' lang='lat' dir='ltr'>hoc,</span> <span class='ocrx_word' id='word_1_301' title='bbox 1662 3964 1696 4017; x_wconf 93' lang='lat' dir='ltr'>ut</span> 
     </span>
     <span class='ocr_line' id='line_1_36' title="bbox 382 4047 1739 4134; baseline -0.003 -22"><span class='ocrx_word' id='word_1_302' title='bbox 382 4071 514 4114; x_wconf 89' lang='lat' dir='ltr'>necesse</span> <span class='ocrx_word' id='word_1_303' title='bbox 535 4050 660 4114; x_wconf 90' lang='lat' dir='ltr'>nonsit</span> <span class='ocrx_word' id='word_1_304' title='bbox 681 4054 901 4116; x_wconf 73' lang='lat' dir='ltr'>cremandum.</span> <span class='ocrx_word' id='word_1_305' title='bbox 957 4051 1096 4116; x_wconf 86' lang='lat' dir='ltr'>Relelles</span> <span class='ocrx_word' id='word_1_306' title='bbox 1119 4074 1199 4134; x_wconf 89' lang='lat' dir='ltr'>ergo</span> <span class='ocrx_word' id='word_1_307' title='bbox 1218 4051 1427 4118; x_wconf 84' lang='lat' dir='ltr'>conversione</span> <span class='ocrx_word' id='word_1_308' title='bbox 1455 4050 1519 4113; x_wconf 88' lang='lat' dir='ltr'>sic:</span> <span class='ocrx_word' id='word_1_309' title='bbox 1553 4069 1634 4111; x_wconf 84' lang='lat' dir='ltr'>nam</span> <span class='ocrx_word' id='word_1_310' title='bbox 1665 4047 1739 4110; x_wconf 76' lang='lat' dir='ltr'>sits</span> 
     </span>
     <span class='ocr_line' id='line_1_37' title="bbox 383 4141 1696 4230; baseline -0.005 -24"><span class='ocrx_word' id='word_1_311' title='bbox 383 4155 538 4218; x_wconf 81' lang='lat' dir='ltr'>veretur,</span> <span class='ocrx_word' id='word_1_312' title='bbox 570 4165 708 4221; x_wconf 77' lang='lat' dir='ltr'>necesses</span> <span class='ocrx_word' id='word_1_313' title='bbox 715 4167 727 4216; x_wconf 89' lang='lat'>,·</span> <span class='ocrx_word' id='word_1_314' title='bbox 756 4166 824 4209; x_wconf 89' lang='lat' dir='ltr'>non</span> <span class='ocrx_word' id='word_1_315' title='bbox 852 4143 943 4209; x_wconf 89' lang='lat' dir='ltr'>enim</span> <span class='ocrx_word' id='word_1_316' title='bbox 958 4145 1062 4230; x_wconf 82' lang='lat' dir='ltr'>parri</span> <span class='ocrx_word' id='word_1_317' title='bbox 1081 4148 1204 4211; x_wconf 78' lang='lat' dir='ltr'>creditu</span> <span class='ocrx_word' id='word_1_318' title='bbox 1221 4146 1430 4210; x_wconf 84' lang='lat' dir='ltr'>aestimabit:</span> <span class='ocrx_word' id='word_1_319' title='bbox 1451 4143 1480 4208; x_wconf 90' lang='lat' dir='ltr'>si</span> <span class='ocrx_word' id='word_1_320' title='bbox 1501 4141 1696 4206; x_wconf 83' lang='lat' dir='ltr'>inuerecun-</span> 
     </span>
     <span class='ocr_line' id='line_1_38' title="bbox 383 4234 1695 4322; baseline 0.003 -24"><span class='ocrx_word' id='word_1_321' title='bbox 383 4235 468 4299; x_wconf 83' lang='lat' dir='ltr'>dum</span> <span class='ocrx_word' id='word_1_322' title='bbox 486 4237 663 4321; x_wconf 81' lang='lat' dir='ltr'>ingenium</span> <span class='ocrx_word' id='word_1_323' title='bbox 679 4238 787 4302; x_wconf 82' lang='lat' dir='ltr'>animi</span> <span class='ocrx_word' id='word_1_324' title='bbox 798 4239 978 4322; x_wconf 83' lang='lat' dir='ltr'>possidet,</span> <span class='ocrx_word' id='word_1_325' title='bbox 1000 4251 1116 4304; x_wconf 84' lang='lat' dir='ltr'>tamen</span> <span class='ocrx_word' id='word_1_326' title='bbox 1128 4262 1285 4322; x_wconf 84' lang='lat' dir='ltr'>accuses,·</span> <span class='ocrx_word' id='word_1_327' title='bbox 1306 4262 1375 4304; x_wconf 91' lang='lat' dir='ltr'>non</span> <span class='ocrx_word' id='word_1_328' title='bbox 1389 4239 1478 4302; x_wconf 89' lang='lat' dir='ltr'>enim</span> <span class='ocrx_word' id='word_1_329' title='bbox 1490 4234 1617 4318; x_wconf 75' lang='lat' dir='ltr'>probus</span> <span class='ocrx_word' id='word_1_330' title='bbox 1631 4244 1695 4296; x_wconf 77' lang='lat' dir='ltr'>etl·</span> 
     </span>
     <span class='ocr_line' id='line_1_39' title="bbox 383 4327 1698 4418; baseline -0.006 -22"><span class='ocrx_word' id='word_1_331' title='bbox 383 4329 530 4396; x_wconf 79' lang='lat' dir='ltr'>Alterius</span> <span class='ocrx_word' id='word_1_332' title='bbox 549 4341 652 4395; x_wconf 71' lang='lat' dir='ltr'>sertem</span> <span class='ocrx_word' id='word_1_333' title='bbox 671 4331 770 4415; x_wconf 87' lang='lat' dir='ltr'>partis</span> <span class='ocrx_word' id='word_1_334' title='bbox 790 4331 1000 4398; x_wconf 84' lang='lat' dir='ltr'>infirmatione</span> <span class='ocrx_word' id='word_1_335' title='bbox 1024 4334 1268 4417; x_wconf 89' lang='lat' dir='ltr'>reprehenditur</span> <span class='ocrx_word' id='word_1_336' title='bbox 1292 4333 1473 4418; x_wconf 85' lang='lat' dir='ltr'>complexio</span> <span class='ocrx_word' id='word_1_337' title='bbox 1493 4327 1556 4392; x_wconf 85' lang='lat' dir='ltr'>ita:</span> <span class='ocrx_word' id='word_1_338' title='bbox 1580 4347 1698 4390; x_wconf 80' lang='lat' dir='ltr'>oerum</span> 
     </span>
    </p>
   </div>
   <div class='ocr_carea' id='block_1_5' title="bbox 454 4570 1696 4710">
    <p class='ocr_par' dir='ltr' id='par_1_8' title="bbox 454 4570 1696 4710">
     <span class='ocr_line' id='line_1_40' title="bbox 454 4570 1696 4642; baseline 0.01 -24"><span class='ocrx_word' id='word_1_339' title='bbox 454 4570 497 4618; x_wconf 79' lang='grc'>16.</span> <span class='ocrx_word' id='word_1_340' title='bbox 516 4574 552 4619; x_wconf 84' lang='grc' dir='ltr'>Ιιι</span> <span class='ocrx_word' id='word_1_341' title='bbox 569 4575 631 4620; x_wconf 82' lang='lat' dir='ltr'>cod.</span> <span class='ocrx_word' id='word_1_342' title='bbox 651 4575 676 4620; x_wconf 86' lang='lat' dir='ltr'>l.</span> <span class='ocrx_word' id='word_1_343' title='bbox 696 4589 783 4633; x_wconf 76' lang='lat' dir='ltr'>masa:</span> <span class='ocrx_word' id='word_1_344' title='bbox 803 4575 829 4624; x_wconf 78' lang='lat'>2.</span> <span class='ocrx_word' id='word_1_345' title='bbox 853 4577 991 4625; x_wconf 72' lang='lat' dir='ltr'>eddentar.</span> <span class='ocrx_word' id='word_1_346' title='bbox 1026 4579 1073 4626; x_wconf 69' lang='lat' dir='ltr'>ded</span> <span class='ocrx_word' id='word_1_347' title='bbox 1099 4581 1141 4627; x_wconf 88' lang='lat' dir='ltr'>iila</span> <span class='ocrx_word' id='word_1_348' title='bbox 1170 4583 1238 4638; x_wconf 74' lang='lat' dir='ltr'>prior</span> <span class='ocrx_word' id='word_1_349' title='bbox 1264 4582 1386 4628; x_wconf 76' lang='lat' dir='ltr'>retinenda</span> <span class='ocrx_word' id='word_1_350' title='bbox 1404 4588 1441 4628; x_wconf 91' lang='lat' dir='ltr'>ast</span> <span class='ocrx_word' id='word_1_351' title='bbox 1461 4587 1586 4632; x_wconf 80' lang='lat' dir='ltr'>serissima</span> <span class='ocrx_word' id='word_1_352' title='bbox 1606 4587 1696 4642; x_wconf 83' lang='lat' dir='ltr'>lertio,</span> 
     </span>
     <span class='ocr_line' id='line_1_41' title="bbox 522 4646 1692 4710; baseline 0.01 -22"><span class='ocrx_word' id='word_1_353' title='bbox 522 4649 605 4689; x_wconf 84' lang='grc' dir='ltr'>ιοιιιι</span> <span class='ocrx_word' id='word_1_354' title='bbox 631 4646 771 4694; x_wconf 87' lang='lat' dir='ltr'>eritirorarn</span> <span class='ocrx_word' id='word_1_355' title='bbox 790 4649 948 4696; x_wconf 76' lang='lat' dir='ltr'>dubitationes</span> <span class='ocrx_word' id='word_1_356' title='bbox 974 4653 1036 4706; x_wconf 80' lang='lat' dir='ltr'>apes</span> <span class='ocrx_word' id='word_1_357' title='bbox 1058 4651 1110 4696; x_wconf 83' lang='lat' dir='ltr'>Cis.</span> <span class='ocrx_word' id='word_1_358' title='bbox 1134 4653 1151 4698; x_wconf 90' lang='grc' dir='ltr'>Ι.</span> <span class='ocrx_word' id='word_1_359' title='bbox 1172 4665 1195 4698; x_wconf 86' lang='grc' dir='ltr'>ι.</span> <span class='ocrx_word' id='word_1_360' title='bbox 1218 4653 1279 4698; x_wconf 77' lang='lat' dir='ltr'>Mar.</span> <span class='ocrx_word' id='word_1_361' title='bbox 1316 4652 1392 4700; x_wconf 89' lang='grc' dir='ltr'>Οιιιιιι</span> <span class='ocrx_word' id='word_1_362' title='bbox 1416 4653 1512 4700; x_wconf 79' lang='lat' dir='ltr'>tettan</span> <span class='ocrx_word' id='word_1_363' title='bbox 1532 4670 1562 4702; x_wconf 92' lang='lat' dir='ltr'>ao</span> <span class='ocrx_word' id='word_1_364' title='bbox 1583 4658 1692 4710; x_wconf 81' lang='lat' dir='ltr'>sotnitnr,</span> 
     </span>
    </p>
   </div>
   <div class='ocr_carea' id='block_1_6' title="bbox 520 4715 1697 4851">
    <p class='ocr_par' dir='ltr' id='par_1_9' title="bbox 520 4715 1697 4851">
     <span class='ocr_line' id='line_1_42' title="bbox 522 4715 1697 4776; baseline 0.011 -19"><span class='ocrx_word' id='word_1_365' title='bbox 522 4716 585 4771; x_wconf 76' lang='lat' dir='ltr'>qaod</span> <span class='ocrx_word' id='word_1_366' title='bbox 602 4718 662 4770; x_wconf 76' lang='lat' dir='ltr'>apud</span> <span class='ocrx_word' id='word_1_367' title='bbox 681 4715 733 4761; x_wconf 82' lang='lat' dir='ltr'>cie.</span> <span class='ocrx_word' id='word_1_368' title='bbox 754 4719 770 4762; x_wconf 89' lang='lat' dir='ltr'>t.</span> <span class='ocrx_word' id='word_1_369' title='bbox 790 4733 812 4764; x_wconf 77' lang='lat' dir='ltr'>e.</span> <span class='ocrx_word' id='word_1_370' title='bbox 849 4717 910 4766; x_wconf 74' lang='lat' dir='ltr'>Ces.</span> <span class='ocrx_word' id='word_1_371' title='bbox 926 4721 1011 4764; x_wconf 73' lang='lat' dir='ltr'>Turis.</span> <span class='ocrx_word' id='word_1_372' title='bbox 1031 4723 1135 4776; x_wconf 84' lang='lat' dir='ltr'>optimus</span> <span class='ocrx_word' id='word_1_373' title='bbox 1153 4721 1223 4766; x_wconf 86' lang='lat' dir='ltr'>habat</span> <span class='ocrx_word' id='word_1_374' title='bbox 1240 4721 1358 4770; x_wconf 73' lang='lat' dir='ltr'>sinetur.</span> <span class='ocrx_word' id='word_1_375' title='bbox 1394 4723 1525 4771; x_wconf 74' lang='lat' dir='ltr'>Adlers&#39;sra</span> <span class='ocrx_word' id='word_1_376' title='bbox 1546 4726 1643 4772; x_wconf 80' lang='lat' dir='ltr'>nerhnnn</span> <span class='ocrx_word' id='word_1_377' title='bbox 1661 4731 1697 4772; x_wconf 91' lang='lat' dir='ltr'>est</span> 
     </span>
     <span class='ocr_line' id='line_1_43' title="bbox 520 4782 1301 4851; baseline 0.014 -23"><span class='ocrx_word' id='word_1_378' title='bbox 520 4782 660 4830; x_wconf 75' lang='grc' dir='ltr'>ιιιιιιιιιιι.</span> <span class='ocrx_word' id='word_1_379' title='bbox 679 4784 727 4831; x_wconf 71' lang='lat' dir='ltr'>on.</span> <span class='ocrx_word' id='word_1_380' title='bbox 764 4784 807 4833; x_wconf 75' lang='grc'>35.</span> <span class='ocrx_word' id='word_1_381' title='bbox 825 4787 888 4834; x_wconf 74' lang='grc' dir='ltr'>ῑιι.</span> <span class='ocrx_word' id='word_1_382' title='bbox 906 4795 934 4834; x_wconf 87' lang='grc' dir='ltr'>ιιι</span> <span class='ocrx_word' id='word_1_383' title='bbox 951 4803 1030 4851; x_wconf 79' lang='lat' dir='ltr'>aegas</span> <span class='ocrx_word' id='word_1_384' title='bbox 1042 4803 1099 4837; x_wconf 89' lang='grc' dir='ltr'>ιιιι</span> <span class='ocrx_word' id='word_1_385' title='bbox 1118 4789 1301 4839; x_wconf 72' lang='lat' dir='ltr'>sesecundum.</span> 
     </span>
    </p>
   </div>
   <div class='ocr_carea' id='block_1_7' title="bbox 380 4920 1095 5214">
    <p class='ocr_par' dir='ltr' id='par_1_10' title="bbox 380 4920 1095 5214">
     <span class='ocr_line' id='line_1_44' title="bbox 480 4920 879 4983; baseline 0.005 -5"><span class='ocrx_word' id='word_1_386' title='bbox 480 4927 508 4978; x_wconf 87' lang='lat'>7.</span> <span class='ocrx_word' id='word_1_387' title='bbox 527 4921 590 4978; x_wconf 81' lang='lat' dir='ltr'>Cle.</span> <span class='ocrx_word' id='word_1_388' title='bbox 609 4920 642 4976; x_wconf 90' lang='lat' dir='ltr'>de</span> <span class='ocrx_word' id='word_1_389' title='bbox 662 4924 770 4978; x_wconf 85' lang='grc' dir='ltr'>Ιιιιιιιι.</span> <span class='ocrx_word' id='word_1_390' title='bbox 789 4926 811 4979; x_wconf 91' lang='lat' dir='ltr'>l.</span> <span class='ocrx_word' id='word_1_391' title='bbox 830 4927 879 4983; x_wconf 80' lang='lat' dir='ltr'>ll.</span> 
     </span>
     <span class='ocr_line' id='line_1_45' title="bbox 463 4997 878 5057; baseline 0.022 -9"><span class='ocrx_word' id='word_1_392' title='bbox 463 4997 640 5054; x_wconf 78' lang='lat' dir='ltr'>15.Cic.de</span> <span class='ocrx_word' id='word_1_393' title='bbox 661 4999 767 5053; x_wconf 75' lang='lat' dir='ltr'>invent.</span> <span class='ocrx_word' id='word_1_394' title='bbox 787 5001 811 5056; x_wconf 88' lang='lat' dir='ltr'>l.</span> <span class='ocrx_word' id='word_1_395' title='bbox 832 4999 878 5057; x_wconf 80' lang='lat' dir='ltr'>l2.</span> 
     </span>
     <span class='ocr_line' id='line_1_46' title="bbox 380 5065 733 5144; baseline 0.011 -19"><span class='ocrx_word' id='word_1_396' title='bbox 380 5065 392 5092; x_wconf 75' lang='lat'>⁸</span> <span class='ocrx_word' id='word_1_397' title='bbox 460 5075 506 5126; x_wconf 86' lang='lat'>27.</span> <span class='ocrx_word' id='word_1_398' title='bbox 525 5071 585 5126; x_wconf 85' lang='lat' dir='ltr'>Cir.</span> <span class='ocrx_word' id='word_1_399' title='bbox 605 5089 667 5144; x_wconf 89' lang='lat' dir='ltr'>cap.</span> <span class='ocrx_word' id='word_1_400' title='bbox 686 5078 733 5133; x_wconf 73' lang='lat' dir='ltr'>li.</span> 
     </span>
     <span class='ocr_line' id='line_1_47' title="bbox 460 5145 1095 5214; baseline 0.016 -15"><span class='ocrx_word' id='word_1_401' title='bbox 460 5151 507 5208; x_wconf 74' lang='lat'>33.</span> <span class='ocrx_word' id='word_1_402' title='bbox 526 5145 584 5202; x_wconf 77' lang='lat' dir='ltr'>cu.</span> <span class='ocrx_word' id='word_1_403' title='bbox 604 5150 707 5205; x_wconf 77' lang='lat' dir='ltr'>liberor</span> <span class='ocrx_word' id='word_1_404' title='bbox 726 5147 761 5204; x_wconf 90' lang='lat' dir='ltr'>ad</span> <span class='ocrx_word' id='word_1_405' title='bbox 780 5151 896 5208; x_wconf 89' lang='lat' dir='ltr'>llerenn.</span> <span class='ocrx_word' id='word_1_406' title='bbox 918 5152 956 5208; x_wconf 88' lang='lat'>11.</span> <span class='ocrx_word' id='word_1_407' title='bbox 977 5157 1021 5214; x_wconf 79' lang='lat'>26.</span> <span class='ocrx_word' id='word_1_408' title='bbox 1041 5155 1095 5210; x_wconf 84' lang='lat' dir='ltr'>On.</span> 
     </span>
    </p>
   </div>
   <div class='ocr_carea' id='block_1_8' title="bbox 0 0 2222 5958">
    <p class='ocr_par' dir='ltr' id='par_1_11' title="bbox 0 0 2222 5958">
     <span class='ocr_line' id='line_1_48' title="bbox 0 0 2222 5958; baseline 0 0"><span class='ocrx_word' id='word_1_409' title='bbox 0 0 2222 5958; x_wconf 95' lang='lat' dir='ltr'> </span> 
     </span>
    </p>
   </div>
  </div>
 </body>
</html>
