4434 5959
768 613 819 678 IN
841 611 1065 679 SOMNIUM
1087 609 1336 679 SCIPIONIS.
1649 611 1708 674 lli

397 1879 445 1945 At
464 1875 538 1963 quia
560 1897 627 1943 non
646 1885 797 1958 quattuor
821 1873 970 1952 circulis,
1008 1876 1066 1939 sed
1088 1885 1184 1952 octo,
1218 1885 1253 1940 nt
1274 1875 1421 1944 traditum
1447 1891 1514 1959 est,
1551 1877 1713 1945 harmonia

397 1973 554 2037 mundana
574 1980 740 2054 compacta
761 1979 827 2046 est,
850 1988 914 2034 non
932 1963 990 2034 διὰ
1010 1968 1145 2048 πασῶν,
1165 1969 1222 2033 sed
1244 1969 1294 2048 st,
1308 1966 1365 2038 ded
1391 1973 1505 2040 πασῶν
1524 1971 1713 2056 symphonia

397 2063 587 2140 concinunt,
624 2085 667 2128 ex
687 2064 812 2127 duobus
831 2060 919 2125 velut
939 2060 1152 2126 tetrachordis
1174 2059 1257 2126 inter
1278 2083 1313 2128 se
1332 2067 1538 2144 co‘e'untibns,
1577 2086 1712 2150 qnorum

396 2159 564 2224 intervalla
587 2157 786 2224 doctissimus
817 2155 871 2219 ille
896 2155 1101 2240 Pythagoras
1125 2156 1281 2220 ostendit:
1315 2157 1407 2242 quia
1436 2170 1520 2224 terra
1545 2181 1645 2245 usque
1673 2160 1714 2222 ad

395 2253 483 2316 illnm
505 2251 677 2328 verticem,
700 2248 757 2334 qui
771 2247 886 2312 dicitur
906 2243 1071 2328 ἀπλανὴς,
1094 2247 1257 2311 duodecim
1277 2244 1450 2337 ἡμιοιονία
1465 2267 1575 2337 patere
1590 2251 1738 2339 cogno-⁵

396 2347 465 2410 vit:
488 2366 624 2429 quornm
646 2343 761 2409 divisio
783 2344 824 2406 ad
845 2339 932 2424 dupli
954 2341 1111 2406 convenit
1131 2339 1308 2422 rationem,
1328 2344 1357 2408 si
1381 2359 1457 2413 octo
1484 2350 1524 2410 ad
1545 2359 1714 2432 qrraterna·

395 2439 476 2503 rium
495 2460 659 2503 nnmerum
680 2438 803 2502 referre
821 2434 977 2501 volueris.
1020 2437 1167 2521 Namque
1190 2435 1233 2498 ait
1250 2455 1267 2500 a
1288 2438 1390 2503 Terra
1413 2443 1453 2504 ad
1473 2441 1596 2505 Lnnam
1618 2435 1715 2506 τόνον

396 2555 486 2609 csse,
520 2553 538 2596 a
566 2533 661 2596 Luna
684 2533 723 2596 ad
751 2529 910 2595 Mercurii
938 2529 1090 2593 circulum
1112 2527 1326 2606 hemitonion,
1360 2532 1495 2616 indeque
1516 2537 1554 2598 ad
1574 2533 1714 2599 Veneris

397 2626 614 2702 hemitonion,
649 2647 667 2690 a
698 2645 765 2710 quo
796 2627 836 2688 ad
865 2623 972 2689 Solem
995 2621 1056 2685 tria
1077 2620 1266 2698 hemitonia;
1296 2624 1420 2690 aSolis
1442 2637 1545 2692 autem
1566 2631 1646 2694 orbe
1675 2629 1715 2691 ad

396 2718 550 2786 circulum
573 2719 728 2790 Martium
755 2730 855 2784 tonon
880 2737 967 2794 esse,
1001 2734 1105 2800 aquo
1127 2717 1169 2778 ad
1187 2715 1301 2780 Iovem
1326 2716 1541 2796 hemitonion,
1580 2721 1714 2808 indeque
1726 2721 1757 2772 ¹⁰

398 2816 438 2878 ad
459 2813 586 2879 Saturni
609 2811 823 2890 hemitonion,
860 2831 878 2874 a
907 2830 973 2893 qno
1004 2811 1043 2872 ad
1065 2806 1259 2894 Signiferum
1281 2807 1431 2876 circulum
1454 2812 1596 2880 similiter
1615 2815 1715 2880 hemi·

398 2907 532 2972 tonions
554 2908 597 2971 ita
618 2907 709 2981 lieri,
745 2917 779 2969 ut
803 2927 861 2970 sex
882 2901 968 2969 tonis
995 2901 1116 2966 caelum
1139 2901 1271 2967 distata
1298 2914 1400 2984 terra,
1437 2907 1602 2972 duodecim
1630 2907 1716 2972 scili·

399 3012 450 3064 cet
471 2998 670 3076 hemitoniis,
703 2996 836 3081 fierique
859 2996 907 3062 bis
929 2995 1062 3060 traditae
1089 2993 1307 3078 symphonias.
1357 3000 1504 3084 Namque
1525 3021 1542 3065 a
1569 3011 1654 3066 terra
1676 3003 1716 3066 ad

397 3091 477 3158 solis
506 3091 659 3157 circulum
691 3091 888 3156 diatessaron
919 3092 1034 3155 reboat
1053 3089 1260 3174 symphoniae
1297 3092 1413 3158 asolis
1436 3115 1516 3159 vero
1545 3096 1586 3158 ad
1606 3092 1716 3158 nodia·

399 3206 471 3248 cum
489 3183 646 3266 diapente.
690 3184 811 3248 Totum
832 3195 936 3248 autem
957 3185 1132 3265 diapason,
1161 3205 1243 3268 quae
1270 3205 1311 3248 ex
1332 3186 1457 3251 duobus
1484 3186 1593 3271 primis
1616 3190 1759 3270 aequest

398 3280 463 3343 dno
491 3287 565 3340 snnt
596 3274 846 3361 hemisphaeria,
884 3277 1030 3360 superius
1065 3289 1097 3341 ct
1128 3277 1281 3355 inferius,
1319 3289 1351 3344 et
1382 3279 1584 3364 disdiapason
1615 3279 1715 3345 totins

397 3370 504 3434 mnndi
525 3369 647 3436 sonitus
669 3369 827 3449 concinit,
844 3392 955 3442 axae.
978 3369 1126 3436 videlieet
1154 3369 1359 3436 hemitoniisa
1393 3393 1474 3456 quiae
1495 3374 1572 3438 licet
1594 3376 1635 3438 ad
1657 3376 1716 3438 du·

396 3466 482 3549 plum
503 3486 615 3530 rursus
646 3464 797 3548 accipias.
848 3467 931 3530 Nam
960 3476 995 3528 ut
1016 3476 1092 3529 octo
1114 3484 1132 3527 a
1153 3465 1356 3548 quaternario
1380 3465 1477 3549 duplo
1500 3466 1634 3545 distant,
1668 3465 1715 3530 sic

396 3579 490 3622 xxiv.
513 3559 554 3622 ab
576 3570 666 3625 octo.
725 3559 855 3624 Habent
887 3559 969 3624 enim
991 3559 1119 3624 eosdem
1141 3556 1173 3621 in
1194 3579 1229 3622 se
1253 3569 1285 3622 et
1307 3557 1385 3624 alios
1416 3560 1547 3626 totidem
1574 3559 1716 3642 duplica·

398 3661 472 3727 tos,
496 3672 578 3734 quiae
599 3651 685 3734 dupli
706 3663 818 3717 natura
840 3664 902 3718 est.
946 3652 1001 3717 Sic
1022 3673 1104 3736 ergo
1126 3665 1319 3735 pontonos,
1343 3651 1397 3739 qni
1421 3656 1570 3742 epogdoa
1592 3653 1782 3724 rationem,

400 3743 571 3809 consertirn
602 3743 792 3830 vinctimqne
827 3747 1018 3824 miscentur,
1050 3745 1190 3810 efficitur
1219 3767 1378 3812 consonae
1405 3747 1546 3834 iugitatis
1568 3747 1717 3812 continua

399 3835 592 3913 modulatio,
614 3858 735 3922 quom,
768 3849 803 3902 ut
824 3839 869 3904 ait
890 3839 1028 3916 Cicero,
1058 3839 1186 3904 imitati
1206 3841 1299 3905 docti
1320 3853 1353 3905 et
1373 3842 1546 3924 sopientes
1573 3861 1717 3924 operase·

398 3943 482 3994 nuit
501 3930 568 3995 sibi
588 3931 739 3996 reditum
759 3931 795 3996 in
815 3936 968 4011 coelum,
1007 3935 1094 4018 qnod
1124 3943 1157 3997 et
1185 3933 1301 3998 miraica
1335 3933 1499 4017 disciplina
1520 3933 1618 3998 iaciat
1637 3953 1717 4016 pur·

400 4035 496 4108 gatos
531 4027 655 4091 animos
682 4026 755 4090 labe
783 4046 964 4110 corporea,
998 4037 1031 4089 et
1058 4023 1238 4108 imperiosis
1267 4025 1447 4108 pateat,via
1470 4025 1661 4090 carminibus
1682 4023 1716 4090 in

399 4137 498 4200 usque
529 4117 636 4196 illum,
675 4119 729 4202 qni
756 4119 872 4186 dicitur
900 4119 1077 4205 γαλαξίας,
1115 4118 1286 4182 animarum
1316 4123 1409 4186 beata
1437 4122 1507 4186 luce
1528 4121 1760 4206 fulgentanus

399 4211 512 4276 Verba
542 4231 624 4297 ergo
658 4211 825 4279 Ciceronis
856 4215 996 4278 attende.
1054 4209 1191 4277 Dixerat
1211 4211 1383 4278 Africanus
1397 4233 1426 4277 s·
1444 4213 1532 4297 Quis
1552 4225 1620 4289 est,
1657 4213 1717 4299 pm·

398 4304 516 4388 implet
536 4325 641 4372 nsum
661 4329 774 4385 mons,
810 4309 943 4375 sonus?
978 4305 1118 4374 Mirifice
1141 4307 1271 4390 implet.
1323 4306 1406 4388 Quid
1428 4307 1508 4370 enim
1531 4327 1571 4372 eo
1593 4306 1715 4390 plenius

398 4411 452 4462 ant
473 4397 624 4484 grandius
658 4399 869 4486 cogitaveris,
907 4403 961 4489 qui
988 4403 1127 4466 auditum
1150 4412 1294 4467 nostrum
1323 4399 1418 4467 nimio
1440 4421 1522 4466 sono
1545 4399 1634 4465 vocis
1656 4401 1717 4465 ob·

396 4494 519 4570 tundit,
541 4503 573 4557 et
595 4494 707 4559 oculos
736 4496 836 4562 rnulto
858 4497 975 4562 lumine
996 4494 1169 4582 caligantes
1198 4493 1267 4578 ipsa
1297 4491 1345 4558 sui
1373 4491 1547 4558 substantia
1569 4489 1717 4557 cernendi

396 4585 558 4652 nimietate
581 4586 748 4652 debilitet?
771 4590 834 4656 Cui
854 4610 1043 4673 responsum
1064 4599 1134 4653 esta
1172 4587 1239 4654 Hie
1260 4598 1330 4662 est,
1353 4587 1413 4674 qui
1433 4586 1624 4652 intercedis
1645 4585 1716 4650 dis·
1727 4593 1760 4646 st

395 4679 534 4746 iunctus
561 4680 765 4766 imparibus.
825 4685 917 4766 Quae
949 4695 1022 4748 sunt
1045 4679 1238 4747 intervalla?
1274 4681 1382 4762 erae,
1421 4692 1454 4744 nt
1476 4679 1560 4757 dixi,
1599 4677 1718 4746 Graeci

395 4771 607 4861 διαστήματα
629 4776 892 4856 nominaverunt,
915 4799 980 4847 non
1001 4777 1167 4853 locorum,
1190 4777 1246 4840 sed
1267 4795 1471 4840 numerorum
1491 4772 1612 4858 spatia,
1636 4791 1717 4859 quae

395 4867 427 4930 io
450 4868 556 4936 metris
577 4891 671 4937 aures
692 4893 785 4938 sensu
808 4873 1001 4950 metiuntur,
1036 4871 1216 4956 disparibus
1237 4881 1364 4947 tamen,
1401 4871 1457 4935 sed
1484 4889 1550 4933 non
1571 4886 1717 4951 pugnan-

397 4960 501 5027 tibus:
544 4967 632 5049 quod
665 4965 727 5030 hac
764 4967 888 5033 ratione
924 4988 1052 5054 qnoque
1086 4965 1290 5050 probabitur.
1354 4964 1515 5048 Quattuor
1554 4957 1717 5045 posuimus

397 5075 557 5122 summas:

470 5209 499 5266 5.
517 5206 583 5282 neg.
600 5207 754 5288 ὴμτόνια.
774 5211 854 5268 serr.
893 5213 940 5271 15.
959 5213 1002 5266 dn
1019 5209 1133 5284 seqre?
1150 5209 1235 5266 Bere.
