4434 5959
877 619 986 688 CAP.
1007 621 1055 688 Χ.
1075 621 1143 688 xl.
1610 626 1672 692 238

359 779 419 824 nas
439 779 550 826 eornm
571 759 671 835 dare,
693 781 774 846 quae
794 761 848 826 blc
866 761 1083 838 commiserit:
1124 771 1157 826 et
1177 761 1269 840 ideo,
1301 785 1396 850 mum
1417 767 1480 830 hoc
1502 765 1602 850 ipsum
1625 767 1673 832 in·

359 865 483 918 certum
503 853 563 929 sit,
586 875 626 916 an
646 866 735 918 recte
756 855 947 932 vixerimus,
978 856 1147 920 timendum
1168 877 1256 932 esse,
1280 879 1319 920 ne
1340 879 1418 942 quas
1438 882 1557 941 poenas
1578 859 1674 924 susti·

360 969 506 1011 neamns.
548 947 596 1010 a:
616 967 697 1012 rero
719 960 832 1013 orator
851 949 930 1012 nihil
950 949 1065 1015 hornam
1085 948 1146 1012 sibi
1167 952 1364 1031 probandum
1378 964 1484 1036 putat,
1509 955 1568 1017 nisi
1584 955 1672 1018 forte

359 1043 442 1106 baec
462 1041 530 1124 ipsa
546 1042 730 1124 pompatice
750 1043 881 1126 sueqm
902 1043 990 1107 volet
1010 1041 1075 1106 alio
1095 1044 1193 1107 modo
1215 1053 1247 1106 et
1266 1039 1326 1106 alis
1344 1043 1481 1109 ratione.
1511 1047 1674 1128 Locuples

357 1134 442 1199 enim
463 1147 495 1199 et
515 1137 660 1218 speciosa
681 1137 751 1200 vult
774 1158 845 1201 esse
865 1133 1066 1220 eloquentia,
1100 1137 1187 1218 quod
1208 1155 1271 1198 non
1293 1149 1460 1221 sequetur,
1492 1139 1519 1201 si
1544 1141 1699 1205 conclu-⁵

359 1227 505 1292 sionibus
532 1228 629 1292 certis
659 1239 692 1292 et
720 1229 843 1294 crebris
871 1240 904 1292 et
930 1229 962 1292 in
989 1249 1081 1292 unam
1105 1249 1209 1311 prope
1229 1229 1363 1294 formam
1385 1230 1566 1296 cadentibus
1588 1254 1668 1298 con·

358 1342 471 1400 cessa,
499 1341 541 1384 ex
560 1320 654 1403 eopia
675 1322 847 1387 satiemem
870 1334 965 1386 etex
989 1320 1189 1385 similitudine
1209 1321 1366 1385 fastidium
1385 1324 1537 1389 attulerit.
1588 1327 1674 1391 Pro.-

358 1413 522 1479 bationem
552 1426 656 1478 autem
687 1436 730 1479 ex
750 1415 900 1499 proximo
930 1426 1038 1497 petet:
1069 1426 1122 1490 ut,
1156 1437 1273 1479 onmes
1298 1415 1450 1480 homines
1477 1428 1538 1480 aut
1561 1419 1673 1482 maior

357 1529 446 1591 pars
470 1508 653 1571 hominum
681 1522 826 1573 mortem
844 1509 981 1585 timent,
1004 1507 1097 1592 quad
1115 1507 1172 1571 rui
1199 1510 1340 1592 turgeant
1364 1531 1445 1583 eos,
1467 1511 1526 1593 qui
1546 1512 1675 1574 mortui

358 1621 381 1664 s
393 1611 445 1662 mr
453 1644 465 1677 ,
484 1601 578 1685 quod
589 1601 737 1665 caritasri
746 1603 816 1666 siut
828 1602 1071 1685 nolrsptutihus.
1114 1603 1174 1666 Est
1190 1603 1271 1664 enim
1286 1601 1331 1664 illi
1350 1601 1455 1666 oratio
1476 1606 1559 1686 apud
1573 1605 1673 1668 homi·
1685 1607 1716 1657 tu

361 1712 439 1768 nes,
469 1691 526 1777 qui
545 1715 610 1757 non
641 1695 805 1760 recondita
834 1694 1079 1778 disputationum
1100 1696 1294 1775 subtilitate,
1325 1699 1381 1762 sed
1401 1697 1559 1762 communi
1579 1717 1674 1761 sensu

361 1784 512 1850 universa
531 1786 724 1871 percipiant.

731 1929 797 1996 xt.
830 1929 893 1995 DE
915 1925 1292 1995 EPICHIREMATE.

447 2045 492 2112 Et
512 2048 658 2132 quoniam
690 2049 844 2127 diximus,
878 2049 954 2136 quid
985 2051 1110 2114 differat
1130 2050 1333 2136 syllogismus
1358 2053 1398 2115 ab
1420 2054 1670 2134 enthymemate,
1697 2111 1702 2122 .

361 2159 429 2202 non
456 2140 589 2208 alienum
618 2145 682 2208 boc
716 2144 791 2208 loco
822 2144 946 2208 ridetur
973 2156 1006 2208 et
1034 2146 1074 2207 dn
1110 2144 1335 2225 epichiremate
1365 2145 1490 2222 dicere:
1527 2147 1672 2228 quoniam
1686 2159 1715 2210 ts

362 2253 517 2313 quaerere
536 2237 662 2320 quidam
689 2238 793 2302 solent
820 2238 895 2321 quid
918 2237 1002 2301 inter
1028 2237 1217 2319 epichirema
1251 2250 1286 2300 et
1316 2241 1511 2320 enthymema
1538 2239 1673 2303 intersit.
1759 2287 1765 2300 .

361 2327 425 2390 Est
445 2339 550 2393 autem
577 2331 700 2394 dialora
722 2341 889 2418 utrumqne
908 2341 942 2395 et
965 2330 998 2395 ui
1024 2341 1057 2394 et
1076 2329 1249 2394 substantia
1280 2330 1372 2394 idem.
1418 2333 1501 2412 Quid
1525 2354 1605 2416 ergo
1626 2332 1675 2395 in.-

361 2420 488 2484 terest?
520 2421 619 2502 Quod
638 2427 832 2504 enthymema
849 2422 1034 2504 correptior
1054 2424 1223 2505 probatio,
1247 2424 1433 2505 epichirema
1457 2438 1558 2488 autem
1580 2447 1675 2488 exse·

362 2513 450 2578 cutio
471 2517 707 2596 enthymematis
727 2517 782 2582 sit.
826 2516 923 2597 Qraod
944 2518 1038 2593 dico,
1062 2518 1125 2580 tale
1144 2527 1205 2582 cst.
1250 2519 1353 2598 Qararm
1376 2531 1485 2600 partes
1501 2521 1581 2595 hae,
1604 2517 1675 2604 qui·
1699 2553 1707 2572 κ

362 2606 426 2670 bus
447 2609 609 2694 colligitur
630 2611 771 2694 aliquid,
807 2610 850 2674 ita
872 2611 1055 2692 probabiles
1077 2610 1156 2687 sint,
1185 2621 1219 2674 ut
1241 2611 1358 2674 nullum
1381 2625 1544 2694 praeterea
1567 2613 1717 2677 firma-tt

365 2712 505 2764 mentum
527 2704 723 2780 desiderent,
747 2706 943 2786 euthymema
964 2704 1024 2767 erit
1046 2705 1160 2766 nudum
1182 2715 1214 2766 et
1236 2705 1385 2778 viduum,
1409 2706 1499 2789 quale
1522 2717 1568 2768 est
1591 2706 1672 2768 hac:

364 2793 398 2856 si
419 2817 500 2859 vero
521 2799 661 2864 creditis
681 2821 776 2874 eum,
799 2799 859 2884 qui
874 2799 971 2882 patra'
991 2819 1061 2861 nou
1081 2799 1299 2880 temperavit,
1328 2819 1395 2882 quo
1418 2797 1528 2860 minus
1554 2818 1676 2863 nraurts

366 2885 538 2978 inferret,
560 2891 683 2956 alienis
705 2904 988 2976 temperaturum.
1031 2893 1107 2955 Hoc
1129 2890 1201 2974 quia
1223 2891 1325 2953 statim
1350 2890 1514 2972 probabile
1537 2889 1674 2964 ridetur,

365 2982 484 3044 nullam
513 2985 783 3050 confirmationem
810 2985 983 3061 desiderat,
1016 2996 1048 3048 et
1068 2983 1284 3048 circumcisum
1307 2985 1502 3062 enthymema
1525 2993 1585 3046 est.
1629 2981 1706 3062 ht¹¹¹¹

366 3095 449 3140 vero
468 3075 534 3140 hoc
553 3079 675 3158 ipsum,
706 3079 779 3163 quia
801 3080 891 3166 quasi
911 3101 1024 3163 parum
1044 3077 1212 3160 probabile
1234 3078 1297 3142 hoc
1319 3079 1414 3142 :nodo
1435 3086 1596 3158 proponat
1618 3074 1674 3136 ali·
1686 3085 1718 3134 2⁵

366 3170 458 3251 quis,
489 3171 601 3236 deinde
633 3172 840 3258 exsequitur:
875 3173 908 3237 si
936 3173 1118 3237 ostendero
1142 3170 1248 3235 uldini
1271 3171 1315 3234 ab
1338 3171 1401 3234 hoe
1417 3172 1595 3252 putantum
1614 3189 1677 3249 pa·

364 3274 472 3335 trem.
507 3264 707 3329 derbitnhitis
727 3265 772 3328 ab
797 3287 839 3330 eo
860 3265 1023 3330 iniuriam
1044 3277 1214 3329 extraneo
1223 3262 1394 3353 sartam?
1434 3265 1516 3328 Non
1540 3261 1676 3343 opinor.

364 3354 491 3421 Deinde
520 3357 646 3444 longius
666 3371 900 3445 prosequatur:
936 3358 1073 3424 Etenim
1101 3355 1222 3432 multi,
1245 3355 1399 3442 quamuis
1419 3357 1613 3440 petrdantea
1641 3352 1678 3416 in

363 3451 498 3514 alienos
519 3464 648 3530 essent,
682 3453 757 3516 suis
783 3465 898 3518 tamen
926 3462 1222 3536 temperaverunt:
1255 3461 1293 3514 ut
1323 3470 1423 3524 uero,
1456 3447 1515 3533 qui
1539 3459 1678 3530 patrem

364 3563 436 3608 rrors
457 3565 563 3608 manu
580 3546 680 3623 dico,
702 3547 764 3609 sed
784 3550 880 3610 cuttu
899 3543 1136 3611 tantummodo
1156 3543 1278 3620 laesit,
1300 3543 1383 3628 quid
1403 3554 1476 3618 est,
1500 3543 1592 3626 quod
1610 3561 1676 3605 non
1688 3555 1720 3607 tt

365 3637 496 3700 madere
519 3639 658 3722 possit?
689 3641 801 3706 Credo
829 3639 1119 3705 existimationem
1142 3636 1371 3722 impudentiae
1394 3635 1582 3709 verebitur,
1620 3633 1679 3719 qui

365 3730 495 3796 crimen
516 3732 703 3814 impietatis
723 3734 896 3817 suscipere
916 3753 985 3797 nou
1006 3731 1193 3808 recusauit,
1216 3745 1278 3794 ura
1298 3733 1391 3814 teges
1412 3729 1601 3807 verebitur,
1620 3727 1679 3814 qui

361 3836 510 3910 parente
530 3827 675 3903 violato,
698 3847 768 3890 non
791 3829 905 3892 solum
925 3829 1093 3900 humana,
1117 3824 1351 3888 verumetiam
1369 3824 1484 3888 «livino
1504 3824 1584 3886 isara
1599 3844 1678 3904 per·

367 3917 520 3983 miscuit.
562 3920 607 3984 Et
628 3920 700 3985 licet
719 3920 751 3984 in
773 3931 923 4004 quantum
944 3919 992 3983 ris
1013 3918 1130 4002 aliquid
1151 3917 1301 4003 exsequi,
1326 3917 1434 3982 deinde
1457 3917 1519 3982 hoc
1539 3918 1678 3998 probato

368 4023 403 4074 et
429 4013 636 4090 confirmato,
673 4025 738 4077 tum
767 4015 890 4077 demtum
918 4011 1083 4095 imponere
1116 4011 1336 4093 enthymemati
1368 4007 1602 4074 conclusionem
1635 4005 1720 4073 itata

367 4103 504 4168 deinde:
540 4127 644 4190 quum
668 4107 712 4170 nb
732 4109 796 4171 hoc
808 4109 984 4202 prdsatum
1002 4117 1140 4189 patrem
1159 4116 1307 4182 constet,
1337 4103 1381 4168 nh
1399 4125 1440 4166 ea
1464 4123 1533 4166 nors
1555 4099 1680 4164 uidebi-

307 4205 312 4212 ’
367 4207 430 4261 tur
456 4198 588 4283 aliquid
614 4199 780 4264 iniuriose
803 4200 898 4264 eirea
929 4199 1099 4263 homiuem
1126 4198 1277 4261 alienum
1313 4208 1347 4260 et
1376 4207 1582 4260 extraneum
1606 4215 1679 4256 esse

366 4291 613 4356 commissum?
645 4294 691 4358 Et
713 4291 857 4369 omnine,
888 4291 961 4376 quia
982 4300 1031 4354 est
1056 4291 1231 4373 tripertita,
1266 4310 1346 4373 quae
1368 4300 1416 4352 est
1437 4286 1559 4350 minima
1581 4287 1679 4351 colle-

368 4381 436 4447 ctio
458 4383 660 4470 syllogismis
698 4385 906 4469 proponimus
935 4382 1016 4449 enim
1037 4383 1090 4461 id,
1121 4386 1210 4468 quod
1231 4381 1444 4467 colligendum
1467 4392 1531 4457 est,
1566 4378 1678 4445 deinde

366 4477 604 4555 confirmamus,
627 4479 737 4543 deinde
748 4475 983 4544 concludimus:
1005 4477 1057 4542 illa
1068 4476 1278 4552 ratiocinatio,
1300 4495 1380 4560 quae
1395 4486 1443 4538 est
1457 4473 1538 4538 inter
1552 4495 1675 4558 propo·
1689 4487 1722 4540 tu

367 4569 514 4634 :itionem
536 4583 568 4634 et
582 4572 841 4649 conclusionem,
865 4573 1060 4652 enthymema
1080 4569 1207 4634 dicitur.
1267 4570 1532 4649 Enthymematon
1554 4578 1587 4630 et
1611 4565 1679 4650 epi-

367 4663 561 4728 chirematon
582 4666 706 4730 formae
727 4675 800 4730 sunt
822 4663 974 4750 quinque,
998 4663 1192 4740 elencticon,
1224 4661 1297 4728 item
1318 4661 1473 4737 dicticon,
1502 4661 1575 4726 item
1599 4682 1680 4746 gno·

370 4755 496 4832 micon,
531 4755 606 4820 item
638 4757 931 4842 paradigmaticon,
969 4759 1041 4822 item
1071 4755 1302 4843 syllogisticam
1357 4753 1565 4831 Elencticon‚
1595 4755 1681 4839 quod

457 4895 483 4946 l.
510 4899 546 4944 its
575 4899 635 4946 (ἑοὶ.
668 4915 713 4958 pra
736 4907 867 4961 eassqsstae.
911 4902 982 4956 (Bit.
1008 4901 1124 4960 meisa)
1145 4902 1236 4948 Castra
1261 4901 1377 4962 Virgilius
1401 4901 1462 4957 apud
1487 4901 1630 4946 Frontonem
1658 4901 1681 4945 is

508 4971 624 5026 exemplis
651 4973 813 5016 elocutionem
834 4983 882 5032 qus
904 4983 1054 5031 congessero
1070 4971 1197 5017 memus
1221 4985 1265 5029 pra
1282 4983 1437 5016 eaamsssrs.
1469 4969 1494 5016 9.
1508 4971 1567 5015 crs.
1587 4974 1682 5014 testreet.

511 5036 676 5100 17.diesora]
689 5041 724 5084 lta
736 5040 797 5084 eat.
835 5039 877 5084 21.
897 5041 958 5086 ces.
976 5039 1124 5086 tamarem.
1174 5039 1216 5088 25.
1245 5041 1305 5086 ess.
1329 5053 1444 5098 paresne.
1492 5037 1534 5084 tt.
1554 5039 1613 5084 eos.
1633 5037 1682 5082 das·

509 5107 604 5154 tueris·
642 5107 684 5156 3⁹.
703 5111 764 5154 Cet.
780 5109 958 5154 conclusimus.
1001 5107 1043 5155 tt.
1064 5111 1126 5156 ttae:
1144 5110 1257 5154 voeabula
1275 5109 1421 5166 inplicantur
1443 5111 1603 5166 exemptisque
1622 5111 1682 5153 talu·

513 5182 619 5224 strastsr
642 5181 667 5226 in
689 5181 815 5240 margins.
852 5179 1023 5236 ,illenettcsm
1044 5183 1068 5228 td
1087 5185 1133 5238 est,
1152 5179 1325 5236 eosrmribite,
1345 5184 1382 5226 est
1398 5180 1459 5238 qast
1475 5179 1575 5225 enitenti
1592 5185 1683 5224 ratione
