4434 5959
926 613 1032 688 CAP.
1055 613 1127 691 V„
1598 609 1657 680 tlt

354 753 478 818 manior
499 751 561 830 sit,
589 766 661 818 ntra
680 766 836 840 congruat
856 754 997 818 moribus
1018 749 1174 829 civitatis3
1203 751 1234 819 in
1255 751 1371 838 qrdlrus
1393 757 1431 818 de
1452 753 1555 820 animo
1579 754 1660 818 lato·

352 845 601 910 ris'coniectura
623 849 813 912 dominatur.
858 839 929 910 Hos
951 848 1040 912 locos
1062 848 1120 908 sub
1143 849 1289 928 exemplo
1312 849 1559 911 consideremus.
1592 848 1661 930 Qui

348 940 581 1023 perinvenerit
604 951 657 1004 ter
673 943 806 1024 plublice
829 941 935 1024 virgis
958 939 1150 1004 verberetur
1160 963 1173 1012 ,·
1200 943 1370 1004 conuictus
1389 943 1492 1004 semel
1513 939 1660 1022 periurii

347 1033 483 1116 petitur
508 1033 555 1097 od
577 1055 726 1116 poenam
753 1048 792 1099 ut
819 1035 1013 1100 verberetur
1019 1055 1032 1106 ,·
1060 1033 1320 1097 contr-odicium.
1364 1034 1396 1097 A
1418 1033 1658 1114 propositione,

351 1147 399 1188 ou
420 1126 622 1210 periurum,
651 1139 705 1192 ter·
725 1140 860 1193 censeat
879 1126 1137 1190 verberandum.
1180 1127 1234 1192 Ab
1264 1127 1486 1210 oppositione:
1515 1150 1560 1190 an
1582 1146 1686 1196 veros

353 1222 415 1283 lex
436 1233 488 1284 ter
505 1220 687 1302 periurum
716 1221 960 1286 verberandum
987 1219 1168 1287 censuerit.
1216 1221 1249 1284 A
1273 1220 1523 1302 comparatione:
1546 1233 1663 1282 utrum

353 1313 550 1388 lrouestius,
579 1327 697 1378 tetrum
712 1315 853 1392 isestius,
887 1328 1005 1379 utrum
1027 1312 1159 1397 tegibus
1181 1313 1443 1398 congruentius,
1473 1325 1590 1376 utrum
1609 1313 1662 1378 di·

353 1406 515 1492 seipliuoe
528 1409 664 1492 (aptitus,⁸
684 1408 794 1492 inquo
816 1407 893 1492 quid
912 1405 1063 1472 credibile
1082 1407 1125 1471 sit
1148 1406 1284 1472 voluisse
1307 1408 1438 1472 latorem
1460 1407 1613 1472 cernitur.

651 1591 683 1662 §.
708 1587 757 1651 11.
784 1585 847 1650 DE
869 1581 1177 1650 COLLECTIVO
1201 1584 1366 1648 STATU.
1453 1593 1456 1598 ⁴

441 1729 638 1797 Collectivus
660 1743 760 1795 status
779 1729 926 1795 dividitur
943 1730 1021 1794 locis
1043 1730 1112 1794 liis:
1136 1730 1351 1807 collectione,
1364 1731 1552 1816 quantitate,
1576 1752 1663 1794 com·
1675 1737 1706 1785 ¹⁰

353 1825 539 1908 paratione,
561 1826 722 1909 qualitate.
766 1825 861 1888 Nunc
881 1826 986 1888 locum
1008 1825 1066 1886 sub
1089 1824 1235 1907 exemplo
1264 1825 1511 1888 consideremus.
1553 1825 1663 1889 Adni-

354 1931 470 1983 ternm
487 1939 564 1981 eum
587 1919 747 1982 adultera
767 1919 867 1983 licent
888 1917 1058 1990 occidere,·
1079 1918 1202 1980 mulier
1221 1919 1383 1980 moritum
1405 1938 1482 1980 cum
1507 1917 1666 1980 adultera

355 2009 498 2082 meidu-
525 2012 639 2073 coedis
659 2032 722 2073 reo
742 2023 806 2074 est.
849 2012 905 2075 Ab
924 2011 991 2093 ipsa
1013 2009 1224 2074 collectione:
1247 2031 1293 2072 an
1314 2014 1389 2086 lex,
1427 2031 1512 2095 quoe
1530 2009 1664 2074 moritis
1695 2077 1698 2080 ,

343 2099 562 2192 facultatem
587 2101 729 2168 idtionis
752 2102 867 2180 dedit,
895 2103 1027 2167 dederit
1052 2113 1086 2165 et
1095 2101 1267 2192 seminis;
1288 2125 1334 2165 on
1360 2126 1439 2167 nero
1457 2102 1541 2166 solis
1559 2101 1664 2165 mari-

353 2197 419 2259 bus
436 2196 567 2278 scripto
588 2197 646 2260 eit.
689 2197 722 2260 Α
745 2195 936 2279 quantitates
959 2217 1006 2258 nn
1021 2202 1089 2259 lion
1102 2208 1237 2259 tantum
1247 2196 1294 2260 sit
1310 2197 1471 2260 adielterii
1487 2209 1664 2280 peceatum
1678 2201 1725 2252 ¹⁵¹

354 2290 392 2351 iu
413 2289 585 2366 maribus,
618 2303 784 2376 meantum
808 2291 844 2353 iu
865 2288 1050 2380 seminis.
1077 2289 1110 2352 A
1132 2290 1398 2371 comparationes
1421 2311 1467 2353 an
1486 2295 1548 2355 hoe
1567 2291 1665 2372 peius

353 2381 401 2447 sit
426 2395 622 2465 peecatum,
661 2394 695 2446 et
716 2383 839 2446 iccirco
871 2393 979 2446 morte
1012 2381 1165 2464 dignius.
1208 2382 1241 2445 A
1264 2382 1432 2467 qiralitate:
1466 2405 1511 2448 aa
1539 2383 1666 2466 dignata

355 2476 447 2538 mori
467 2477 634 2549 maritus,
656 2476 716 2560 qni
736 2487 807 2538 tam
826 2476 1054 2557 intemperans
1063 2473 1168 2566 fain
1197 2497 1243 2538 an
1263 2477 1373 2538 soliele
1395 2477 1502 2560 digno
1523 2478 1663 2552 mulier,

354 2589 444 2653 qam
464 2579 538 2631 tom
557 2568 645 2632 iuris
668 2567 885 2660 teuoxsui15
906 2589 952 2631 nu
969 2569 1032 2632 lenc
1054 2568 1134 2632 aliis
1154 2579 1189 2631 et
1209 2569 1244 2630 iu
1265 2591 1441 2632 commune
1459 2569 1542 2632 utile
1562 2569 1622 2633 sit.
1658 2575 1664 2590 '

479 2745 527 2810 V.
551 2743 614 2810 DF.
637 2743 949 2810 COMMUNIBUS
971 2743 1377 2809 ARGUMENTORUM
1399 2743 1550 2810 LOClS.
1677 2753 1709 2802 tt

437 2882 614 2948 Divisionis
635 2883 667 2948 in
689 2897 838 2968 quiantnm
861 2883 1002 2947 breviter
1022 2879 1115 2965 potui
1137 2893 1305 2965 praecepta
1329 2883 1459 2967 collegi.
1504 2885 1567 2947 Sed
1587 2885 1667 2948 enim

359 2998 496 3052 vereor,
519 2997 557 3038 ne
579 2998 671 3060 qnam
694 2977 751 3040 tibi
771 2978 935 3062 caliginem
957 2975 1070 3052 faciat,
1094 2977 1181 3058 quod
1201 2977 1279 3038 haee
1294 2987 1551 3060 argumentorum
1574 2977 1666 3040 locos

360 3069 607 3153 appellaverint,
632 3081 666 3132 nt
688 3092 729 3133 ex
749 3071 798 3134 his
820 3082 1002 3155 argrimenta
1022 3071 1263 3151 depromerent,
1288 3069 1438 3154 citiusque
1460 3082 1557 3133 status
1572 3091 1667 3134 causa

360 3174 467 3236 esset3
489 3165 574 3246 qirod
596 3164 718 3248 quidem
742 3165 928 3229 confitemur
950 3183 1103 3227 essenon
1126 3162 1212 3226 utile.
1256 3164 1320 3231 Sed
1334 3161 1498 3244 plurimum
1522 3166 1666 3244 prodest,

359 3271 394 3322 nt
405 3256 523 3339 singuli
533 3266 630 3319 status
638 3256 778 3342 singulas
786 3256 995 3340 suasquisque
1003 3255 1201 3332 divisionum,
1216 3255 1310 3331 idest,
1324 3255 1668 3340 argumentorum,lor·
1679 3259 1710 3306 ²⁵
1744 3261 1751 3274 ’

358 3351 588 3424 mashabeant3
605 3350 676 3433 qnia
691 3373 731 3412 ex
748 3351 893 3414 omnibus
907 3348 984 3412 locis
1000 3359 1275 3432 argumentorum,
1294 3350 1349 3432 qui
1362 3370 1543 3413 communes
1556 3360 1671 3414 suntet

359 3444 578 3526 appellentur,
608 3455 681 3506 sient
703 3443 783 3506 certi
805 3445 928 3526 qiiidam
951 3439 1119 3523 unicuique
1139 3441 1234 3505 statui
1261 3441 1496 3516 familiariores,
1521 3454 1552 3506 et
1571 3443 1669 3527 magis

360 3538 566 3600 adhaerentes
594 3535 692 3600 liunt:
740 3557 822 3621 qnos
865 3534 945 3598 sicut
984 3545 1069 3597 recte
1105 3535 1272 3618 accepisti,
1310 3535 1409 3598 teneri
1442 3547 1588 3617 oportet,
1637 3547 1672 3599 ut

362 3628 536 3712 proposito
558 3631 716 3705 themate,
740 3650 836 3710 qtrtim
858 3639 972 3691 statum
995 3629 1061 3693 eins
1083 3629 1377 3711 comprehenderis,
1415 3629 1498 3694 illico
1522 3651 1671 3710 compen·
1781 3619 1785 3632 ⁸

361 3723 447 3786 dium
470 3721 635 3785 divisionis
661 3721 826 3800 expedias,
860 3723 1005 3802 protinus
1027 3743 1085 3803 per
1107 3723 1318 3786 demonstrata
1344 3725 1525 3786 decurrens.
1583 3722 1670 3784 Mul·
1682 3726 1713 3776 ³⁰

360 3827 427 3878 tum
450 3815 542 3896 plane
571 3818 610 3876 ad
642 3814 839 3896 probationis
868 3813 1086 3877 abundantiam
1119 3814 1240 3895 poteris
1264 3815 1422 3892 adiuvari,
1455 3815 1481 3879 si
1504 3815 1613 3890 etiam,
1638 3823 1671 3876 ut

300 3911 307 3922 '
357 3906 407 3970 illi
428 3906 557 3981 nolunt,
591 3907 758 3970 universos
794 3908 884 3970 locos
914 3908 946 3969 in
974 3927 1137 3971 commune
1170 3907 1303 3971 traditos
1326 3919 1451 3984 teneas,
1488 3920 1524 3971 ut
1544 3917 1671 3991 praeter
1703 3947 1705 3952 ·

361 3999 491 4064 obviam
510 3999 711 4077 divisionem,
736 4021 816 4086 quae
837 4022 932 4082 supra
953 4012 1001 4070 est
1021 4001 1155 4076 tradita,
1180 4023 1221 4064 ex
1242 4002 1291 4063 his
1314 4003 1445 4083 amplius
1466 4003 1557 4065 etiam
1573 4021 1672 4082 argu-

362 4102 466 4154 menta
497 4092 657 4176 vestige53
688 4115 769 4178 quae
796 4103 897 4155 tamen
929 4093 988 4157 tibi
1020 4115 1131 4156 causae
1160 4095 1334 4176 praesentis
1363 4095 1482 4158 utilitas
1504 4091 1671 4176 largietur.

362 4183 428 4266 Qui
449 4184 547 4268 igitur
568 4207 747 4248 communes
776 4195 1034 4267 argumentorum
1054 4187 1146 4250 locos
1168 4187 1382 4266 tradiderunt,
1417 4187 1498 4252 alios
1524 4184 1673 4250 dixerim
1683 4184 1713 4234 ³⁵

362 4276 562 4355 artificiales,
586 4279 664 4343 alios
686 4277 910 4342 inartificiales.

489 4436 555 4500 vl.
577 4441 609 4512 ς.
633 4438 664 4500 1.
687 4437 749 4501 DE
772 4435 1066 4502 ARTIFICIALI
1086 4435 1548 4504 ARGUMENTATIONE.
1665 4501 1669 4510 .

448 4573 669 4640 Artificialium
691 4573 870 4638 distributio
899 4575 1125 4661 qiaadripertita
1147 4587 1207 4640 est.
1261 4577 1343 4652 sapt
1364 4575 1444 4640 enim
1474 4575 1568 4659 primi
1590 4576 1673 4655 loci,

360 4666 417 4755 qni
437 4689 506 4732 rem
522 4671 731 4750 praecedunt3
753 4669 884 4745 deinde,
907 4669 962 4754 qui
979 4669 1010 4732 in
1025 4668 1141 4753 reipsa
1160 4671 1240 4745 sint3
1262 4669 1394 4747 deinde,
1418 4670 1473 4755 qui
1487 4673 1569 4734 cirea
1585 4693 1672 4749 rem;

360 4773 443 4846 post
461 4763 559 4839 haec,
596 4762 651 4846 quii
670 4772 745 4844 poet
766 4783 847 4828 rem.
890 4763 972 4826 Rem
992 4766 1186 4845 praecedunt
1208 4785 1365 4846 persona,
1389 4783 1500 4840 caiisa,
1537 4773 1718 4846 tempus,tu

361 4855 475 4931 locus,
503 4854 653 4934 materia,
683 4856 794 4920 modus
815 4853 885 4920 sive
906 4853 1003 4920 ratio.
1047 4855 1085 4922 lu
1114 4855 1239 4940 reipsa
1261 4865 1372 4920 sunta
1396 4866 1484 4932 toto,
1521 4870 1674 4940 aparte,

456 5097 481 5146 1.
500 5097 562 5178 cod.
580 5097 706 5214 οοιιςιὲίι.
751 5095 776 5148 2.
796 5098 856 5147 Geel.
875 5097 1080 5156 cousideremns,
1100 5101 1141 5148 ssd
1159 5099 1220 5148 iales
1239 5111 1292 5148 cana
1310 5112 1334 5146 s.
1377 5095 1419 5148 ³1.
1439 5099 1498 5148 ch.
1521 5097 1678 5159 approbatio·

507 5179 548 5216 m
565 5182 617 5216 sias
636 5181 653 5212 e
672 5198 679 5216 .
