4434 5959
537 579 588 638 501
979 672 984 686 ι
1049 579 1336 646 VICTORINUS

620 719 775 790 tiamne,
799 718 890 802 qrsod
902 720 1091 803 negligitur
1111 723 1154 786 ab
1172 721 1327 784 auditore
1348 731 1380 782 et
1396 740 1463 784 non
1482 741 1610 804 magno
1620 743 1721 802 opere
1733 733 1847 786 atten-

537 814 682 876 dendum
704 810 851 889 videtur]
896 812 1023 877 Humilc
1051 834 1164 876 causae
1183 835 1281 896 genus
1304 824 1368 889 est,
1399 812 1425 874 si
1455 815 1494 875 de
1515 835 1549 876 re
1569 814 1687 876 abiecta
1707 815 1747 876 sit
1769 837 1849 879 con-

536 906 706 970 troversia.
750 907 787 967 lu
813 908 874 969 hoc
899 925 1015 988 genere
1044 907 1153 970 attenti
1182 907 1340 971 auditores
1362 906 1497 970 faciendi
1518 917 1602 970 sunu
1655 908 1743 970 Haec
1765 929 1849 992 qim·

537 1023 598 1084 quc
621 998 760 1063 delinitio
784 997 821 1061 de
844 998 952 1060 animis
974 999 1108 1062 iudicum
1131 1012 1254 1081 sitinpta
1278 1012 1338 1062 cst.

511 1097 525 1142 ⁵
619 1097 773 1174 Anceps,
806 1092 930 1175 inquo
946 1092 1190 1157 aruimlicatio
1213 1093 1407 1168 dubiaest,
1431 1104 1668 1156 antemonet
1689 1095 1849 1156 honesta-

536 1189 580 1250 tis
602 1199 635 1250 et
655 1173 878 1267 turpitsnlinis
894 1185 1085 1268 particeps]
1110 1189 1220 1249 ¹Haec
1245 1187 1386 1250 delinitio
1403 1199 1433 1249 ct
1453 1189 1491 1248 ab
1514 1185 1589 1268 ipsis
1612 1187 1707 1246 rebius
1723 1197 1849 1266 sumpta

536 1295 597 1344 est.
640 1282 762 1341 Verum
785 1300 918 1359 anceps,
947 1279 1064 1363 iuquit,
1096 1301 1188 1342 causa
1214 1281 1336 1342 dnobus
1358 1277 1458 1341 sirudis
1479 1291 1544 1352 cst,
1569 1276 1673 1340 'siant
1698 1278 1848 1342 iudicatio

539 1374 631 1436 dubia
652 1373 690 1435 sit
709 1382 761 1434 aut
785 1371 1032 1435 inhonestissime
1048 1372 1203 1434 materia:
1240 1371 1320 1434 utin
1349 1371 1472 1436 Orestis
1495 1372 1647 1446 themate,
1686 1369 1848 1453 quianon

537 1489 595 1552 tina
623 1466 706 1528 ratio
731 1476 797 1538 est,
834 1463 982 1527 iudicatio
1015 1485 1144 1549 quoque
1175 1465 1210 1526 fit
1240 1466 1346 1529 dubia.
1396 1463 1571 1530 Occidisti.
1615 1467 1695 1528 lure
1717 1463 1846 1526 occidi:

495 1561 615 1620 ¹lncrn
635 1560 695 1620 illa
715 1569 850 1639 patrem
869 1579 980 1620 meum
1002 1557 1138 1621 occidit.
1182 1559 1298 1622 Etiam
1316 1559 1344 1624 si
1363 1571 1497 1640 patrem
1518 1555 1660 1631 occidit,
1685 1575 1751 1617 non
1772 1555 1850 1618 iure

535 1675 559 1714 a
576 1652 661 1729 filio
687 1662 796 1714 muter
817 1650 930 1712 occisa
953 1662 1016 1714 est.
1075 1651 1248 1729 iudicatio,
1280 1674 1319 1714 au
1341 1673 1434 1736 qurum
1455 1651 1507 1712 illa
1527 1661 1650 1730 patrem
1672 1648 1846 1723 occiderit,

535 1747 615 1809 iuste
635 1767 653 1808 a
682 1744 750 1808 filio
773 1743 878 1809 occisa
902 1744 1056 1807 videatur.
1100 1745 1223 1809 Deinde
1250 1757 1357 1829 potest
1380 1757 1410 1807 et
1433 1746 1511 1807 baec
1537 1741 1618 1804 ratio
1639 1761 1728 1804 esse:
1766 1743 1849 1804 lure

535 1840 660 1913 occidi,·
680 1859 761 1900 nam
781 1849 820 1900 ut
840 1837 878 1900 id
892 1835 1080 1927 facerem,
1112 1843 1236 1922 Apollo
1257 1839 1443 1922 respondit.
1488 1833 1665 1902 lufirmatio
1690 1833 1842 1896 rationis:

534 1933 651 1997 Etiam
663 1931 696 1995 si
710 1931 748 1994 id
758 1933 881 2014 Apollo
892 1932 1085 2012 respondit,
1108 1954 1177 1996 non
1192 1935 1278 1997 iuste
1297 1933 1416 2010 ofilio
1433 1943 1542 1994 muter
1554 1929 1667 1994 occiso
1680 1938 1743 1990 est.
1789 1927 1844 1989 lu·

494 2032 523 2078 ¹⁵
535 2026 668 2102 dicatio,
691 2047 729 2086 an
749 2045 843 2108 quum
859 2025 982 2106 Apollo
996 2027 1214 2107 responderit,
1237 2026 1317 2089 iusto
1337 2036 1435 2089 mater
1450 2045 1465 2088 a
1479 2024 1546 2087 filio
1560 2023 1705 2085 videatur
1722 2020 1843 2084 occisa.

535 2121 629 2203 Ergo
640 2119 671 2182 iu
690 2120 753 2182 hoc
769 2119 903 2180 themate
920 2117 1070 2180 iudicatio
1086 2119 1177 2182 dubia
1190 2131 1250 2183 est.
1280 2120 1402 2183 Deinde
1418 2119 1453 2180 iit
1468 2137 1583 2198 auceps
1603 2135 1714 2176 caussae
1731 2133 1843 2196 genus,

535 2214 561 2275 si
585 2215 697 2275 habeat
721 2211 752 2274 in
773 2231 807 2272 se
825 2231 947 2272 caussam
975 2212 1199 2276 ethonestatis
1222 2224 1254 2276 et
1280 2211 1478 2292 turpitudinis
1508 2208 1752 2292 [prorticipernJ.
1807 2207 1847 2270 si

534 2296 665 2368 lenonis
685 2304 792 2381 filius
806 2301 962 2394 fortiter
975 2303 1101 2394 saciat
1131 2317 1165 2369 et
1192 2306 1388 2389 proemium
1411 2315 1520 2386 petat.
1571 2302 1750 2364 Honestum
1774 2311 1842 2375 est,

535 2399 620 2480 qirod
640 2397 768 2461 fortiter
788 2395 882 2459 lecit:
905 2407 1023 2478 turpe,
1047 2401 1135 2479 quod
1156 2399 1239 2464 filius
1257 2396 1392 2461 lenonis.
1435 2397 1473 2459 ln
1489 2398 1553 2458 boe
1576 2413 1703 2478 quoque
1724 2412 1844 2475 genere

492 2499 645 2553 ttcansac
667 2489 918 2554 benevolentiam
940 2511 1128 2571 comparare
1149 2495 1308 2554 debemus.

617 2585 826 2657 Obscurum,
858 2583 983 2667 inquo
1003 2597 1065 2647 mn
1088 2585 1183 2648 turdi
1207 2584 1382 2648 auditores
1405 2595 1484 2646 sunt
1505 2593 1567 2644 out
1589 2575 1844 2666 difficilioribus

533 2677 581 2740 ud
600 2677 873 2760 cognoscendum
892 2677 1041 2760 negotiis
1062 2699 1167 2744 causa
1187 2677 1362 2760 implicato
1375 2678 1441 2756 est]
1484 2675 1579 2754 Quod
1594 2675 1763 2736 obscurum
1781 2686 1841 2748 cst,

422 2776 425 2782 “
535 2773 637 2834 tribus
659 2770 759 2833 modis
780 2791 904 2850 semper
925 2771 1094 2832 obscurum
1119 2783 1178 2834 est.
1223 2770 1398 2845 Stauris,
1422 2768 1475 2852 quii
1498 2779 1641 2838 enarrat,
1666 2785 1728 2828 uon
1751 2765 1844 2829 intel-

532 2864 620 2948 ligit;
645 2875 696 2925 aut
718 2865 766 2938 is,
797 2863 848 2924 cui
875 2874 1037 2940 narratur,
1068 2864 1190 2927 tardior
1223 2874 1287 2936 sst;
1323 2874 1374 2925 airt
1396 2862 1422 2924 si
1444 2883 1494 2924 res
1516 2860 1583 2943 ipsa
1605 2859 1759 2941 perplexa
1783 2873 1844 2922 est.

492 2961 523 3010 2⁵
535 2958 654 3019 Verum
677 2958 727 3016 hic
748 2958 811 3017 dno
833 2953 952 3036 posuit.
996 2955 1195 3038 Sirpcrfluum
1223 2955 1302 3019 enim
1326 2955 1447 3030 linerat,
1472 2977 1565 3036 quirum
1589 2960 1626 3020 de
1646 2961 1778 3014 otilone
1794 2954 1847 3014 bie

533 3051 678 3132 perlecto
700 3050 868 3131 loquatur,
901 3050 928 3110 si
949 3048 1066 3132 aliquid
1089 3052 1126 3112 de
1157 3050 1222 3113 cius
1245 3047 1451 3131 imprudentia
1481 3048 1611 3112 diceret.
1655 3047 1717 3108 Hie
1737 3046 1845 3129 itaque

534 3141 652 3206 iudices
674 3144 793 3206 dociles
809 3143 914 3205 iacere
937 3143 1097 3207 debemus.
1142 3145 1235 3228 Ergo
1252 3143 1389 3207 ostendit
1410 3138 1543 3223 primum
1561 3143 1635 3226 quiid
1650 3153 1732 3205 esset
1746 3162 1847 3203 exor-

535 3236 636 3298 dium:
659 3237 871 3307 Animorum,
895 3233 1013 3318 inquit,
1043 3237 1228 3302 commotio.
1274 3237 1396 3301 Deinde
1418 3237 1555 3302 ostendit
1576 3236 1651 3321 qmd
1672 3235 1743 3296 iude
1765 3233 1847 3296 fiet:

535 3340 588 3390 aut
609 3341 744 3390 attentus
771 3340 824 3390 aut
846 3327 956 3391 docilis
988 3339 1041 3391 aut
1066 3331 1254 3394 benevolus.
1309 3330 1430 3394 Deinde
1460 3329 1514 3391 ubi
1533 3329 1606 3404 fiat,
1645 3329 1676 3390 id
1710 3339 1775 3403 est,
1814 3327 1846 3388 iu

494 3421 705 3502 acgeneribus
724 3420 861 3502 qirinque
875 3425 1056 3484 causarum.
1096 3426 1140 3486 Et
1168 3423 1328 3498 ostendit,
1353 3443 1434 3505 quae
1459 3433 1561 3484 essent
1579 3441 1707 3505 genera.
1752 3421 1848 3482 Nunc

536 3533 593 3593 per
615 3513 690 3596 quid
711 3513 903 3586 iaciendum,
927 3513 1046 3589 idest,
1076 3537 1135 3597 per
1156 3516 1344 3598 principium
1368 3527 1397 3578 et
1418 3515 1672 3578 insinuationem.
1726 3512 1847 3596 Utique

536 3607 678 3669 breviter
699 3608 773 3691 qnid
795 3607 825 3669 iu
847 3608 908 3669 hae
928 3608 1064 3670 lectione
1086 3609 1302 3683 contineatur,
1327 3607 1566 3688 explicabimus.

619 3700 828 3775 Exordium,
851 3699 969 3784 inquit,
1002 3699 1038 3763 in
1060 3700 1129 3764 duo
1150 3701 1335 3777 diuiditur,
1359 3700 1396 3763 in
1413 3699 1623 3782 principium
1644 3710 1677 3763 et
1690 3699 1846 3762 insinua·

535 3793 675 3874 tionem]
704 3796 830 3857 Horum
854 3795 988 3856 dirorum
1006 3795 1088 3857 banc
1109 3795 1312 3862 differentiam
1335 3797 1617 3876 teneamus,·quod
1637 3794 1669 3855 iu
1691 3792 1850 3873 principio

494 3899 663 3966 ssapcrte,
700 3899 732 3949 ct
753 3890 801 3964 (ut
823 3885 890 3968 ipse
919 3886 975 3965 ait)
997 3887 1142 3970 protinus
1171 3889 1289 3952 iudices
1310 3888 1399 3950 nobis
1422 3899 1476 3948 ant
1497 3878 1633 3950 attentos
1656 3897 1708 3948 aut
1730 3887 1850 3950 dociles

536 3991 589 4042 aut
611 3981 785 4044 benevolos
807 3999 1049 4061 comparamus:
1073 3981 1104 4044 in
1127 3980 1333 4045 insinuatione
1356 4000 1434 4042 vero
1456 3978 1581 4042 occulte
1606 3991 1636 4041 ot
1657 3980 1844 4061 quibusdam

537 4071 789 4160 circuitionibus,
844 4072 920 4135 Hoc
949 4094 1078 4157 quoqne
1106 4075 1327 4156 compendium
1355 4085 1462 4136 tenere
1492 4073 1662 4146 debemus,
1701 4076 1787 4154 quod
1816 4074 1846 4134 iu

537 4166 680 4228 omnibus
709 4185 820 4228 caussae
845 4166 1013 4249 generibus
1034 4166 1193 4250 principio
1224 4167 1316 4232 nobis
1348 4169 1494 4228 utendum
1523 4178 1588 4229 est:
1622 4166 1652 4228 iu
1675 4165 1849 4227 admirabili

536 4279 616 4322 vcro
646 4279 728 4320 nsiuc
752 4257 978 4334 insinuatione,
1001 4281 1083 4323 nuuc
1111 4261 1280 4342 principio.
1337 4259 1501 4340 Principio
1521 4270 1614 4332 tnnc,
1643 4258 1670 4322 si
1690 4257 1850 4320 auditores

495 4373 602 4421 tonon
632 4353 761 4417 omniuo
791 4365 883 4415 erunt
912 4353 1058 4416 alienati:
1095 4352 1304 4418 insinuatione
1331 4365 1421 4433 tunc,
1458 4353 1485 4414 si
1521 4354 1722 4415 vehementer
1756 4361 1851 4414 errent

537 4445 675 4509 alienati.
1542 4487 1556 4506 .

620 4539 856 4601 Benevolentio
888 4551 1052 4623 quattuor
1083 4563 1131 4602 ex
1161 4539 1246 4603 loeis
1280 4550 1516 4621 comparatur.
1565 4539 1619 4602 Ab
1640 4549 1775 4612 nostru,
1806 4537 1852 4600 ab

535 4629 836 4706 adversariorum,
866 4635 909 4694 ab
936 4631 1087 4694 indicum
1110 4652 1283 4716 persona,
1312 4633 1355 4694 ob
1383 4631 1459 4716 ipsa
1479 4633 1599 4712 causa]
1643 4631 1847 4707 Benevolos,

611 4835 655 4887 17.
685 4837 715 4881 et
743 4827 899 4882 honestetis
928 4836 957 4881 et
986 4829 1169 4901 turpitudinis
1193 4832 1370 4901 participem]
1397 4829 1456 4882 Hoc
1475 4827 1637 4882 vocabulum
1662 4835 1850 4900 participem,
1931 4851 1935 4864 ·

538 4903 611 4976 qued
631 4903 762 4958 ineditis
782 4901 894 4970 deerat,
923 4923 973 4976 sup
995 4907 1108 4958 levimns
1138 4923 1170 4956 ex
1199 4909 1259 4979 ipso
1290 4907 1430 4960 Ciceronis
1459 4902 1523 4958 loco
1549 4903 1632 4976 paulo
1652 4917 1734 4976 snpra
1754 4905 1853 4958 relato.

539 4985 620 5035 Caes.
661 4979 758 5047 (Abest
778 4985 862 5032 esiam
882 4995 897 5029 a
918 4980 958 5031 Co
979 5018 986 5032 .
1006 4981 1068 5032 Bas.
1090 4981 1156 5046 On.)

613 5061 658 5112 M.
678 5056 791 5126 llliqrre]
811 5055 862 5107 Cd.
881 5055 944 5106 Dat.
963 5082 1000 5096 -·
1018 5059 1111 5124 itaque
1131 5051 1199 5108 Edd.
1219 5051 1273 5108 On.

613 5133 659 5189 5'1.
678 5139 837 5196 teneamus,
855 5129 988 5201 praediri]
1008 5127 1058 5183 Cd.
1078 5131 1141 5184 Bas.
1160 5157 1195 5174 -
1217 5143 1273 5184 om.
1293 5125 1366 5200 quod
1384 5123 1451 5183 Edd.
1481 5123 1535 5184 On.
