4434 5959
542 542 602 621 192
1012 539 1189 612 VERSUS
1212 539 1371 609 RUFINI

542 693 589 746 est
609 703 627 746 e
648 681 738 746 brevi
759 693 791 745 et
811 682 927 765 longa,
950 692 1003 746 aut
1022 703 1082 764 par
1095 683 1234 758 choreo,
1258 678 1312 765 qui
1326 680 1420 744 habet
1433 689 1499 744 tres
1513 679 1646 754 breves,
1669 679 1843 743 trochaeus

543 775 611 852 (sed
633 775 736 855 spatio
759 796 836 855 par,
873 796 936 838 non
958 775 1099 854 syllabis)
1121 787 1171 836 aut
1194 773 1284 836 etiam
1313 772 1471 852 dactylus,
1509 771 1564 857 qui
1584 781 1631 834 est
1653 793 1670 834 e
1692 773 1786 856 longa
1808 780 1846 832 et

542 867 662 929 duabus
685 867 856 941 brevibus,
880 867 906 929 si
928 878 975 929 est
995 867 1160 949 proximus
1182 887 1200 928 a
1222 877 1406 947 postremo,
1433 884 1542 944 parurn
1566 864 1746 929 volubiliter
1768 885 1846 946 per·

542 959 628 1020 venit
649 962 688 1020 ad
709 971 899 1033 extremum,
933 959 959 1023 si
981 972 1028 1024 est
1050 971 1207 1022 extremus
1230 959 1364 1022 ebonem
1385 965 1437 1018 aut
1458 959 1628 1036 spondeus.
1671 959 1844 1038 Nunquam

518 1051 626 1117 sonim
648 1051 795 1127 interest,
818 1064 888 1114 uter
909 1052 948 1115 sit
970 1072 1080 1115 eorum
1100 1051 1131 1113 in
1154 1053 1233 1132 pede
1254 1047 1414 1124 extremm
1437 1052 1492 1111 sed
1512 1049 1603 1110 iidean
1618 1049 1650 1111 hi
1664 1059 1728 1112 tres
1744 1052 1845 1131 pedes

544 1144 624 1207 nrale
646 1146 895 1220 concluduntur,
931 1143 1049 1227 siquis
1081 1163 1190 1205 eorsum
1219 1142 1249 1204 in
1272 1151 1414 1204 extremo
1436 1140 1557 1204 locatus
1577 1153 1641 1218 est,
1664 1142 1724 1204 nisi
1744 1165 1844 1226 quirina

542 1257 604 1319 pro
626 1235 744 1298 cretico
766 1249 947 1318 postremus
979 1248 1026 1298 est
1048 1237 1202 1314 dactylus.
1246 1232 1332 1296 Nihil
1355 1231 1434 1295 enim
1456 1231 1603 1309 interest,
1633 1233 1775 1314 dactylus
1800 1235 1846 1296 sit

544 1342 720 1404 extremus,
744 1350 782 1391 an
805 1329 959 1402 creticum
980 1329 1052 1412 qrria
1073 1339 1234 1410 postrema
1256 1325 1374 1405 syllaba
1404 1323 1511 1388 brevis
1538 1345 1576 1388 an
1605 1325 1700 1409 longa
1721 1325 1780 1403 sit,
1802 1347 1848 1388 ne

543 1421 575 1486 in
598 1443 693 1485 versu
723 1422 845 1504 quidem
867 1421 979 1486 refert.
1029 1422 1135 1500 Qttare
1168 1418 1258 1482 etiam
1279 1437 1398 1500 paeana
1420 1417 1472 1501 qui
1494 1416 1571 1481 dixit
1601 1417 1776 1499 aptiorem,
1809 1419 1846 1480 in

503 1532 609 1599 atquo
633 1525 715 1578 osset
744 1514 838 1598 longa
868 1523 1047 1596 postrema,
1090 1509 1167 1574 vidit
1188 1532 1317 1594 paruum
1349 1509 1495 1592 quioniam
1522 1509 1598 1574 nibil
1625 1513 1664 1572 ad
1684 1532 1750 1574 rem
1774 1523 1844 1586 esr,

544 1618 703 1692 postrema
736 1629 830 1692 quam
860 1607 958 1688 longa
982 1605 1032 1672 sit.
1084 1603 1151 1668 Iam
1184 1625 1282 1687 paean
1315 1604 1402 1688 qnod
1432 1606 1539 1686 plures
1567 1605 1661 1668 habet
1687 1605 1846 1686 syllabas,

545 1721 692 1766 numerus
713 1721 731 1763 a
754 1700 957 1785 quibusdam,
980 1719 1042 1761 non
1064 1718 1121 1780 pes
1143 1698 1350 1762 existimatur.

545 1840 640 1907 Idem
660 1840 778 1906 Cicero
798 1838 835 1902 in
855 1837 1003 1922 dialogis
1023 1837 1065 1899 de
1086 1859 1123 1899 rc
1141 1836 1277 1918 publica
1297 1838 1405 1899 malta
1425 1834 1527 1909 dicit,
1560 1831 1719 1924 referens
1739 1836 1848 1901 Asia-

762 1953 825 1996 nos
846 1943 1002 1996 oratores
1022 1931 1220 1993 ditrochaeo
1240 1931 1410 1992 clascsrclas
1431 1928 1627 1992 terminare.

504 2080 536 2131 ,ς
572 2103 585 2126 ,
629 2043 858 2109 Terentiam
878 2041 919 2106 de
940 2041 1083 2118 cretico,
1107 2044 1169 2104 hoc
1189 2053 1260 2116 est,
1283 2041 1324 2102 de
1338 2039 1570 2124 amphimacro
1580 2039 1666 2124 pede
1680 2040 1731 2104 sic
1745 2039 1851 2106 dicit:

547 2136 695 2220 Optimus
716 2156 772 2219 pes
794 2146 825 2197 et
846 2135 977 2198 melodis
999 2146 1030 2198 et
1050 2131 1189 2218 pedestri
1211 2133 1346 2218 gloriae.
1948 2135 1954 2142 '

547 2230 720 2296 Plurimum
742 2238 869 2292 orantes
891 2227 1030 2304 decebit,
1054 2231 1180 2313 qrtando
1201 2247 1302 2309 paene
1323 2226 1353 2290 in
1376 2225 1484 2292 ultimo

464 2393 468 2402 ¹
547 2321 679 2388 obtinet
700 2323 820 2395 sedem,
845 2323 967 2383 beatam
988 2322 1133 2384 terminet
1154 2320 1180 2381 si
1203 2318 1373 2382 clausulam

547 2414 723 2495 Dactylns,
747 2415 903 2496 spondeus
924 2413 1015 2477 imam
1037 2434 1093 2476 nec
1114 2416 1298 2476 trochaeum
1320 2432 1452 2493 respuo.

505 2507 724 2578 noBacchieos
745 2516 896 2590 utrosque
919 2506 1040 2590 fugito,
1064 2526 1123 2568 neo
1142 2503 1268 2568 refellas
1291 2504 1493 2585 tribrachym

548 2603 629 2665 Nam
649 2599 732 2664 solet
753 2599 879 2681 longam
902 2601 1071 2662 trochaeus
1093 2599 1219 2662 solvere
1240 2597 1273 2660 in
1295 2599 1370 2660 duas
1392 2597 1524 2663 breves:

547 2695 638 2759 Unde
659 2704 690 2756 et
712 2692 868 2775 appellant
889 2693 1091 2768 trochaeum,
1116 2713 1207 2775 quem
1233 2711 1380 2762 vocamus
1402 2689 1598 2774 tribrachyn.

547 2787 677 2854 Plenius
698 2794 851 2847 tractatur
871 2781 955 2847 istud
976 2795 1043 2846 arte
1064 2805 1159 2865 prosa
1182 2786 1358 2848 rhetorum.

630 2877 810 2962 Pompeius
827 2876 1036 2943 Messalinus
1054 2877 1096 2940 de
1113 2876 1264 2940 numeris
1284 2875 1474 2960 etpedibus
1494 2889 1672 2942 oratorum
1685 2877 1735 2942 sic
1751 2877 1855 2942 dicits

506 2997 537 3046 2⁵
549 2972 666 3038 Cicero
688 2975 859 3054 spondeum
880 2969 984 3034 incisis
1007 2969 1153 3034 idoneum
1174 2979 1281 3052 putat,
1309 2967 1363 3052 qui
1382 2971 1429 3050 (ut
1452 2969 1507 3050 ait)
1527 2971 1714 3053 puriritatem
1737 2974 1854 3054 pediam

549 3066 704 3152 gravitate
735 3085 791 3129 sua
815 3075 847 3126 et
875 3065 1020 3128 tarditate
1045 3073 1239 3144 compensat.
1295 3062 1484 3127 Dochmiurn
1506 3074 1611 3146 aptum
1639 3062 1715 3125 dicit
1735 3063 1853 3146 quovis

549 3160 623 3223 loco
642 3178 730 3231 esse,
754 3159 826 3219 dum
848 3157 943 3219 semel
961 3166 1116 3237 ponatur-3
1140 3157 1286 3241 quoniam
1309 3156 1496 3244 continuitas
1521 3177 1681 3220 ntrtuertun
1704 3176 1853 3238 asperum

550 3252 682 3314 efficiat:
715 3249 926 3312 ditrochaeum
956 3268 1081 3332 quoque
1101 3249 1264 3330 praeclare
1286 3250 1409 3314 cadere.
1453 3249 1515 3312 Sed
1535 3251 1666 3332 palmam
1688 3252 1728 3312 de
1750 3247 1853 3313 omni·

550 3346 609 3406 bus
630 3343 748 3406 cretico
769 3341 890 3405 tribuit.

509 3463 541 3512 ³0
632 3436 728 3502 Idem
749 3435 791 3497 de
814 3432 1013 3500 Salrwtiaua
1028 3433 1272 3516 compositione
1292 3433 1361 3498 sire
1386 3433 1427 3498 de
1447 3455 1588 3518 numero
1618 3447 1651 3500 et
1675 3449 1856 3500 structio-a

550 3531 599 3596 sic
620 3527 718 3592 dicit:
739 3529 854 3604 Nunc,
877 3527 905 3590 si
924 3527 1083 3601 rideatur,
1107 3527 1301 3590 Salustianae
1321 3527 1444 3611 periodi
1465 3550 1610 3593 nurneros
1629 3529 1853 3612 inspiciamus:

550 3629 616 3694 Res
631 3643 747 3708 popu,
769 3621 930 3700 dactylus,
953 3619 1160 3695 lithomarii,
1182 3623 1326 3694 Marco,
1348 3630 1414 3684 tres
1430 3623 1582 3704 spondei,
1606 3623 1756 3706 Lepido,
1780 3645 1857 3685 ana·

549 3729 697 3805 paestns,
726 3714 854 3800 Quinto
873 3716 1012 3789 Cotuato,
1047 3716 1205 3795 spondens
1230 3724 1259 3776 et
1285 3723 1486 3795 anapaestus,
1509 3714 1721 3792 consulibus,
1746 3717 1857 3783 Paean

550 3812 690 3897 primus,
722 3829 764 3872 ac
780 3807 926 3882 deiude,
962 3807 1131 3870 dichoreus
1153 3806 1221 3870 sire
1242 3805 1464 3884 ditrochaeus,
1488 3805 1606 3882 militi,
1629 3809 1792 3887 dactylus,
1812 3831 1857 3872 aa

509 3925 541 3975 as
550 3917 584 3969 et
597 3903 707 3978 domi,
730 3900 881 3976 creticus,
904 3911 1041 3984 gestas,
1064 3901 1242 3982 spondeus,
1265 3901 1456 3983 composui,
1478 3903 1680 3965 choriambus
1698 3923 1738 3963 ex
1755 3901 1855 3985 longa

551 4009 583 4063 et
613 3995 706 4060 brevi
733 4005 765 4058 et
792 3993 884 4058 brevi
910 4004 942 4056 et
970 3993 1081 4077 longa.
1131 3993 1250 4058 cicero
1280 3993 1320 4054 dc
1350 3992 1593 4076 compositione
1615 3993 1857 4057 Demosthenis

645 4196 742 4253 1.par
759 4180 869 4249 choreo]
888 4179 948 4233 cte.
967 4179 1037 4234 ElC.
1056 4193 1164 4248 -par
1182 4186 1225 4231 est
1243 4177 1342 4233 choreo
1361 4180 1434 4236 Pith.

644 4261 673 4316 5.
691 4256 774 4310 iidem
792 4254 832 4326 hi]
854 4256 912 4310 Cic.
931 4255 963 4308 Ε.
983 4281 1019 4296 -
1038 4270 1094 4307 ona.
1113 4251 1142 4304 hr'
1161 4254 1204 4308 lC.

642 4337 671 4394 6.
688 4337 744 4384 nisi
761 4333 851 4404 quum]
874 4331 933 4385 Cle.
955 4328 1009 4384 EC.
1028 4356 1064 4374 -
1084 4343 1140 4382 om.
1158 4345 1238 4398 prtum
1257 4325 1280 4382 1.

642 4413 670 4468 9.
690 4408 838 4477 aptlorem]
859 4406 918 4458 Cio.
940 4431 970 4444 -
992 4407 1127 4454 artiorem
1146 4403 1177 4454 E.
1197 4431 1234 4445 -
1252 4406 1401 4456 arctiorem
1421 4403 1467 4458 10.

624 4489 669 4542 1¹.
685 4489 829 4551 postrema
847 4497 927 4551 quom
945 4478 1032 4545 tanga
1049 4481 1099 4546 stt]
1121 4478 1182 4533 Cio.
1202 4477 1473 4548 Eine-postrema
1488 4478 1581 4532 treats
1598 4491 1636 4530 atr
1654 4477 1742 4548 longa
1755 4484 1793 4530 stt
1806 4478 1859 4532 10.

626 4559 670 4614 15.
690 4555 889 4624 Terentianus]
909 4552 952 4606 ed.
972 4553 1094 4605 scatenti
1116 4571 1140 4604 v.
1162 4555 1242 4612 tt39.
1263 4567 1323 4626 pag.
1342 4553 1388 4612 611.

628 4632 672 4688 16.
685 4629 826 4700 pedestri]
845 4629 922 4682 Sunt.
942 4626 974 4680 0.
995 4654 1025 4667 -
1043 4627 1184 4696 pedestris
1203 4629 1249 4680 El.

626 4712 671 4762 20.
691 4703 818 4774 refellas]
837 4699 909 4758 ElC.
928 4717 965 4755 ω
983 4703 1102 4769 repellas
1121 4701 1197 4755 Sant.

626 4784 671 4836 25.
690 4779 787 4831 Cicero
805 4777 965 4850 spondeum]
986 4777 1036 4830 eir.
1057 4777 1135 4830 Orat.
1156 4780 1180 4843 b.
1201 4777 1262 4834 216.

626 4858 671 4912 28.
691 4851 889 4920 ditrochaeum]
910 4853 985 4906 Bina.
1006 4855 1035 4904 in
1055 4867 1141 4924 marg.
1163 4855 1205 4905 lC.
1224 4878 1262 4893 -
1280 4848 1436 4903 dichoreum
1454 4851 1529 4906 Eius.
1550 4853 1577 4904 ln
1597 4865 1737 4904 contestu.

627 4926 697 4982 tbtd.
717 4929 766 4980 scd
780 4927 917 4998 palmam]
939 4929 969 4981 Ε.
988 4954 1026 4969 ··-
1044 4943 1099 4980 ont.
1120 4925 1170 4977 secl
1189 4925 1233 4981 tc.

626 5007 671 5063 55.
690 5021 725 5055 oe
750 5011 777 5055 ct
802 5001 889 5070 domi]
921 5001 954 5057 E.
973 5001 1016 5076 (ut
1036 5005 1072 5056 tit
1100 5003 1216 5054 militiae
1241 5008 1270 5053 ct
1287 4999 1378 5068 domi,
1410 5018 1467 5054 non
1489 5000 1605 5054 mtttttac
1631 4999 1740 5066 domis)
1760 5027 1795 5042 -
1827 5019 1864 5054 as
