4434 5959
567 569 628 634 368
1112 570 1346 636 BOETHIUS

561 727 626 778 tur.
671 712 751 777 Item
786 709 896 776 dividit
926 732 994 774 eam
1023 733 1168 786 cansam,
1201 733 1281 796 qrrac
1308 709 1340 772 vi
1368 731 1422 774 sua
1453 709 1552 774 elficit
1575 711 1707 797 aliquid,
1741 712 1879 790 ineam,

565 830 645 890 quae
669 808 707 868 ad
728 806 925 869 efficiendum
948 806 1007 868 sibi
1024 806 1182 881 sulliciat,
1209 827 1361 890 eamque,
1387 825 1467 888 quiae
1490 806 1687 869 extrinsecus
1709 806 1881 869 adminicu-

563 900 689 962 lationis
714 899 864 979 indigeat.
910 899 1034 962 Sullicit
1060 901 1159 980 igitur
1181 901 1242 963 sibi
1260 903 1300 962 ad
1319 899 1514 962 efficiendum
1532 921 1645 972 eausa,
1670 911 1724 961 ut:
1749 899 1880 980 Sapien-

562 992 604 1055 tia
624 992 755 1056 efficere
778 993 936 1072 sapientes
960 1015 1087 1073 perse,
1113 996 1199 1057 nullo
1219 995 1342 1074 penitus
1365 993 1490 1068 adiuta,
1514 997 1609 1056 solet.
1654 995 1717 1056 Sed
1741 995 1819 1053 haee
1845 1014 1881 1052 an

538 1089 628 1156 ssola
654 1090 763 1149 beatos
785 1086 913 1148 ellicere
936 1085 1056 1168 possit,
1088 1087 1271 1169 qrraeritnr,
1304 1110 1340 1148 an
1365 1087 1393 1148 ei
1416 1087 1478 1149 sint
1501 1086 1698 1150 extrinsecus
1721 1089 1880 1160 addenda,

558 1187 643 1268 ‘qrrae
667 1183 790 1252 iuvent,
832 1182 878 1243 rel
901 1181 1048 1243 fortunae
1070 1184 1152 1256 bona
1176 1184 1226 1242 vel
1247 1181 1407 1261 corporis.
1468 1182 1579 1263 Itaque
1601 1204 1636 1244 ea
1661 1203 1777 1254 causa,
1804 1202 1883 1265 qrrae

565 1279 596 1340 vi
615 1299 671 1340 sua
694 1272 792 1340 efficit
815 1271 950 1352 aliquid,
986 1287 1038 1335 aut
1060 1274 1130 1336 talis
1155 1289 1218 1348 est,
1245 1287 1277 1336 ut
1302 1273 1388 1338 nullo
1411 1273 1608 1338 extrinsecus
1630 1275 1769 1355 indigeat
1797 1275 1882 1336 adiu·

567 1384 690 1441 mento,
729 1378 782 1428 aut
811 1365 903 1439 talis,
943 1374 975 1427 ut
1001 1365 1029 1426 ei
1051 1365 1112 1428 sint
1136 1371 1331 1432 extrinsecus
1355 1371 1527 1430 adiumenta
1550 1373 1748 1453 qrraerenda,
1787 1368 1883 1434 velidi

563 1466 674 1529 artifici
706 1462 914 1525 instrumenta
941 1465 1114 1542 quaedam,
1154 1463 1269 1546 qrribus
1292 1464 1340 1533 id,
1366 1465 1452 1546 quod
1470 1463 1668 1526 efficiendum
1690 1475 1756 1536 est,
1781 1463 1884 1544 expli·

521 1573 612 1622 tte-et
637 1573 731 1642 atquc
753 1556 945 1618 coulormet.
1004 1557 1124 1618 Eorum
1150 1579 1229 1620 vero
1255 1557 1409 1628 omniurn,
1450 1579 1530 1640 qnae
1560 1558 1683 1620 'l'ullius
1710 1557 1821 1619 statuit
1851 1555 1880 1616 in

562 1658 712 1717 alterutra
745 1650 900 1712 divisione
928 1668 1109 1722 caussarum,
1147 1651 1199 1713 illa
1224 1651 1369 1734 quidem,
1401 1671 1481 1730 quae
1506 1649 1614 1714 visua
1642 1651 1804 1733 explicant
1829 1671 1878 1722 ea,

563 1771 696 1836 quorum
717 1764 829 1807 causae
850 1754 947 1817 seint,
986 1745 1087 1806 onmia
1119 1757 1178 1806 tarn
1211 1766 1323 1825 perse
1346 1746 1385 1806 ad
1407 1743 1605 1807 efficiendum
1632 1745 1763 1808 ualentia
1787 1765 1878 1827 qrram

565 1840 697 1928 quaesiti
732 1836 929 1902 extrinsecus
963 1836 1126 1901 iuvaminis
1154 1839 1376 1924 indigentiam
1406 1858 1441 1916 ca
1465 1838 1689 1902 Aristotelicas
1713 1837 1879 1901 divisionis

562 1957 655 2001 causa
678 1937 884 2003 locabuntur,
922 1951 1001 2013 qrrae
1023 1943 1071 1993 est
1093 1933 1277 2015 principiun
1299 1941 1425 1996 sirotnsa
1451 1951 1635 2012 qrramquarn
1662 1936 1702 1996 de
1726 1933 1878 2012 sapientia

521 2033 615 2096 attali
635 2049 748 2092 causae
777 2046 839 2089 non
859 2025 1024 2090 conveniat
1049 2028 1244 2107 exemplum,
1282 2028 1336 2088 sed
1362 2024 1466 2104 potius
1489 2027 1527 2086 ad
1549 2025 1704 2089 rationem
1728 2027 1880 2090 formam·

562 2147 623 2210 quc
645 2125 827 2185 contendat.
888 2121 1031 2202 Namque
1053 2121 1205 2201 sapientia
1226 2119 1349 2182 ratione
1380 2121 1513 2203 quadam
1539 2130 1633 2204 atque
1656 2118 1760 2182 foruna
1784 2118 1880 2182 efficit

562 2218 733 2300 sapientes.
789 2213 867 2276 Eius
892 2234 970 2276 vero
993 2236 1123 2286 causae,
1162 2235 1253 2296 quiam
1284 2213 1406 2276 'frillius
1429 2213 1546 2286 refert,
1585 2215 1651 2276 sinc
1674 2234 1736 2296 qua
1760 2234 1825 2275 non
1848 2211 1881 2272 fu

563 2313 697 2395 aliquid,
723 2308 850 2370 materia
874 2306 1016 2390 quidem,
1041 2320 1166 2389 tempus
1188 2319 1218 2368 et
1241 2306 1330 2368 locus
1353 2306 1382 2368 id
1406 2319 1469 2380 est,
1495 2329 1535 2369 ex
1559 2329 1624 2388 qrro
1641 2305 1676 2366 fit
1701 2307 1753 2369 vel
1769 2306 1802 2368 in
1818 2326 1881 2388 quo

562 2409 616 2475 lit,
641 2424 720 2488 qliae
742 2413 814 2464 sunt
835 2399 1000 2464 efficientis
1020 2401 1160 2464 subiecta
1187 2413 1316 2462 naturae
1340 2410 1391 2474 et,
1417 2413 1448 2461 ut
1471 2421 1535 2462 uno
1556 2399 1719 2462 intellectu
1735 2419 1883 2478 compre·

520 2502 754 2570 ethendantur,
781 2494 831 2557 vel
853 2497 983 2558 materia
1007 2507 1078 2558 sunt
1103 2494 1151 2556 vel
1175 2493 1321 2556 materiae
1346 2493 1414 2555 vice
1441 2493 1621 2574 supposita.
1667 2493 1882 2556 Instrumenta

549 2615 643 2664 ‚vero
663 2591 729 2652 eius
751 2609 862 2651 eartsae
880 2601 974 2666 sient,
996 2609 1078 2673 quae
1096 2589 1135 2649 ad
1152 2587 1243 2648 fineen
1265 2597 1428 2667 spectant,
1456 2588 1511 2649 sed
1524 2608 1585 2649 non
1608 2585 1677 2666 ipsa
1694 2585 1784 2661 linis,
1811 2584 1883 2668 quia

563 2709 625 2752 non
648 2685 720 2747 finis
742 2682 945 2745 instrumenta
968 2681 1120 2764 respicit,
1155 2683 1209 2744 sed
1232 2683 1309 2742 baec
1339 2680 1446 2742 linem.
1509 2680 1719 2742 Instrumenta
1748 2699 1883 2760 nasoque

563 2793 699 2864 propter
721 2778 855 2859 aliquem
879 2776 970 2838 finem
994 2789 1157 2859 parantur.
1212 2776 1276 2838 Sed
1302 2778 1412 2836 mirum
1442 2772 1540 2836 videri
1568 2783 1692 2855 potest,
1725 2793 1783 2834 cur
1803 2793 1881 2836 con·

567 2877 784 2959 gressionem,
809 2871 926 2933 amoris
941 2891 1081 2943 causam,
1105 2890 1168 2934 non
1181 2868 1262 2930 inter
1279 2887 1314 2929 ea
1327 2867 1558 2942 numeraverit,
1584 2887 1664 2950 quae
1680 2867 1798 2928 babent
1812 2863 1881 2928 elli·

519 2973 551 3022 ²⁵
563 2967 664 3032 ciendi
686 2968 766 3038 viru,
790 2966 846 3026 sed
867 2965 948 3026 inter
967 2985 1020 3026 eas
1038 2961 1182 3046 posuerit
1204 2981 1332 3036 sarisas,
1357 2961 1423 3024 sine
1439 2964 1552 3045 qrribus
1567 2959 1650 3024 effici
1673 2980 1739 3022 non
1760 2967 1879 3041 potest,

562 3085 658 3148 qurum
681 3071 783 3122 tamen
805 3069 879 3140 agat
902 3056 1021 3141 aliquid
1043 3068 1136 3140 atque
1161 3064 1299 3118 moveat.
1359 3055 1438 3116 Nam
1461 3055 1529 3135 ipsa
1552 3052 1740 3140 congressio
1764 3053 1882 3138 aliquid

564 3159 687 3221 videtur
704 3153 856 3227 efficere,
881 3150 1054 3234 similisque
1075 3163 1124 3213 est
1146 3149 1174 3212 ei
1197 3169 1327 3222 causae,
1352 3169 1432 3230 quae
1458 3148 1523 3230 ipsa
1547 3150 1672 3232 quidem
1696 3148 1792 3212 babet
1812 3147 1883 3210 elfi-

563 3249 667 3315 ciendi
690 3246 770 3322 vim,
805 3248 859 3308 sed
881 3245 948 3308 sine
968 3244 1158 3306 adminiculo
1178 3262 1242 3307 non
1268 3253 1393 3323 potest;
1420 3242 1515 3304 veluti
1539 3265 1633 3327 qurum
1657 3245 1823 3330 quaeritur
1845 3243 1881 3302 de

563 3341 736 3425 sapientia,
773 3360 812 3402 au
826 3339 894 3402 sola
913 3340 1038 3401 beatum
1063 3338 1165 3419 possit
1186 3336 1328 3399 efficere.
1357 3335 1438 3398 ·Scd
1460 3337 1676 3404 Merobaudes
1706 3338 1820 3402 rhetor
1843 3333 1883 3396 ita

521 3442 552 3492 ³⁰
567 3435 735 3509 disseruit,
759 3455 865 3496 earrrm
888 3453 1065 3507 caussarum,
1089 3453 1171 3514 qnae
1193 3427 1349 3493 efficiendi
1372 3429 1433 3491 vim
1456 3431 1630 3506 baberent,
1655 3453 1723 3496 earo
1746 3451 1818 3494 esse
1838 3428 1883 3490 la·

563 3531 728 3601 cultatem,
762 3538 794 3588 ut
817 3526 909 3589 etiam
932 3526 959 3588 si
981 3525 1165 3589 adiumentis
1188 3524 1384 3586 extrinsecus
1408 3523 1584 3608 indigeant,
1620 3527 1753 3589 effectos
1776 3537 1880 3588 tamen

563 3643 669 3684 earum
696 3621 735 3680 ad
757 3617 788 3680 id
810 3630 946 3699 spectet,
970 3622 1060 3702 quod
1080 3617 1279 3682 efficiendum
1302 3628 1362 3679 est.
1407 3618 1452 3679 Ar
1474 3617 1503 3680 in
1526 3618 1583 3696 iis,
1606 3632 1775 3703 quaesunt
1792 3639 1882 3701 prae·

563 3713 747 3787 cursoriae,
785 3712 875 3776 etiam
899 3712 924 3775 si
952 3713 997 3775 eis
1020 3713 1276 3776 antecedentibus
1298 3710 1414 3791 aliquid
1438 3711 1582 3788 exsistit,
1616 3725 1809 3776 nontamen
1832 3713 1879 3786 id,

563 3811 650 3894 quod
670 3806 823 3870 exsistere
844 3804 1049 3890 intelligitur,
1074 3805 1259 3887 praecursio
1286 3803 1501 3885 principaliter
1525 3818 1689 3886 operatur.
1736 3808 1799 3870 Sed
1824 3806 1881 3870 ista

520 3905 687 3990 tequidem
715 3900 809 3963 veluti
835 3901 895 3964 sub
924 3903 1057 3983 quadam
1079 3899 1248 3963 occasione
1273 3897 1473 3979 praecurrit;
1510 3898 1561 3962 illa
1585 3921 1663 3963 vero
1686 3923 1761 3976 res,
1801 3921 1880 3987 quae

562 3996 714 4060 exsistere
736 3993 872 4066 dicitur,
897 3993 965 4055 aliis
988 3991 1193 4075 operantibus
1216 3989 1376 4066 nascitur,
1402 3992 1488 4054 velut
1510 3994 1541 4056 iu
1557 3995 1788 4078 congressione
1803 3993 1880 4058 soli-

562 4101 627 4152 tum
650 4101 698 4151 est
723 4087 806 4150 lieri.
861 4088 1014 4151 Fortasse
1036 4086 1116 4148 enirn
1142 4107 1202 4148 non
1226 4098 1362 4166 propter
1384 4107 1522 4150 amorem
1545 4087 1680 4172 qrrisque
1707 4088 1879 4174 congredi·

563 4196 637 4259 tur,
661 4185 717 4246 sed
740 4183 947 4262 praecedente
968 4180 1196 4265 congressione
1217 4199 1307 4240 amor
1330 4178 1469 4256 exsistit,
1494 4203 1585 4264 quern
1605 4202 1668 4245 non
1688 4183 1878 4268 congressio

561 4276 776 4359 principaliter
810 4275 991 4356 appetebat.
1049 4273 1160 4355 ltaque
1182 4272 1329 4356 qrroniam
1353 4287 1479 4356 praeter
1506 4273 1767 4357 congressionem
1791 4296 1880 4338 amor

520 4381 552 4432 tt
563 4371 717 4434 exsistere
740 4389 802 4432 non
825 4369 946 4448 potuit,
970 4378 1056 4430 reete
1079 4369 1234 4430 intereas
1257 4385 1365 4430 carrsns
1387 4369 1490 4431 locata
1507 4369 1651 4441 videtur,
1675 4370 1742 4433 sine
1766 4371 1879 4455 qaribus

562 4485 625 4526 non
655 4462 805 4526 efficitur.
862 4459 1018 4540 Quoniam
1049 4480 1127 4525 vero
1158 4481 1220 4524 non
1254 4459 1352 4524 elficit
1386 4462 1417 4525 vi
1445 4484 1500 4526 sua
1530 4463 1801 4547 (quandoquidem
1824 4485 1881 4527 nec

563 4555 796 4639 principaliter,
830 4567 864 4618 ut
895 4551 1028 4626 efficiat,
1064 4555 1216 4634 spectat),
1258 4556 1313 4618 sed
1336 4565 1453 4619 tantum
1477 4577 1512 4620 ea
1534 4559 1740 4621 antecedente
1761 4558 1879 4644 aliquid

563 4648 704 4712 exsistit:
737 4660 826 4710 recte
856 4647 937 4712 inter
966 4645 1206 4731 praecursorias
1235 4667 1272 4710 ac
1304 4670 1367 4712 non
1400 4647 1483 4712 inter
1504 4649 1678 4714 efficientes
1700 4672 1811 4716 causas
1833 4662 1880 4716 est

561 4742 731 4806 collocata.

636 4905 663 4956 8.
682 4893 803 4965 aliqaar'd,
832 4902 882 4945 ant
900 4927 917 4940 -
935 4903 1001 4947 -ut
1020 4897 1136 4966 eistat]
1159 4895 1233 4948 Eius.
1264 4925 1294 4937 -
1329 4893 1449 4966 aliquid,
1477 4903 1528 4948 aret
1546 4897 1615 4949 tutta
1632 4903 1690 4964 aar,
1725 4905 1757 4949 nr
1775 4903 1804 4950 ει·
1821 4901 1878 4949 sint

561 4969 675 5046 (mediis
694 4969 818 5042 omissis)
831 4971 898 5023 Vsn.
914 4973 1000 5024 Paris.
1018 4999 1049 5012 -
1065 4969 1189 5042 aliquid,
1210 4980 1259 5023 aret
1279 4971 1347 5024 talla
1359 4979 1417 5036 eat,
1439 4979 1471 5023 nt
1483 4978 1510 5024 al
1522 4972 1599 5024 neda
1610 4977 1669 5024 sint
1682 4977 1763 5042 (leem
1778 4991 1835 5027 οιιι.
1847 4981 1877 5024 ιε

559 5048 635 5100 nelle
653 5056 729 5100 extr.
749 5047 806 5100 tnd.
826 5045 884 5101 ada'.
903 5055 954 5098 aut
973 5047 1051 5114 tulta)
1071 5047 1148 5100 Basa.
1187 5049 1233 5104 2¹4.
1254 5051 1456 5115 mameranus]
1478 5047 1556 5103 lilns.
1575 5075 1611 5090 -
1629 5055 1795 5102 numeravit
1809 5051 1874 5102 Vsa.

560 5124 647 5177 Paris.
666 5151 703 5166 -
722 5127 897 5175 enmravtt
916 5122 994 5177 Base.
1032 5127 1078 5182 50.
1096 5121 1208 5178 Merob.
1228 5127 1259 5175 a'n
1277 5121 1420 5176 rhetorica
1438 5123 1506 5178 dtas.
1526 5123 1603 5177 Elns.
