4434 5959
928 624 1020 690 LlB.
1045 625 1075 694 l·
1202 636 1216 668 x
1603 631 1643 694 69

330 761 509 825 subiacent.
561 763 674 844 ltaque
699 765 763 826 duo
793 763 873 826 baec
894 763 994 844 prima
1015 766 1092 848 quis
1113 767 1256 850 etquid
1277 769 1488 849 apertioribus
1510 771 1644 834 nomini·

330 859 389 917 bns
417 855 541 920 Cicero
570 869 602 920 et
633 860 673 919 ad
701 877 782 938 opus
810 855 1015 919 vicinioribus
1046 871 1224 938 nrrncupat,
1264 859 1387 937 idest,
1424 883 1590 942 personam
1613 877 1644 924 et

330 949 447 1010 dietum
476 949 657 1023 laetumve:
692 952 777 1032 quod
806 949 968 1033 negotium
997 961 1057 1012 est.
1100 951 1213 1034 Itaque
1242 955 1343 1017 otonis
1366 975 1416 1018 res
1439 955 1644 1018 confirmatur

331 1053 382 1101 ant
403 1064 445 1102 ex
469 1040 632 1105 attributis
653 1064 806 1123 personae
828 1041 1018 1127 argumentis
1038 1044 1169 1125 sumptis
1192 1057 1244 1107 ant
1266 1069 1305 1109 ex
1327 1049 1482 1112 attributis
1498 1051 1642 1134 negotio.

332 1134 488 1198 Pei-sonis
511 1146 616 1196 atatem
638 1136 786 1198 attributa
810 1147 883 1198 srmt
904 1135 1065 1198 undecim:
1102 1159 1237 1213 noussen,
1269 1152 1399 1217 natura,
1432 1144 1550 1218 victus,
1574 1147 1669 1209 lor-⁵

263 1234 264 1271 l
330 1238 426 1301 tima,
461 1228 616 1309 babitus,
637 1229 780 1305 affectio,
811 1228 967 1303 studium,
998 1229 1147 1306 consilia,
1182 1231 1285 1308 lacta,
1317 1255 1426 1308 casus,
1465 1238 1642 1300 orationes.
1737 1236 1742 1248 '

332 1320 444 1402 ltaque
465 1320 496 1383 si
526 1322 606 1383 baec
638 1321 741 1385 omnia
763 1323 911 1386 attributa
933 1343 1088 1404 personae
1110 1336 1199 1398 stant,
1238 1348 1318 1409 qnae
1340 1328 1380 1389 sit
1402 1329 1470 1408 ipsa
1492 1320 1644 1410 persona,

333 1415 507 1476 rideamus.
567 1417 692 1477 Nomen
714 1439 783 1480 ease
803 1439 866 1480 non
886 1427 1010 1496 potest:
1048 1415 1122 1499 quia
1144 1417 1276 1496 primum
1297 1420 1479 1484 attributum
1505 1437 1553 1486 est
1570 1447 1645 1505 per·

333 1528 441 1570 sonae.
489 1508 599 1571 Homo
622 1529 690 1571 esse
712 1531 776 1573 non
798 1520 921 1590 potest:
943 1508 1017 1592 quia
1041 1521 1170 1572 naturae
1191 1533 1346 1592 personae
1369 1517 1549 1578 attributum
1576 1519 1642 1580 est:

334 1612 363 1661 et
391 1613 505 1664 natissa
535 1602 712 1666 mortalium
741 1603 773 1666 in
799 1607 863 1666 duo
890 1602 1059 1676 dividitur,
1091 1601 1123 1665 in
1142 1605 1284 1668 homines
1306 1619 1338 1668 et
1360 1607 1389 1668 in
1414 1609 1508 1670 l'eras.
1554 1612 1687 1689 Quae1⁰
1784 1613 1786 1623 ’

336 1705 380 1754 est
406 1715 492 1776 ergo
517 1693 680 1775 persona?
715 1697 774 1760 llla
799 1696 920 1758 scilicet
941 1717 1020 1780 qnae
1048 1695 1079 1756 in
1108 1693 1348 1778 pronominibus
1377 1698 1472 1763 linitis
1504 1715 1572 1776 est;
1610 1716 1645 1765 ιιι

334 1791 429 1870 Ego,
453 1801 513 1860 tu,
536 1788 611 1864 ille,
634 1789 705 1864 bie,
727 1794 829 1864 hoec,
852 1792 928 1852 hoe.
971 1792 1083 1872 ltaque
1097 1813 1138 1852 es
1157 1814 1294 1872 persona
1309 1795 1390 1854 nulla
1414 1798 1642 1878 argumentatio

334 1893 438 1960 potest
461 1881 555 1944 suni.
600 1883 704 1960 Οιιιιιιι
733 1883 816 1946 enirn
835 1881 966 1956 dixero,
999 1885 1071 1958 hie,
1110 1890 1196 1969 qnod
1224 1899 1440 1971 argumentum
1463 1886 1548 1950 feei?
1592 1891 1643 1950 Es

336 1975 495 2038 attributis
524 1987 627 2037 aretem
655 1998 810 2058 personae
837 1975 970 2039 sumitur
1004 1975 1106 2039 omnis
1138 1981 1387 2062 argumentatio,
1424 2001 1481 2060 per
1510 1995 1643 2063 quaese

336 2069 489 2148 aperitet
521 2069 637 2153 quibus
659 2069 807 2151 impletur
828 2070 896 2151 ipsa
921 2091 1056 2148 persona
1085 2072 1245 2136 attributis
1271 2075 1347 2136 suis.
1406 2074 1509 2156 Igitur
1530 2083 1685 2154 perso-¹5

337 2183 442 2224 amnem
466 2163 605 2224 omnium
630 2165 676 2227 vis
697 2167 853 2245 probatur
874 2161 1000 2226 nostine
1021 2153 1112 2224 :miris
1136 2165 1284 2250 cuiusque
1305 2189 1473 2248 personae.

415 2258 555 2320 Nomen
575 2267 627 2318 est
650 2258 741 2341 qrsod
760 2257 821 2318 nni
837 2257 957 2338 cuique
975 2260 1291 2336 pessumeuntem,
1329 2283 1396 2344 qno
1412 2281 1475 2322 suo
1493 2281 1643 2344 quaeque

333 2349 479 2432 proprio
507 2361 541 2410 et
571 2361 666 2412 certo
694 2351 855 2413 uocabulo
884 2349 1090 2430 appellatur]
1140 2350 1321 2436 Antequam
1350 2355 1389 2414 ad
1417 2354 1478 2414 hoe
1505 2376 1640 2430 nornen,

336 2446 422 2525 qnod
438 2441 648 2504 deliniendum
671 2456 736 2517 est,
760 2442 940 2515 veniamus,
964 2439 1052 2521 prius
1070 2442 1108 2502 de
1123 2440 1328 2525 significantia
1345 2444 1478 2506 norrrinis
1493 2446 1641 2508 dieamus.

338 2539 460 2598 bornen
481 2536 563 2610 boc,
602 2538 689 2618 quod
708 2548 801 2598 sonat
823 2555 958 2609 nornen,
995 2545 1147 2617 quattuor
1168 2537 1392 2621 significantias
1420 2541 1527 2602 habet.
1572 2542 1685 2604 Unam

336 2628 403 2691 talis
424 2640 494 2703 est,-
518 2650 600 2712 quae
622 2628 722 2692 estin
744 2628 954 2711 appellatione
967 2649 1073 2689 rerum
1096 2630 1253 2700 omnium,
1293 2634 1402 2694 Verba
1420 2642 1520 2694 nutem
1534 2645 1643 2696 nostra

336 2723 437 2784 omnia
460 2742 568 2784 rerum
590 2722 714 2785 nomina
736 2733 826 2784 sunt:
864 2723 1023 2795 intenlio,
1054 2743 1172 2785 curro·
1216 2725 1333 2808 Utique
1356 2725 1404 2786 his
1427 2725 1571 2788 omnibns
1591 2748 1643 2788 res

335 2815 563 2896 significantur.
615 2816 705 2878 Unde
737 2815 826 2878 multi
861 2813 948 2877 illum
977 2813 1238 2896 sapientissimum
1272 2841 1309 2882 ae
1338 2816 1546 2886 beatissimum
1575 2841 1643 2881 esse

335 2909 501 2982 dixerim,
533 2906 586 2988 qui
618 2909 712 2970 rebus
744 2908 869 2970 nomina
896 2906 1064 2988 imposuit:
1087 2919 1173 2970 certe
1197 2923 1230 2972 ut
1251 2910 1384 2976 sciamus
1406 2923 1642 2991 ornnespartes

336 3001 512 3075 orationis,
541 3000 661 3076 idest,
696 3024 788 3066 omne
809 3004 897 3086 quod
916 2998 1096 3084 loquimur,
1136 3002 1261 3064 nomina
1284 3025 1352 3066 esse
1373 3022 1492 3066 rerum.
1537 3007 1641 3084 Quum
1653 3007 1684 3054 2⁵

335 3100 371 3160 de
393 3095 537 3174 Sibyllae
564 3097 726 3176 responsis
755 3107 904 3179 ageretur
933 3092 979 3172 (in
1000 3094 1162 3173 responsis
1185 3106 1286 3156 antem
1310 3117 1417 3162 ornnes
1440 3108 1515 3160 octo
1536 3112 1644 3179 partes

336 3187 491 3254 orationis
523 3187 663 3265 luerint,
694 3211 821 3254 necesse
853 3189 913 3267 est)
946 3186 990 3248 ait
1022 3184 1197 3268 Virgilius:
1231 3191 1330 3263 (Aen.
1365 3193 1440 3256 Lib.
1464 3189 1530 3258 Ill.
1555 3196 1643 3272 tlt.)

334 3284 503 3366 foliisque
523 3293 624 3346 notus
642 3295 677 3346 et
690 3283 831 3349 nomina
844 3282 997 3346 mandas.
1041 3282 1133 3363 Ergo
1148 3281 1226 3344 haee
1247 3303 1307 3344 una
1321 3282 1527 3368 significantia
1542 3288 1643 3354 uomi-

335 3379 379 3442 nis
406 3388 476 3450 est,
514 3397 596 3458 qnae
627 3376 659 3439 in
687 3376 826 3441 omnium
859 3377 1031 3438 verborum
1063 3373 1273 3454 appellatione
1296 3368 1355 3438 e'st.
1413 3379 1487 3443 Alia
1502 3381 1642 3445 nominis

333 3469 540 3556 significantia
563 3469 719 3546 talis'est,
743 3491 804 3554 qua
826 3489 919 3531 unam
936 3477 1055 3548 partem
1078 3466 1232 3530 orationis
1254 3471 1292 3531 de
1315 3480 1390 3532 octo
1409 3475 1553 3554 partibus
1568 3497 1642 3538 ora·
1653 3476 1685 3526 ³⁰

333 3565 427 3628 uonis
450 3562 594 3624 videmus
615 3583 684 3626 esse
702 3562 876 3645 signatam,
901 3571 935 3622 ιιι
956 3581 1097 3635 nomen,
1124 3583 1334 3642 pronomen,
1365 3567 1514 3630 verbum.
1560 3571 1642 3631 Ter·

335 3657 392 3731 tia,
428 3653 564 3720 nominis
594 3654 736 3736 proprii;
773 3665 808 3718 ut
842 3652 994 3728 bominis,
1032 3666 1065 3716 ιιι
1093 3657 1238 3719 deorum.
1289 3657 1410 3738 erarta
1441 3671 1543 3723 antem
1567 3665 1643 3727 baec

335 3749 562 3834 quadripertita
584 3759 651 3824 est,
685 3769 747 3830 qua
769 3770 828 3810 una
850 3769 994 3829 quaeque
1014 3768 1150 3828 persona
1181 3743 1249 3812 sio'e
1273 3749 1402 3814 alterius
1424 3754 1642 3819 communione

336 3845 489 3928 signatur.
533 3843 577 3904 Et
606 3854 640 3904 nt
666 3840 809 3918 seiarmm
828 3862 918 3902 ranam
945 3843 983 3902 de
1010 3851 1161 3921 quattuor
1190 3843 1269 3905 hanc
1291 3864 1360 3906 esse
1382 3843 1642 3928 significationem

263 3934 264 3989 i
337 3934 485 4011 nominis,
519 3934 565 3997 sie
586 3935 774 4016 proposuit,
812 3946 847 3996 ut
868 3936 1065 4008 ostenderet,
1095 3937 1184 4017 quod
1206 3957 1317 3998 nomen
1340 3950 1422 4000 esset
1445 3937 1640 4002 deliniturus.
1655 3941 1687 3990 ³⁵

338 4035 471 4096 Nomen
490 4039 561 4103 est,
583 4029 703 4113 inquit,
727 4028 819 4112 quod
832 4028 893 4090 unt
911 4029 1032 4112 cuique
1044 4049 1211 4108 personae
1225 4030 1351 4103 dentur,
1374 4051 1442 4114 qno
1461 4053 1525 4092 suo
1541 4053 1644 4114 preae-

276 4199 281 4208 ‚
340 4147 399 4210 qne
417 4123 565 4206 proprio
577 4134 610 4186 et
631 4134 725 4185 eerto
746 4122 908 4185 vocabulo
928 4123 1132 4204 appellatur.
1175 4123 1268 4206 Ergo
1290 4134 1325 4184 ut
1345 4125 1508 4205 proprium
1531 4146 1643 4206 perso-

342 4239 394 4280 aae
426 4219 489 4281 boe
518 4237 632 4280 nomeu
659 4225 693 4278 et
719 4226 839 4278 eertmn
868 4213 924 4288 sit,
962 4235 1021 4295 per
1050 4226 1201 4296 ιμιιιιιιιοι·
1230 4215 1390 4288 tenditur;
1431 4236 1641 4297 praenomen,

342 4332 470 4385 nomen,
494 4329 691 4394 cognomen,
713 4329 881 4392 agnomen.
926 4309 1124 4370 Praenomen
1147 4328 1247 4387 porro
1270 4307 1421 4370 interdum
1446 4331 1523 4386 siun,
1547 4311 1644 4376 inter·

342 4407 409 4466 dtrro
430 4405 569 4478 duabus,
591 4403 745 4466 interdurn
768 4404 869 4465 tribus
889 4399 991 4464 literis
1013 4400 1212 4464 continetur:
1246 4412 1279 4463 nt
1302 4400 1343 4464 C.
1366 4402 1487 4478 Coissa,
1512 4416 1546 4467 nt
1569 4405 1688 4470 CN.⁴⁰

342 4499 489 4571 Camars,
525 4507 561 4558 ut
589 4496 691 4559 SEX.
719 4499 867 4560 Sextus:
904 4493 1025 4576 luitque
1057 4495 1204 4557 nonnulla
1237 4497 1321 4575 apud
1354 4493 1488 4560 :naiores
1517 4512 1646 4564 nostros

343 4588 551 4670 praenominis
577 4588 679 4660 ratio:
715 4609 785 4650 narn
813 4599 844 4650 et
867 4587 1018 4667 Quintum
1040 4588 1111 4652 ideo
1134 4588 1299 4662 dixerunt,
1334 4591 1421 4672 quod
1444 4591 1553 4674 quinto
1575 4591 1645 4656 lor-

344 4684 428 4744 tassis
451 4683 526 4745 loeo
549 4692 638 4743 natus
660 4691 762 4744 esset:
786 4691 817 4744 et
838 4680 972 4744 Lucium
994 4681 1086 4758 ideo,
1110 4681 1335 4767 quialortasse
1358 4694 1440 4745 esset
1456 4683 1544 4748 initio
1567 4687 1646 4750 lucis

344 4787 484 4840 exortura.
542 4776 666 4837 Verum
689 4775 837 4859 quioniam
859 4776 937 4838 haec
958 4778 1041 4857 apud
1064 4797 1122 4840 nos
1145 4774 1227 4840 ratio
1250 4775 1326 4838 nibil
1349 4775 1454 4851 valet,
1479 4799 1646 4862 argumen-

344 4879 403 4932 tum
426 4871 465 4933 de
486 4867 688 4952 praenomine
710 4891 773 4938 uon
796 4870 987 4955 quaerimus.
1024 4872 1150 4934 Nomen
1164 4891 1267 4954 porro
1284 4868 1434 4934 maiorum
1451 4887 1498 4938 ess
1514 4887 1688 4936 tracturum
1722 4869 1727 4878 '

412 5094 458 5145 22.
477 5098 576 5142 nostm
595 5091 702 5160 niuniu]
723 5089 773 5144 Cd.
793 5093 854 5144 Bas.
874 5121 912 5134 -
931 5108 986 5145 οιιι.
1004 5101 1105 5145 nostro
1124 5091 1192 5146 Edd.
1212 5095 1265 5148 Oa.

412 5164 458 5224 bt.
478 5165 600 5238 Gnaeus]
622 5165 683 5226 md.
704 5193 737 5210 ·-
757 5183 846 5235 gneus
865 5165 915 5222 cd.
935 5167 998 5222 Bas.
1018 5193 1051 5210 ·-·
1069 5169 1170 5222 Cnea'ua
1188 5170 1273 5242 capp.
1294 5169 1347 5225 Oa.
