4434 5959
924 641 1018 708 LIB.
1039 642 1071 707 l.
1598 633 1640 701 db

331 799 395 850 aar.
437 785 485 852 Ut
504 793 601 867 puta,
624 783 802 850 menbrana
831 781 1005 847 substantia
1026 792 1086 846 est.
1142 778 1303 846 Accidunt
1324 789 1425 844 autem
1448 775 1477 842 ei
1498 797 1638 853 moerim,

332 881 509 962 scriptura,
542 887 575 940 et
595 889 719 952 cetera,
751 898 846 960 quum
868 875 987 938 interea
1009 886 1041 939 et
1067 874 1240 938 substantia
1260 894 1313 938 res
1334 874 1391 950 sit,
1425 885 1456 937 et
1478 894 1534 950 ea,
1559 892 1638 956 qttae

253 984 254 999 ¹
334 973 496 1046 aonidum,
531 990 585 1033 res
615 968 689 1032 sint.
732 970 833 1032 Naana
854 971 893 1031 ad
920 969 970 1043 id,
1004 986 1068 1050 quo
1097 969 1136 1031 de
1164 988 1245 1030 uuna
1267 968 1389 1052 agitur,
1425 979 1637 1031 revertamur.

332 1066 465 1132 tatem
487 1064 580 1126 enirn
599 1083 675 1137 res,
712 1061 837 1146 iuquit,
870 1061 933 1126 alii
953 1082 1061 1148 gentas
1081 1082 1176 1136 ease,
1211 1060 1272 1124 alii
1289 1081 1376 1143 pars
1395 1072 1519 1143 potest.
1576 1059 1640 1122 Hie

333 1181 398 1222 rem
418 1156 625 1220 substantiam
659 1154 768 1237 [illam]
797 1176 970 1237 ponamus:
1001 1175 1083 1239 quiae
1103 1158 1175 1216 dum
1198 1155 1264 1219 sola
1288 1165 1353 1228 est,
1388 1164 1474 1236 patet
1495 1151 1666 1218 omuibus⁵

334 1249 556 1314 accidentibus.
599 1249 663 1311 Sed
685 1269 781 1331 quiam
807 1249 847 1310 ab
875 1268 939 1312 uuo
961 1247 1113 1310 accidenti
1140 1247 1238 1310 interit
1259 1258 1430 1328 oocatpata,
1468 1245 1529 1310 iam
1552 1245 1584 1308 iu
1605 1265 1640 1308 so

334 1343 478 1408 accidens
499 1342 586 1404 aliud
606 1362 668 1404 nou
690 1338 836 1404 admittit.
879 1343 924 1407 Ut
945 1353 1036 1423 puta,
1061 1341 1132 1404 laua
1154 1341 1224 1402 alba
1250 1360 1301 1403 res
1325 1351 1389 1416 est,
1420 1340 1476 1401 sed
1497 1340 1641 1400 substau-

334 1439 389 1500 tia.
432 1437 524 1498 Haeo
554 1455 607 1498 ras
638 1444 724 1516 patet
756 1433 859 1496 maritis
886 1435 1111 1498 accidentibus.
1158 1435 1273 1498 Potest
1301 1432 1380 1495 euitu
1410 1432 1479 1493 lana
1508 1431 1560 1494 illa
1589 1439 1643 1494 aut

334 1551 428 1593 rosea
451 1526 523 1609 lieri
543 1538 596 1589 aut
616 1537 730 1588 veneta
751 1538 805 1588 aut
826 1527 930 1611 nigra.
985 1530 1049 1590 Sed
1079 1527 1107 1590 si
1136 1527 1277 1590 colorem
1301 1519 1404 1587 'unnim
1425 1523 1456 1587 iu
1478 1546 1513 1589 se
1534 1546 1641 1588 susce-

334 1623 440 1705 perit,
474 1621 536 1684 iam
557 1620 590 1682 in
610 1639 645 1682 se
667 1620 808 1683 colorem
832 1621 924 1682 alium
946 1641 1008 1684 uon
1032 1619 1176 1684 admittit.
1227 1616 1375 1682 Similiter
1397 1629 1429 1682 et
1449 1620 1545 1683 homo
1566 1615 1684 1682 sub-¹⁰

336 1718 448 1779 stantia
471 1725 532 1777 est.
576 1712 688 1777 Potest
709 1712 883 1790 autemid,
908 1717 994 1798 qaod
1014 1716 1112 1778 homo
1135 1724 1198 1788 est,
1221 1733 1304 1776 nuno
1325 1733 1436 1775 servus
1451 1731 1537 1785 esse,
1561 1729 1643 1772 nuno

335 1809 493 1871 domiuus.
536 1807 601 1870 Sed
621 1816 787 1889 postquam
809 1805 925 1870 dixeris
948 1806 1126 1882 domiuum,
1149 1804 1181 1869 in
1204 1827 1266 1881 ao,
1298 1806 1383 1890 quod
1410 1803 1553 1869 dominus
1575 1814 1641 1878 est,

335 1922 408 1966 esse
425 1913 458 1963 et
478 1919 591 1963 servus
612 1918 675 1962 nou
697 1909 816 1981 potest.
845 1900 913 1963 Aut
934 1921 1029 1984 quum
1051 1901 1167 1962 dixero
1189 1921 1333 1976 servum,
1356 1898 1389 1960 iu
1404 1918 1455 1973 eo,
1474 1898 1561 1982 quod
1575 1915 1644 1958 ser-

335 2017 396 2057 ras
417 2004 483 2070 est,
518 2005 551 2056 et
572 1991 715 2056 domiuus
737 2012 806 2056 esse
829 2013 893 2056 nou
913 2005 1033 2074 potest.
1091 1995 1139 2056 lta
1167 2013 1247 2077 ergo
1269 2006 1300 2056 et
1320 1994 1372 2055 hia
1392 1988 1590 2054 deliberatio
1611 1997 1644 2052 et

336 2086 585 2152 demonstratio
605 2107 658 2148 res
680 2095 749 2161 est,
771 2089 828 2150 sed
848 2087 900 2150 illa
915 2086 1104 2161 substantia,
1129 2108 1209 2168 quae
1225 2087 1370 2169 quamdiu
1385 2085 1454 2151 sola
1468 2093 1536 2162 est,
1556 2093 1643 2162 patet
1655 2089 1687 2140 ¹⁵

337 2179 572 2255 accidentibus,
595 2178 711 2256 idest,
735 2179 845 2263 generi
865 2200 977 2242 canisae
998 2190 1031 2242 et
1052 2201 1163 2242 canisae
1190 2180 1345 2262 partibus.
1372 2179 1422 2242 lta
1445 2178 1592 2264 quamdiu
1612 2176 1645 2240 in

338 2273 461 2337 ineerta
483 2283 578 2348 sunt,
601 2291 700 2356 geum
722 2272 792 2347 alii,
814 2271 865 2335 alii
886 2284 991 2355 partes
1013 2293 1082 2336 esse
1102 2285 1250 2355 possunt.
1295 2274 1399 2353 Quum
1421 2293 1499 2337 vero
1522 2271 1647 2358 generis

340 2386 455 2431 nomeu
479 2364 671 2447 acceperint,
691 2363 724 2427 iu
746 2385 799 2441 eo,
823 2368 909 2449 quod
931 2387 1029 2448 genus
1051 2377 1135 2440 suut,
1159 2379 1190 2428 et
1211 2378 1317 2448 partes
1339 2386 1407 2429 esse
1421 2387 1486 2430 uon
1499 2377 1647 2449 possunt.

338 2461 415 2523 noe
435 2468 505 2535 est,
529 2459 619 2540 quod
639 2458 704 2522 ait:
733 2457 856 2523 Eidem
875 2479 985 2541 genus
1006 2479 1080 2520 esse
1102 2469 1135 2521 et
1155 2479 1242 2541 pars
1263 2481 1331 2522 non
1349 2470 1477 2542 potest.
1507 2461 1599 2542 Ergo
1620 2457 1648 2536 si

340 2573 441 2636 geom
484 2549 588 2613 eneris
608 2570 685 2632 pars
705 2571 775 2615 esse
796 2572 869 2634 uon·
881 2560 1003 2634 potest,
1027 2551 1126 2616 multo
1149 2551 1248 2614 miuus
1270 2551 1371 2634 partis
1394 2552 1518 2638 generis
1539 2557 1689 2634 paetestt
1711 2605 1713 2608 .

339 2646 438 2728 putab
496 2634 548 2704 iar.
1643 2689 1645 2694 .

424 2735 638 2802 Deliberatio
657 2747 773 2802 atatem
793 2749 826 2801 et
840 2737 1086 2801 demonstratio
1106 2751 1327 2820 generarunt
1349 2737 1545 2818 ammonam]
1587 2737 1646 2813 tt,

339 2831 428 2916 qnod
447 2829 554 2912 primo
576 2829 670 2893 dubie
690 2830 877 2913 proposuit,
900 2831 1068 2912 assumpsit
1095 2832 1163 2893 sine
1184 2833 1389 2897 dubitatione.
1426 2834 1538 2915 Neque
1567 2830 1647 2893 enim

340 2923 435 2999 dicit,
456 2923 491 2986 si
513 2922 734 2996 deliberatia,·
755 2925 830 3000 sed,
853 2923 1052 2988 deliberatio
1072 2935 1187 2986 atatem
1208 2937 1241 2986 et
1262 2925 1507 2989 demonstratio
1520 2945 1649 3008 genera

339 3029 423 3082 aum
441 3037 639 3080 mnam.
682 3017 727 3080 Et
747 3017 780 3078 id
806 3017 922 3099 triplici
943 3017 1213 3101 argumentatione
1235 3016 1413 3093 couiincit,
1451 3017 1570 3081 seilicet
1590 3019 1691 3081 cte-ts

341 3110 625 3174 monstrationem
646 3122 677 3173 et
697 3109 972 3174 deliberationem
993 3131 1108 3192 genera
1130 3130 1199 3174 esse
1221 3130 1398 3174 cattsarum.

423 3205 519 3268 Nam
530 3214 593 3266 aiat
605 3205 749 3279 nullum,
771 3204 892 3286 inquit,
914 3223 1039 3266 causae
1056 3224 1166 3288 genna
1187 3215 1248 3274 est,
1269 3215 1328 3266 aut
1344 3202 1503 3267 iudiciale
1516 3205 1647 3281 salam,

339 3307 404 3359 aaut
422 3307 456 3359 et
477 3295 636 3359 iudiciale
662 3308 697 3359 et
724 3296 1029 3360 demonstrativum
1060 3308 1094 3360 et
1117 3295 1384 3378 deliberativum]
1426 3298 1465 3361 ld
1490 3308 1559 3375 est,
1597 3309 1652 3360 aut

340 3387 461 3452 nullom
481 3407 594 3452 oausse
618 3409 716 3473 genus
737 3399 786 3452 est
804 3399 857 3451 aut
875 3409 969 3451 unnim
990 3399 1044 3451 aut
1064 3387 1139 3451 tria.
1196 3388 1271 3453 Duo
1292 3388 1370 3452 euim
1393 3401 1564 3471 propterea
1586 3411 1649 3454 uon

341 3481 433 3556 dixit,
456 3481 606 3564 quoniam
627 3482 827 3545 deliberatio
848 3491 881 3545 et
901 3481 1158 3556 demonstratio,
1182 3501 1367 3566 quamquam
1383 3482 1462 3547 iuter
1476 3505 1511 3547 se
1526 3483 1649 3548 diversa
1661 3493 1693 3545 to

342 3586 436 3648 snat,
472 3572 565 3636 simul
595 3586 699 3638 tamen
728 3588 782 3638 aot
808 3573 841 3637 iu
877 3573 1046 3657 generibus
1081 3595 1194 3637 causae
1223 3587 1385 3656 ponuntur
1412 3588 1444 3639 et
1478 3577 1557 3640 litant
1589 3577 1649 3650 tria

344 3687 462 3750 genera
483 3688 620 3732 musso:
643 3669 811 3732 autsimul
831 3668 985 3733 tolluntur
1004 3678 1036 3729 et
1056 3678 1197 3730 remanet
1218 3687 1329 3743 uuum,
1353 3668 1384 3730 id
1404 3679 1470 3745 est,
1494 3668 1654 3734 iudiciale

342 3759 461 3822 soluto.
490 3761 586 3844 Ergo
606 3761 690 3825 tollit
710 3764 794 3839 duo,
817 3761 851 3824 id
871 3773 932 3836 est,
957 3782 1123 3836 arcanum
1139 3781 1206 3824 esse
1222 3781 1279 3824 nea
1294 3762 1430 3838 nullum,
1452 3774 1486 3825 ut
1508 3763 1550 3839 id,
1566 3765 1653 3846 quod

341 3851 498 3936 reliquum
521 3865 593 3932 est,
623 3857 835 3937 approbetur.
890 3854 1042 3930 Nttllum,
1078 3853 1196 3939 inquit,
1233 3875 1343 3918 canisae
1373 3876 1471 3939 genus
1498 3877 1651 3920 essenon

340 3956 452 4027 potest
472 3944 597 4010 &aerea
632 3967 704 4009 uam
726 3946 783 4032 qui
803 3958 888 4010 artes
907 3945 1018 4010 scribit
1040 3947 1215 4032 multasque
1244 3949 1318 4010 dicit
1339 3969 1408 4013 esse
1430 3971 1559 4025 aalma,
1583 3951 1693 4012 nul-3⁵

341 4037 405 4100 han
427 4059 491 4103 non
511 4051 619 4122 potest
638 4040 756 4104 dicere.
786 4041 876 4105 Tulit
896 4062 963 4105 rem
986 4061 1097 4116 uuam,
1123 4041 1234 4104 deinde
1255 4063 1348 4104 statam
1370 4041 1528 4106 iudiciale
1549 4042 1652 4105 solutu

343 4150 417 4194 esse
436 4151 501 4195 aon
521 4144 629 4215 potest
649 4133 771 4197 dicere:
807 4145 979 4216 propterea
1008 4135 1095 4217 quod
1117 4145 1149 4198 et
1169 4134 1367 4198 deliberatio
1388 4147 1420 4198 et
1440 4136 1652 4198 demonstra·

341 4225 395 4288 tio
417 4245 535 4308 genera
555 4237 629 4290 suut
650 4249 830 4303 causarum
853 4249 924 4290 uam
945 4236 978 4289 et
996 4227 1081 4290 iuter
1100 4248 1136 4290 se
1158 4227 1279 4291 diversa
1295 4239 1366 4298 strat
1388 4240 1419 4290 et
1440 4229 1479 4289 ab
1500 4226 1653 4290 iudiciali

343 4317 476 4380 stultum
497 4331 656 4402 separata.
686 4323 724 4386 ld
742 4342 858 4404 porro,
882 4323 969 4404 qood
985 4321 1143 4385 diversum
1165 4330 1233 4398 est,
1257 4333 1332 4384 tuno
1353 4318 1479 4385 omuino
1495 4321 1651 4384 diversum

343 4423 414 4487 est,
451 4411 479 4475 si
496 4412 580 4476 inter
599 4435 635 4478 se
656 4423 688 4476 et
707 4417 805 4478 rebus
826 4425 861 4479 et
880 4412 969 4477 exitu
989 4413 1095 4477 distet.
1139 4415 1246 4498 Atque
1267 4427 1301 4477 ut
1321 4413 1460 4478 rationes
1482 4433 1522 4476 ex
1545 4413 1695 4476 simili-tt

342 4505 407 4567 bas
427 4504 633 4590 colligamus,
663 4528 714 4572 res
735 4520 783 4572 est
803 4507 916 4585 lectio,
948 4507 1050 4571 exitus
1070 4507 1261 4572 intellectus.
1304 4508 1396 4591 Ergo
1417 4509 1494 4570 haee
1514 4506 1573 4569 tria
1597 4529 1654 4591 ga·

342 4617 425 4661 aera
445 4619 610 4663 causarum
625 4623 661 4664 re
675 4602 802 4665 intense
824 4601 957 4666 distant:
981 4601 1063 4664 aliud
1084 4599 1165 4664 enim
1181 4600 1287 4684 agitur
1307 4601 1337 4664 iu
1352 4599 1651 4675 demonstratione,

344 4691 434 4754 alind
452 4691 485 4758 ia
506 4693 766 4771 deliberatione,
797 4696 881 4759 aliud
900 4695 933 4757 in
955 4695 1119 4758 iudiciali.
1176 4695 1295 4758 Rerum
1318 4714 1444 4778 quoque
1466 4691 1568 4756 exitus
1590 4691 1653 4755 dis-

423 4814 450 4868 s.
470 4811 580 4882 [aaa]
598 4827 636 4866 ω
654 4829 708 4866 om.
727 4811 777 4866 ct.
796 4813 859 4867 aa..
879 4813 933 4868 o..

422 4895 468 4944 to.
486 4887 607 4938 colorem
624 4887 724 4958 adam]
750 4889 897 4962 Perpessus
921 4885 1061 4962 legebatur
1085 4886 1153 4942 olim
1178 4887 1265 4944 allud.
1292 4886 1375 4942 carr.
1394 4887 1492 4956 (allum
1510 4901 1583 4942 rests
1602 4883 1652 4942 cd.

342 4959 410 5015 Μ
423 4963 469 5092 ii.
483 4960 658 5107 pmnisiiiir
675 5059 714 5094 =
730 5037 890 5106 punam
907 5035 958 5092 ca.
977 5037 1040 5091 aa..
1059 5035 1113 5092 oa.

423 5111 470 5170 56.
488 5110 582 5182 Tulit]
602 5113 676 5168 torn.
698 5113 783 5167 tolttt.
821 5111 889 5166 Vide
908 5128 1001 5168 tamen
1019 5128 1101 5187 snpra
1120 5111 1154 5168 ad
1173 5132 1201 5190 p.
1223 5117 1269 5175 bb.
1289 5112 1310 5172 l.
1329 5113 1374 5172 29.
1411 5113 1465 5170 Os.

423 5183 472 5248 ts.
490 5191 522 5238 tn
537 5186 678 5260 tuttetat]
699 5186 816 5263 dnpple,
835 5193 966 5245 materia.
986 5190 1069 5244 Cam.
