4434 5959
574 604 636 668 ιιι
1115 612 1350 681 uuerutus
1408 590 1413 600 ’

573 746 710 827 speciem
726 746 886 830 separari,
914 760 1008 833 atone
1027 772 1082 831 ea,
1107 774 1189 837 qaaae
1204 755 1298 817 marita
1322 764 1412 829 aunt,
1433 754 1466 817 in
1489 772 1585 817 tanum
1601 772 1749 839 geneum
1764 750 1872 816 ratione

574 841 742 924 colligere.
800 844 893 905 Hane
914 844 1011 927 igitur
1034 848 1128 913 Plato
1154 847 1350 912 dialecticam
1373 847 1466 911 dicit:
1489 846 1682 911 Aristoteles
1704 868 1783 912 vero
1802 846 1873 928 lugi·

573 955 641 997 cam
665 946 778 1013 vocat,
810 960 904 1021 quiam
923 942 969 1019 (ut
992 942 1106 1007 dietum
1128 942 1191 1021 est)
1212 940 1330 1006 Cicero
1351 939 1493 1004 delinivit
1511 939 1691 1026 diligentem
1716 938 1873 1003 disserendi

572 1028 741 1093 rationem.
786 1032 829 1095 Et
848 1031 939 1095 buim
964 1054 1027 1097 ιιιιο
1050 1038 1173 1119 uiridem
1197 1036 1292 1098 modo
1315 1033 1396 1097 trdoa
1419 1032 1550 1116 partitio
1571 1046 1631 1099 est.
1675 1030 1874 1097 Omnisoau·

548 1132 635 1205 tqvve
660 1122 706 1185 vis
736 1122 862 1207 logicae
888 1124 1070 1209 discipliuae
1097 1139 1152 1192 aut
1178 1127 1288 1193 delinit
1309 1126 1428 1212 aliquid
1448 1140 1502 1191 aut
1520 1126 1660 1210 partitur
1678 1137 1732 1189 aut
1753 1123 1873 1207 colligit.

451 1256 456 1266 ι
573 1213 759 1297 Colligeodi
782 1228 885 1279 autem
915 1217 1048 1283 tuentur
1071 1220 1189 1303 triplici
1211 1220 1396 1284 diversitate
1419 1232 1593 1285 tractatur:
1629 1232 1682 1283 aut
1702 1219 1784 1281 enim
1803 1215 1873 1281 veris

573 1330 611 1371 ac
630 1308 816 1371 necessariis
849 1312 1177 1395 argumentationibus
1206 1311 1378 1395 disputatio
1403 1311 1563 1391 decurrit,
1600 1326 1632 1376 et
1652 1310 1815 1393 disciplina
1834 1308 1874 1370 rel

572 1402 800 1466 demonstratio
832 1417 1049 1486 oirncupatur:
1089 1421 1143 1470 aut
1164 1418 1284 1469 tantnm
1306 1406 1545 1487 probabilibus,
1578 1418 1610 1470 et
1631 1404 1795 1469 dialectica
1811 1402 1874 1464 diei·

572 1506 644 1559 tur:
676 1508 729 1558 aut
749 1497 944 1578 apertissime
965 1498 1074 1577 talsis,
1110 1512 1140 1563 et
1160 1499 1356 1582 aopbistiea,
1380 1499 1495 1577 idest,
1518 1499 1718 1564 cavillatoria
1742 1495 1875 1580 perbibe-

511 1594 636 1652 ·¹0tnr.
681 1589 805 1674 Logiea
830 1590 946 1675 igitur,
979 1606 1128 1676 quaeest
1152 1592 1266 1676 peritia
1290 1594 1483 1669 disserendi,
1508 1594 1559 1657 vel
1581 1596 1620 1657 de
1638 1587 1872 1655 delinitioneael

521 1693 525 1701 '
571 1684 610 1746 de
634 1684 803 1767 partitione
827 1685 875 1747 uel
899 1687 938 1748 de
960 1686 1162 1763 collectione,
1186 1685 1303 1764 idest,
1328 1686 1379 1751 vel
1403 1689 1442 1751 de
1464 1688 1550 1752 veris
1572 1708 1609 1749 ac
1630 1685 1814 1750 necessariis
1832 1682 1872 1744 vel

571 1778 610 1839 de
634 1778 872 1857 probahilibus,
904 1778 935 1839 id
950 1772 1021 1855 'est,
1046 1781 1114 1844 veri
1136 1781 1306 1856 similibus,
1331 1782 1381 1845 vel
1404 1784 1444 1845 dc
1465 1779 1666 1862 sophisticis,
1688 1780 1722 1842 id
1744 1788 1808 1853 est,
1829 1796 1870 1837 ca·

573 1872 738 1936 villaturiis
760 1874 1085 1955 argumentationibus
1106 1885 1240 1949 tractat;
1270 1876 1326 1937 lias
1348 1875 1430 1939 euim
1457 1873 1655 1938 collectionis
1682 1883 1791 1954 partes
1814 1886 1871 1931 esse

570 1966 796 2047 praediximus.
851 1966 958 2049 Atque
980 1968 1060 2029 llaec
1082 1980 1129 2031 cst
1151 1988 1209 2031 uua
1233 1967 1357 2052 logicae
1379 1968 1529 2051 partitio,
1552 1966 1584 2029 in
1606 1986 1669 2049 qaia
1690 1962 1869 2028 dialecticam

528 2058 764 2123 tsAristoteles
797 2071 891 2121 vocat
918 2058 1100 2121 facilitatem
1132 2080 1191 2142 per
1220 2061 1398 2145 probabilia
1428 2058 1612 2144 colligendi.
1655 2059 1782 2122 illaesus
1801 2054 1870 2117 eins·

570 2154 639 2227 dona
665 2152 789 2236 logicae
811 2152 908 2214 altera
932 2152 1047 2217 divisio
1071 2162 1137 2228 est,
1168 2174 1227 2235 per
1250 2174 1342 2239 quam
1368 2154 1526 2219 diducitur
1546 2164 1616 2217 tota
1638 2152 1774 2237 diligens
1803 2146 1870 2211 ratio

570 2244 741 2309 disserendi
774 2246 807 2308 in
843 2249 917 2309 diras
950 2259 1076 2329 partes,
1116 2268 1206 2310 uuam
1229 2246 1407 2311 inveniendi
1428 2260 1460 2311 et
1482 2248 1613 2311 alteram
1635 2242 1804 2309 iudicandi.
1840 2239 1870 2301 ld

571 2350 674 2403 antem
700 2339 826 2403 videtur
848 2340 940 2423 etiam
963 2340 1028 2422 ipsa
1052 2340 1177 2425 logices
1197 2341 1339 2405 delinitio
1361 2353 1556 2405 monstrare:
1594 2360 1665 2404 narn
1687 2339 1761 2422 qiaia
1783 2334 1870 2418 lugiet

570 2432 654 2496 ratio
685 2432 856 2495 disserendi
886 2444 951 2507 est,
987 2454 1051 2497 non
1081 2444 1188 2515 potest
1216 2437 1257 2498 ab
1278 2434 1462 2500 inventione
1483 2455 1552 2497 esse
1579 2444 1740 2516 separata.
1782 2430 1870 2510 Qratua

527 2524 652 2589 atenim
676 2546 767 2589 ncutu
788 2536 916 2609 praeter
940 2526 1154 2591 inventionem
1172 2528 1328 2591 disserere
1342 2527 1460 2611 possit,
1484 2525 1656 2592 disserendi
1678 2525 1764 2588 ratio
1777 2523 1870 2586 iuven·

570 2616 666 2681 tionis
691 2629 738 2679 est
759 2616 857 2680 ratio.
912 2620 1037 2682 Rursus
1059 2622 1206 2701 quoniam
1228 2621 1335 2705 logice
1357 2621 1492 2729 diligens
1519 2621 1604 2685 ratio
1626 2618 1799 2684 disserendi
1818 2624 1869 2683 est.

570 2712 609 2774 ab
632 2732 667 2773 ea
690 2730 754 2774 non
776 2722 881 2793 potest
904 2713 1014 2775 abesae
1029 2710 1189 2781 indicione.
1232 2718 1306 2797 Ipsa
1328 2716 1409 2779 enim
1430 2714 1594 2798 diligentia
1614 2712 1750 2777 rationis
1770 2710 1800 2773 in
1819 2706 1870 2769 dis·

568 2806 704 2870 serendo
737 2803 841 2885 posita
869 2802 1015 2867 indicium
1038 2817 1098 2869 est.
1157 2809 1271 2893 Neque
1293 2807 1375 2871 euim
1401 2819 1511 2889 potest
1532 2806 1697 2891 qrtisquam
1722 2804 1870 2887 diiigenter

569 2902 746 2975 disserere,
780 2898 837 2961 nisi
860 2898 1065 2973 iudicaverit,
1100 2901 1192 2982 qaaale
1212 2901 1253 2964 sit
1283 2902 1332 2976 id,
1364 2898 1504 2985 quaudiu
1526 2899 1770 2982 disputationem
1790 2890 1869 2957 sirini·
1932 2891 1933 2946 i

526 2999 635 3058 ιιιιιι.
679 2990 823 3073 Quodsi
846 2993 884 3054 ad
903 2990 1076 3055 disserendi
1098 2995 1241 3058 ordinem
1264 2994 1428 3076 diligentia
1450 2992 1582 3056 rationis
1603 2993 1788 3067 adhibetur,
1815 3005 1868 3049 noa

569 3099 616 3150 est
639 3085 786 3162 alithium,
828 3085 904 3169 quiin
932 3086 996 3149 huc
1017 3084 1164 3150 iudicium
1192 3086 1261 3149 ad
1252 3087 1469 3150 inventionum
1490 3088 1675 3150 varietatem
1697 3086 1738 3148 sit
1760 3102 1868 3147 accunt·

570 3182 743 3242 rnodatrun.
797 3179 858 3241 His
880 3176 982 3262 igitur
1003 3178 1043 3242 ita
1066 3178 1223 3262 expeditis
1246 3178 1412 3243 videndum
1434 3192 1502 3255 est,
1531 3182 1590 3242 hae
1612 3177 1783 3242 divisiones
1803 3194 1868 3258 qua·

569 3295 639 3337 nam
662 3294 695 3335 se
717 3272 910 3358 cognatione
932 3272 1132 3359 contingant.
1175 3272 1325 3337 inventio
1342 3274 1459 3357 quippe
1481 3276 1596 3337 ceteris
1619 3270 1767 3337 omnibns
1788 3262 1868 3332 veluti

479 3372 483 3379 '
569 3364 716 3429 materiae
749 3366 822 3430 locu
851 3367 1041 3447 supponitur
1068 3368 1132 3432 hoc
1160 3368 1270 3432 modo.
1325 3367 1394 3431 Nisi
1415 3365 1496 3429 euim
1518 3366 1661 3429 inventio
1680 3364 1797 3439 iecerit,
1817 3378 1868 3421 noa

400 3494 412 3505 ·
527 3469 675 3541 ttpotest
697 3479 766 3521 esee
790 3456 840 3519 vel
863 3458 1005 3523 delinitio
1028 3460 1081 3522 uel
1102 3461 1251 3542 partitio,
1276 3460 1425 3545 qnoniam
1449 3461 1711 3544 unumquodque
1735 3470 1868 3542 generum
1932 3491 1933 3520 ,

570 3551 889 3617 velditi'ereutiarum
919 3552 1111 3617 inventione¹
1130 3565 1184 3618 aut
1211 3553 1378 3617 dividimus
1407 3566 1460 3616 atrt
1482 3554 1574 3617 etiam
1597 3550 1774 3615 delinimus.
1813 3549 1868 3610 tan
1932 3565 1933 3626 l

572 3665 649 3709 vero
672 3644 698 3707 si
720 3642 801 3707 absit
822 3644 983 3722 inventio,
1015 3645 1124 3731 nequit
1144 3668 1214 3711 esse
1235 3646 1398 3713 collectio.
1443 3650 1517 3712 Nun
1540 3648 1601 3711 erit
1621 3645 1722 3731 igitur
1745 3659 1869 3708 recesu-

569 3738 618 3801 ria
641 3758 699 3801 uec
726 3738 791 3800 veri
809 3736 916 3801 similis
938 3759 996 3801 nec
1016 3738 1205 3822 sophistica.
1239 3743 1330 3805 Haeo
1351 3740 1432 3804 euim
1454 3741 1515 3805 tria
1538 3738 1709 3804 inventioni
1732 3752 1868 3820 superve-
1932 3767 1933 3776 ι

569 3831 677 3909 uiuant,
706 3840 742 3894 ut
764 3832 821 3894 rel
838 3832 1045 3895 necessarium
1068 3834 1119 3896 vel
1141 3836 1309 3914 probabile
1333 3834 1383 3898 vel
1404 3832 1634 3899 cavillatorium
1655 3830 1695 3895 sit
1718 3824 1867 3916 argnmia·

526 3938 647 3989 tatum
702 3922 834 3988 Neces
825 3936 884 3987 atas
914 3944 993 3989 vero
1023 3937 1053 3989 et
1085 3927 1295 4009 probabilitas
1328 3941 1359 3991 et
1387 3928 1548 3991 cavillatio
1576 3927 1698 3991 formae
1733 3922 1866 4010 quaedam

569 4032 658 4093 ιιιιιι,
695 4040 775 4103 quiae
803 4021 875 4082 duna
901 4018 1135 4083 inventionibus
1156 4020 1322 4097 assistunt,
1352 4021 1532 4084 necessaria
1552 4021 1605 4084 vel
1626 4016 1803 4124 probabilia
1824 4007 1864 4072 ιιΙ

568 4112 766 4177 cavillatoria
789 4111 906 4174 iaciunt
928 4126 1148 4197 argumenta.
1144 4115 1289 4178 Eadem
1311 4134 1440 4198 qaroque
1461 4113 1543 4178 ratio
1565 4111 1753 4195 partitiones
1771 4103 1865 4172 delini·

568 4210 735 4291 tionesque
763 4206 997 4287 complectitur.
1047 4206 1221 4271 lndiscreta
1254 4228 1389 4291 namque
1411 4205 1602 4271 inventionis
1623 4216 1764 4287 potestas
1784 4217 1863 4286 quarta

569 4300 742 4371 definitiva,
766 4312 830 4362 tum
853 4298 1017 4363 divisibilis
1040 4300 1194 4381 appellari
1215 4312 1337 4383 potest,
1361 4322 1457 4383 quum
1473 4300 1654 4364 definiendis
1668 4298 1865 4383 partiendisve

528 4398 559 4450 tt
569 4395 665 4457 rebus
694 4392 873 4457 adhibetur.
933 4392 1024 4473 Quae
1054 4393 1117 4456 hoc
1139 4397 1234 4459 modo
1257 4415 1297 4458 ex
1318 4392 1510 4458 inventionis
1532 4393 1659 4457 materia
1680 4405 1712 4456 et
1733 4390 1865 4456 differet·

570 4486 682 4549 tiarum
715 4506 810 4567 supra
845 4486 1019 4591 positarum
1056 4485 1160 4550 iortna
1193 4488 1368 4571 composita
1397 4510 1508 4551 rursus
1539 4484 1721 4551 iudicatioui
1752 4474 1864 4547 ιιιιιιιίι

569 4580 660 4643 liram.
719 4580 799 4642 Nam
829 4580 920 4660 prior
952 4580 1004 4642 illa
1034 4578 1167 4663 partitio
1197 4580 1263 4666 log'
1234 4602 1323 4645 “acac
1350 4581 1452 4645 tribus
1480 4580 1622 4665 partibus
1648 4588 1811 4683 segregata
1829 4571 1866 4633 ita

569 4684 675 4755 partes
698 4670 853 4753 explicat,
878 4683 911 4733 ut
933 4672 1076 4735 babeat
1066 4673 1279 4737 inventionem
1302 4674 1463 4738 materiam
1485 4674 1700 4758 singularum
1720 4672 1786 4755 ipsa
1800 4680 1863 4727 'tw

569 4764 748 4829 iudicationi
783 4765 943 4827 numeriam
972 4776 1126 4847 praestat.
1177 4767 1324 4845 Etenim,
1361 4789 1456 4858 quum
1490 4766 1596 4833 definit
1624 4764 1735 4850 aliquis
1763 4760 1809 4824 sel
1826 4772 1862 4817 ιιι

571 4896 1862 4930 w

645 5012 671 5061 l·
703 5002 801 5055 ultima
784 5021 829 5054 am
860 5020 932 5074 spect
930 5006 988 5071 ἐπι]
1016 5004 1093 5058 tine.
1111 5032 1150 5047 -
1179 5006 1292 5059 ιιιΙιιιιιιι
1279 5026 1349 5080 asp
1349 5010 1419 5059 ecies
1449 5002 1521 5059 de.
1572 5010 1618 5065 15.
1644 4998 1806 5055 Aristotelea
1823 4988 1863 5044 *θ’

570 5078 653 5132 Pluto
672 5080 855 5132 uocatlilutua.
901 5082 1141 5147 ascomannorum
1159 5081 1235 5136 Elaia.
1286 5087 1332 5145 δι.
1328 5028 1407 5137 Vm
1422 5098 1479 5138 utta.
1498 5081 1577 5137 Eius.
1629 5076 1701 5133 lbld.
1720 5075 1861 5131 ina-enm

568 5156 680 5210 vele
632 5172 680 5225 ape
681 5160 747 5206 clera
746 5172 783 5205 ιιιι
802 5153 963 5207 collectione
981 5161 1031 5207 aaa
1051 5156 1127 5211 Bata.
