4434 5959
523 593 531 620 ¹
635 573 699 638 DF.
719 571 867 639 COMP'.
885 572 949 637 ut
969 571 1031 637 DE
1049 571 1234 637 'METRIS
1257 572 1398 639 ORAT.
1608 573 1667 638 191

451 713 651 780 Victoriam
670 711 712 776 cle
732 711 974 796 competitione
994 711 1045 776 eic
1064 712 1164 774 dicit:
1186 711 1357 790 Creticum,
1381 711 1435 798 qni
1449 722 1496 776 est
1512 733 1551 776 ex
1570 712 1668 796 longa

362 818 395 869 et
414 807 506 870 brevi
528 821 560 870 et
583 807 698 892 longa,
721 807 750 870 si
770 818 920 889 sequatur
938 807 1096 886 spondeus
1116 806 1165 867 vel
1188 809 1377 881 trochaeus,
1400 809 1516 870 bonam
1538 825 1670 886 compo*

361 896 510 962 sitionem
531 899 639 963 facere
660 899 787 962 dicunt:
805 897 1151 982 Quqoett'ntdem'
1163 899 1320 973 abutere,
1345 900 1514 975 Catilina,
1534 901 1668 983 patien-

361 993 414 1054 tia
435 993 583 1056 nostro?
603 992 823 1057 Mummi
842 995 940 1075 pedes
959 1002 1032 1054 sunt
1052 989 1187 1054 creticus
1209 1002 1239 1054 et
1260 995 1430 1072 spondeus.

467 1149 563 1214 idem
584 1151 694 1213 multo
714 1148 795 1212 dicit
818 1148 859 1212 de
879 1148 1121 1231 compositione
1142 1158 1174 1211 ct
1196 1148 1347 1212 numeris
1367 1149 1563 1234 etpedibus
1678 1159 1693 1206 ⁵

929 1242 1106 1306 oratoriis.

445 1363 492 1425 Ut
512 1360 631 1426 cicero
644 1359 748 1436 dicit,
770 1360 829 1424 isti
849 1361 1058 1445 scripserunt
1075 1361 1169 1444 apud
1187 1365 1352 1426 Graecos:
1375 1364 1665 1448 Thrasymachus,

359 1459 573 1528 Naucrates,
596 1453 767 1535 Gorgias,
790 1457 967 1537 Ephomcs,
990 1458 1177 1528 Isocrates,
1203 1457 1426 1536 Theodectes,
1450 1457 1663 1532 Aristoteles,

360 1550 566 1626 Theodorus
586 1549 796 1632 Byzantius,
825 1549 1102 1630 Theophrastus,
1124 1547 1376 1632 Hieronymus:
1398 1548 1519 1610 Latine
1539 1549 1580 1612 de
1602 1570 1665 1612 nu-

359 1643 466 1707 meris
486 1641 540 1704 hi:
561 1640 695 1714 Ciccro,
721 1642 936 1717 Victorinus,
959 1640 1145 1715 Etmehius,
1163 1641 1412 1712 Terentianus,
1431 1645 1563 1715 Varro,
1579 1644 1707 1705 Pro-1⁰

357 1736 440 1813 hsta,
464 1732 660 1809 Charisius,
677 1733 879 1808 Diomedes,
895 1733 1148 1817 Quintilium,
1165 1736 1342 1807 Donatus,
1362 1733 1497 1810 Victor,
1513 1733 1663 1798 Seruum.

442 1831 551 1900 Item,
574 1825 692 1914 (liceto
714 1825 755 1888 de
776 1827 927 1891 numeris
941 1839 980 1897 ¹et
1001 1828 1043 1890 dc
1063 1827 1306 1916 compositione
1326 1828 1375 1891 sic
1398 1827 1501 1890 dicit:
1522 1829 1663 1906 (Orato-

357 1921 410 1984 ris
430 1925 463 1997 §.
489 1914 575 1997 174.)
619 1921 698 1982 Nam
725 1920 779 2003 qui
799 1921 974 1984 Isocratem
997 1919 1131 1984 maxime
1156 1919 1324 1996 mirantur,
1354 1921 1417 1983 hoc
1439 1921 1469 1982 in
1492 1919 1557 1982 eius
1578 1941 1664 1982 sitm·

358 2013 420 2077 mis
442 2013 585 2076 laudibus
613 2011 738 2088 ferunt,
772 2016 858 2096 quod
887 2014 990 2076 verbis
1017 2013 1129 2077 solutis
1151 2035 1300 2078 nvtmcros
1332 2015 1451 2096 primus
1473 2012 1662 2076 adiunxerit.

359 2109 465 2189 Quum
487 2106 566 2169 enim
599 2105 719 2168 videret
741 2116 887 2170 oratores
908 2129 979 2170 cum
1000 2105 1168 2170 severitate
1190 2106 1306 2181 aridiri,
1336 2109 1451 2189 poiitas
1470 2116 1570 2168 atttem
1593 2118 1704 2168 cmnts

360 2201 542 2282 voluptate,
565 2210 630 2261 tum
652 2198 766 2261 dicitur
788 2220 934 2263 numeros
956 2211 1099 2274 secutus,
1131 2199 1245 2282 quibus
1263 2199 1354 2261 ctiam
1378 2199 1408 2261 in
1431 2199 1573 2263 oratione
1596 2211 1663 2262 utc-

357 2315 486 2368 remur,
518 2313 612 2374 quum
631 2291 831 2356 iucunditatis
859 2313 969 2368 causa,
998 2305 1063 2354 tum
1084 2302 1120 2354 ut
1142 2292 1274 2354 varietas
1297 2303 1481 2354 occurreret
1511 2291 1662 2365 satietati}

358 2387 448 2470 quud
469 2387 508 2447 ab
529 2385 578 2447 his
598 2405 672 2447 vere
700 2387 830 2467 quadam
864 2406 904 2448 cx
924 2397 1038 2469 parte,
1074 2404 1136 2448 non
1160 2394 1258 2447 totum
1281 2383 1406 2448 dicitur.
1464 2386 1543 2448 Nam
1565 2385 1663 2448 nemi·

357 2502 427 2544 nem
448 2479 480 2542 in
509 2474 549 2542 io
576 2499 692 2563 genere
720 2479 865 2542 scientius
893 2491 1052 2542 versatum
1085 2479 1227 2542 Isocrate
1256 2476 1465 2542 confitehdum
1498 2489 1568 2540 est:
1607 2481 1663 2542 sed

354 2572 507 2655 princeps
528 2571 703 2636 inveniendi
724 2571 785 2636 fuit
806 2573 1078 2652 Thrasymachus,
1102 2571 1190 2634 cuius
1215 2571 1319 2636 omnia
1341 2572 1430 2634 nimis
1444 2582 1569 2635 exstant
1582 2571 1703 2639 scri-tt

354 2678 409 2748 pta
438 2685 619 2728 numerose.
676 2666 758 2728 Nam
786 2668 833 2745 (ut
864 2666 970 2747 paullo
999 2676 1069 2734 ante
1096 2664 1176 2741 dixi)
1202 2663 1289 2746 peria
1312 2665 1441 2746 paribus
1463 2665 1607 2728 adiuncta
1630 2676 1662 2728 et

355 2758 499 2821 similiter
522 2757 665 2833 definita;
687 2758 821 2842 itemque
843 2756 1010 2821 contrariis
1030 2757 1129 2822 relata
1151 2756 1327 2832 contraria,
1354 2777 1434 2841 quae
1457 2779 1510 2820 sna
1533 2770 1659 2839 sponte,

355 2852 382 2914 si
404 2851 436 2913 id
457 2871 520 2914 non
542 2871 638 2934 agas,
662 2853 776 2914 eadunt
797 2851 982 2934 plerumque
1004 2871 1193 2925 ntttncrosc,
1217 2849 1358 2933 Gorgias
1380 2849 1500 2930 primus
1523 2849 1658 2916 invenit:

355 2945 412 3006 sed
438 2941 477 3005 iis
509 2955 556 3006 cst
582 2945 656 3006 usu's
681 2941 949 3025 intemperantius.
1006 2943 1046 3005 Id
1067 2953 1168 3004 atttcm
1196 2954 1363 3026 est'gcnus
1385 2946 1432 3022 (ut
1454 2955 1522 3004 ante
1544 2943 1659 3005 dictum

355 3040 418 3114 est)
438 3057 479 3098 ex
501 3036 600 3099 tribus
622 3038 764 3119 partibus
785 3035 1003 3101 collocationis
1025 3036 1169 3098 alterum.
1225 3036 1347 3098 Eorum
1380 3046 1512 3119 uterque
1533 3037 1702 3098 Isocra-2⁵

355 3141 418 3192 tem
439 3138 540 3192 aetate
561 3129 756 3211 praecum-in
779 3140 812 3191 ut
833 3149 889 3192 eos
910 3128 962 3192 ille
985 3127 1220 3203 moderatione,
1243 3148 1307 3191 non
1328 3127 1508 3191 inventione
1530 3125 1657 3191 vicerit.

355 3223 416 3286 Est
437 3222 540 3296 enim,
576 3223 663 3285 utin
684 3222 907 3284 transferendis
928 3220 1142 3305 faciendisque
1175 3220 1279 3284 verbis
1305 3219 1526 3306 tranquillior,
1561 3217 1658 3284 sicin

353 3315 431 3398 ipsis
453 3314 590 3378 numeris
621 3316 775 3379 sedatior:
808 3315 948 3399 Gorgias
980 3325 1081 3377 autem
1112 3313 1235 3378 avidior
1255 3325 1303 3376 est
1332 3313 1457 3399 generis
1480 3315 1546 3377 cius
1567 3325 1598 3377 et
1619 3313 1658 3376 iis

352 3409 576 3474 festivitatibus
597 3408 657 3487 (sic
673 3408 754 3471 enim
776 3408 844 3490 ipse
866 3409 983 3487 censet)
1005 3406 1187 3470 insolentius
1208 3407 1369 3482 ahntitur,
1387 3428 1464 3489 quas
1479 3409 1657 3481 isocrates,

353 3524 450 3587 quum
479 3513 582 3564 tamen
612 3503 748 3564 audisset
778 3502 959 3564 adolescens
987 3500 1080 3563 etiam
1107 3499 1139 3563 in
1169 3500 1332 3564 Thessalia
1362 3521 1465 3564 senem
1487 3499 1547 3562 iam
1570 3500 1701 3571 Gor-u

352 3595 457 3680 gisam
480 3594 671 3659 moderatius
692 3594 892 3675 temperavit.

434 3690 478 3754 Iu
495 3687 566 3750 olio
588 3690 664 3751 loco
694 3687 763 3750 cicc
790 3687 835 3764 (§.
858 3685 947 3766 216.)
989 3683 1052 3755 Sed
1073 3688 1133 3750 hos
1155 3707 1249 3770 quum
1267 3687 1298 3750 in
1321 3685 1465 3750 clausulis
1484 3687 1579 3768 pedes
1599 3705 1658 3748 no·

353 3777 460 3853 mino,
494 3799 557 3843 non
579 3779 698 3863 loquor‘
717 3782 755 3841 dc
776 3799 844 3841 uno
862 3781 942 3860 pede
962 3780 1125 3856 extremo}
1148 3782 1286 3864 affittngo
1308 3782 1408 3862 (quod
1426 3780 1581 3842 minimum
1604 3778 1658 3856 sit)

351 3871 534 3954 proximum
556 3873 770 3956 superiorem,
803 3891 898 3955 saepe
920 3873 1011 3937 etiam
1034 3874 1173 3938 tertium.
1217 3875 1267 3938 Nc
1286 3871 1572 3955 iambusquidem,
1603 3867 1658 3953 qui

445 4083 472 4132 ι.
491 4079 539 4146 qut
555 4083 600 4128 cst
618 4079 666 4143 ec]
686 4076 718 4129 Ε.
736 4103 775 4118 -
792 4079 839 4146 qus·
856 4093 894 4126 cx
912 4078 936 4130 1.
954 4105 992 4120 -
1009 4075 1120 4149 qudam
1139 4096 1177 4130 cx
1194 4079 1226 4132 C.
1326 4073 1329 4082 ’

423 4154 471 4209 13.
489 4151 566 4202 Nom
584 4155 631 4221 qut
648 4151 752 4218 lacem]
774 4153 818 4204 Btr
838 4151 906 4203 hsce
924 4149 1007 4205 hahet
1026 4152 1058 4207 tt
1078 4155 1106 4206 b.
1125 4153 1145 4206 l.
1165 4168 1193 4207 ct
1212 4167 1275 4226 post
1295 4151 1381 4226 Capp.
1400 4169 1428 4223 p.
1447 4153 1511 4212 35⁷.
1529 4147 1581 4204 lin.
1600 4154 1628 4206 2.

424 4230 469 4282 17.
489 4223 641 4297 uteremur]
660 4225 719 4279 cic.
739 4225 771 4279 Ε.
790 4223 844 4279 bit.
863 4253 900 4268 -
918 4233 1044 4286 tueretur
1063 4226 1111 4282 IC.

423 4296 498 4353 lhtd.
515 4317 597 4370 quum
615 4303 679 4367 lua]
699 4300 760 4352 cte.
778 4299 812 4353 E.
832 4326 869 4340 -
887 4308 946 4352 tum
963 4305 1017 4353 tue.
1037 4301 1085 4358 10.
1172 4355 1176 4364 ,

424 4377 470 4430 19.
487 4374 564 4426 Nam
581 4379 716 4426 ncmtncns
735 4377 802 4442 ceu]
833 4377 892 4428 Cic.
910 4375 986 4428 Elns.
1003 4375 1091 4429 altero
1109 4373 1181 4430 loco.
1199 4401 1237 4417 -
1255 4373 1331 4428 Nam
1349 4378 1379 4426 ln
1397 4391 1429 4426 eo
1447 4391 1478 4444 g.
1497 4389 1536 4426 sc.
1554 4389 1657 4425 uersa-

346 4457 407 4503 tm
426 4449 580 4502 Isocratem
598 4449 676 4503 flios.
696 4448 784 4502 altero
803 4447 877 4503 loco.
897 4448 944 4502 lc.

424 4530 471 4580 2⁰.
489 4528 583 4576 omnia
600 4526 696 4592 nimis]
716 4523 789 4576 Ele
810 4551 848 4566 -
865 4529 959 4576 omnic
977 4529 1062 4577 nimis
1079 4528 1164 4577 etlam
1183 4523 1242 4576 cte.

422 4602 471 4656 22.
489 4599 617 4667 ttemque]
637 4597 697 4652 clc.
715 4598 749 4652 tt.
775 4596 863 4651 altero
880 4597 951 4652 loco.
989 4599 1083 4654 Altero
1101 4616 1164 4652 cnm
1186 4599 1251 4656 tc.:
1276 4627 1306 4638 -
1327 4603 1402 4653 item.

421 4669 495 4726 lbtd.
515 4671 621 4744 relato]
640 4673 700 4726 Cle.
721 4673 753 4726 C.
777 4699 815 4714 -
830 4674 942 4743 perlato
962 4674 995 4727 E.
1013 4703 1051 4716 -
1066 4675 1183 4745 prolata
1202 4673 1223 4726 l.

421 4744 493 4805 lbtd.
513 4751 594 4816 quae]
614 4747 690 4801 Elns.
709 4745 800 4801 altero
820 4746 892 4801 loco.
930 4750 1026 4802 Altero
1043 4749 1107 4804 loco
1126 4765 1189 4802 cnm
1209 4747 1270 4802 lC.:
1289 4775 1326 4792 -
1344 4766 1471 4819 quaeque.

422 4827 467 4882 25.
487 4823 613 4890 corpus
626 4823 748 4893 primns]
769 4824 833 4879 ctc.
853 4822 909 4876 tc.
927 4851 966 4866 -
983 4841 1040 4878 cm.
1055 4831 1164 4897 primus
1182 4821 1206 4878 l.

423 4891 470 4954 th
489 4898 537 4963 tu]
556 4895 590 4949 E.
607 4923 644 4942 ι-
661 4895 706 4948 hle
724 4898 770 4952 lC.
1310 4911 1315 4918 '

425 4975 471 5029 25.
490 4969 608 5042 hrum]
626 4971 694 5026 ch.
714 4987 752 5025 ω
770 4971 866 5024 horum
884 4969 945 5025 Cle.

425 5048 472 5102 26.
490 5061 538 5097 eos
556 5046 618 5114 ille]
638 5045 700 5100 Cle.
716 5041 750 5101 E.
767 5073 805 5090 -·
822 5045 871 5098 ute
888 5063 936 5098 eos
953 5046 1002 5102 iC.

427 5125 474 5181 50.
493 5118 657 5174 adolescens
674 5126 759 5174 etiam
778 5127 807 5173 in
826 5117 895 5190 Th]
914 5123 983 5178 Ele.
1001 5151 1037 5166 -
1055 5125 1085 5173 ln
1103 5117 1156 5176 Th.
1175 5121 1334 5185 adolescens
1352 5123 1410 5176 etc.
