4434 5959
901 631 992 699 ors.
1013 632 1043 699 ι.
1086 724 1092 733 ¹
1585 629 1625 697 rr

314 777 458 860 phonter
478 794 553 839 narn
571 774 754 857 Xenophon
773 783 805 839 et
819 773 885 837 sins
904 794 988 838 uuor
1005 772 1187 858 frequenter
1208 770 1443 838 discordabant.
1487 770 1627 846 Porrus-

315 874 370 935 det
386 890 470 953 ergo
496 869 651 949 Aspasia,
688 878 724 930 ut
746 868 777 930 in
800 867 933 947 gratim
958 876 1172 929 revertantur.
1216 867 1350 949 Aspasia
1374 878 1475 929 sutem
1499 862 1626 947 peritis-

315 964 394 1026 sima
416 961 481 1026 tuis
500 960 736 1043 philosophiae.
779 959 852 1025 Hac
870 959 975 1043 itaque
1000 958 1180 1023 inductione
1207 978 1292 1021 usam
1321 957 1438 1021 inducit
1459 956 1625 1037 Aspasinm

317 1057 403 1138 apud
424 1054 615 1129 Aeschinen
631 1055 793 1117 Socrates.
836 1051 1074 1135 Interrogavit,
1097 1050 1218 1133 iuquit,
1242 1050 1376 1133 Aspasia
1399 1048 1625 1131 Xenophontis

316 1166 476 1213 exorem:
516 1147 572 1221 Si,
608 1144 725 1228 inquit,
759 1145 873 1208 uicina
895 1157 958 1209 tua
986 1165 1113 1207 aurum
1135 1144 1262 1227 melius
1288 1144 1427 1219 lrabeat,
1466 1155 1569 1228 quam
1590 1144 1653 1206 trs!

317 1242 445 1313 nabes,
467 1240 567 1303 ccciccc
580 1239 702 1301 nabere
724 1237 849 1312 mauis,
872 1250 971 1301 tuum
993 1257 1039 1301 an
1056 1237 1175 1301 illius?
1220 1238 1395 1319 Respondit
1418 1236 1492 1310 illa,
1516 1234 1628 1319 inquit,
1759 1246 1763 1255 ·

317 1335 431 1402 Illisss.
474 1332 617 1406 Deinde,
652 1329 772 1413 inquit,
808 1330 847 1395 Si
867 1331 977 1393 uirrun
1010 1331 1070 1393 illa
1096 1328 1271 1395 meliorem
1291 1330 1431 1402 nobem,
1464 1348 1566 1411 quam
1592 1338 1631 1389 trs

319 1429 446 1501 Ιιαὸιι,
468 1426 622 1489 uirumne
642 1434 741 1487 trsrsm
761 1423 887 1497 mauis,
920 1444 965 1485 on
987 1422 1106 1486 iltius?
1149 1425 1262 1498 Tunc,
1285 1421 1406 1506 inquit,
1432 1422 1631 1503 Xenophon·

318 1521 361 1585 tis
382 1538 469 1583 uxor
498 1516 623 1581 inducta
647 1514 846 1579 similitudine
875 1514 1090 1596 superiorum,
1124 1512 1269 1596 quoniam
1300 1515 1482 1578 sententiam
1512 1527 1632 1577 mutare
1725 1531 1730 1539 “

320 1634 387 1677 non
411 1619 556 1693 poterat,
580 1607 673 1686 tacito
696 1606 834 1670 erubuit.
879 1608 1025 1683 Postea,
1054 1606 1172 1689 inquit,
1199 1607 1330 1691 Aspasia
1353 1607 1511 1671 convertit
1535 1628 1569 1669 se
1593 1607 1632 1669 ad
1644 1608 1676 1657 ¹⁰

320 1705 574 1785 Xenophontem
604 1702 702 1781 ipsum
732 1712 765 1762 et
797 1697 942 1764 similiter
968 1720 1038 1762 curu
1064 1700 1120 1763 illo
1149 1699 1281 1763 instituit
1304 1700 1534 1764 inductionem:
1570 1698 1633 1763 Dic

322 1796 426 1870 milri,
450 1792 570 1877 inquit,
594 1792 798 1874 Xenophon,
821 1792 850 1855 si
872 1792 1000 1857 uicinus
1016 1803 1097 1855 truss
1121 1814 1244 1876 eprsrsm
1267 1805 1328 1856 out
1339 1790 1501 1885 flandum
1519 1792 1637 1855 melio-

322 1908 398 1953 rem
423 1888 569 1961 nobem,
606 1905 708 1969 quam
741 1895 782 1946 ru
808 1884 927 1961 nabes,
961 1898 1102 1949 tuumne
1132 1887 1251 1961 molis,
1286 1908 1333 1949 an
1359 1884 1477 1951 ditos?
1516 1884 1633 1959 Illius,

321 1981 439 2065 inquit.
481 1978 575 2063 Quid
594 1977 644 2052 si,
674 1976 794 2059 inquit,
817 1998 964 2040 tuorem
986 1978 1161 2041 meliorem
1178 1978 1316 2054 habeas,
1339 2000 1443 2064 quam
1463 1990 1502 2041 tu
1518 1978 1634 2052 habes,

323 2086 446 2138 utrum
467 2068 560 2135 illius
581 2069 708 2133 malis?
738 2068 873 2143 Tacuit,
895 2070 1015 2155 iuquit,
1038 2072 1235 2152 Xenophon.
1280 2073 1390 2147 Tunc,
1411 2071 1513 2157 inquit
1531 2071 1680 2152 nepa-u

325 2166 395 2230 sia:
428 2164 602 2246 Quoniam
629 2162 667 2225 id
689 2162 772 2225 milri
797 2165 908 2227 solum
936 2174 1076 2247 interque
1105 2168 1253 2227 uestrrim
1277 2164 1481 2247 respondero
1506 2162 1636 2239 noluit,

325 2258 420 2345 qiurd
441 2259 553 2321 solum
571 2258 745 2319 volueram
765 2256 979 2341 responderi,
1002 2277 1068 2339 ogo
1087 2256 1212 2329 dicam,
1233 2258 1316 2343 quid
1330 2269 1470 2341 rstcrpus
1490 2258 1640 2321 uestrrim

324 2353 468 2436 regua.
510 2352 606 2415 Nam
621 2360 654 2412 st
684 2360 742 2424 tu,
781 2349 899 2430 inqiut,
933 2350 1141 2430 Xenophon„
1164 2371 1313 2415 rurorem
1337 2350 1502 2433 optimam
1522 2350 1636 2433 cupis,

326 2457 361 2509 et
394 2456 437 2507 trs
465 2443 576 2506 υἰιιιιιι
609 2441 788 2525 optimum.
830 2446 946 2524 Quare
970 2441 1037 2504 nisi
1053 2453 1087 2505 et
1110 2454 1150 2505 tu
1171 2443 1223 2506 uir
1245 2444 1395 2526 optimus
1400 2440 1528 2534 fueris
1545 2454 1579 2523 et
1601 2454 1640 2505 tu

318 2536 469 2629 semina
488 2535 689 2610 lectissima,
718 2535 844 2610 idest,
873 2534 942 2597 nisi
961 2534 1164 2618 ingratiam
1185 2535 1337 2620 regressi
1341 2535 1518 2627 scieritis,
1552 2540 1682 2598 sem-2⁰

325 2653 391 2715 per
407 2640 443 2693 st
465 2629 527 2692 tibi
547 2648 641 2691 ustor
662 2628 847 2691 lectissimo
874 2637 907 2690 et
931 2628 994 2690 tibi
1020 2625 1072 2690 cir
1084 2625 1243 2710 ‘optimus
1271 2630 1392 2694 deerit.
1450 2629 1512 2693 llic
1534 2626 1641 2712 itaque

331 2720 473 2785 inductio
492 2722 555 2783 hoo
582 2718 665 2805 egit,
702 2731 737 2782 ot
757 2721 942 2801 Xenophon
964 2732 995 2781 et
1024 2738 1107 2783 uxor
1135 2722 1201 2790 cius
1230 2723 1271 2785 ab
1300 2720 1356 2797 iis,
1394 2742 1474 2804 qrrae
1505 2722 1584 2784 selle
1606 2742 1640 2785 ss

331 2836 451 2897 negare
473 2834 536 2877 nco
557 2823 731 2894 poterant,
753 2814 845 2875 adid
866 2812 979 2891 curor,
1001 2816 1088 2897 quod
1110 2812 1235 2877 drrlriuur
1258 2816 1431 2893 hebebant,
1454 2834 1514 2898 per
1534 2814 1642 2877 simili·

330 2908 472 2971 tudinem
493 2908 736 2969 deducerentur.

415 3002 493 3065 Hoc
519 3000 620 3063 modo
648 2998 817 3063 normanie
842 2998 1033 3081 plurimum
1059 3002 1220 3065 Sacrator
1248 3020 1330 3065 suus
1359 2998 1424 3081 est]
1467 2996 1685 3074 sonamus

332 3089 454 3175 inquit,
488 3092 520 3155 in
542 3090 807 3173 disputationibus
824 3092 890 3155 suis
911 3092 1089 3155 inductione
1110 3091 1296 3175 frequenter,
1313 3094 1478 3157 utebatur:
1509 3102 1642 3175 propte·

334 3208 406 3261 rsa,
428 3184 551 3268 inquit,
575 3186 663 3269 quod
683 3184 836 3266 optimum
854 3186 1006 3260 duccbat,
1043 3196 1162 3249 utnon
1187 3207 1205 3249 a
1233 3208 1268 3251 sc
1290 3188 1386 3251 rebus
1402 3185 1557 3269 prolatis,
1587 3188 1644 3249 sed

332 3278 586 3345 confessionibus
608 3275 672 3339 suis
693 3276 892 3341 aduersarius
914 3278 1107 3343 vinceretur.
1293 3269 1300 3285 ’

416 3376 494 3437 Hoc
514 3371 551 3433 in
570 3390 695 3454 genere
713 3370 995 3452 praecipiendum
1017 3373 1115 3435 nobis
1140 3372 1274 3439 uidetur
1286 3370 1457 3457 primum,
1489 3382 1528 3437 ut
1545 3370 1642 3449 illud,

333 3466 428 3552 quod
455 3464 654 3528 inducemus
683 3484 750 3547 per
777 3462 1053 3540 similitudinem,
1082 3466 1251 3530 eiusmodi
1282 3468 1348 3543 sit,
1382 3478 1420 3531 ut
1441 3468 1483 3530 sit
1511 3471 1687 3533 necesssil

333 3558 487 3638 concedi]
522 3558 561 3620 lc
579 3556 780 3631 inductione,
804 3554 922 3640 inquit,
946 3556 1004 3619 tria
1020 3578 1147 3639 semper
1166 3572 1309 3641 spectare
1328 3562 1490 3640 debemus.
1514 3562 1644 3637 Primo,

334 3666 368 3717 ut
388 3651 606 3717 similitudines
628 3653 706 3716 tales
720 3671 956 3733 proponamus,
980 3662 1013 3712 ut
1030 3670 1083 3713 sss
1105 3648 1147 3714 sit
1161 3673 1289 3717 necesse
1308 3652 1460 3717 concedi:
1484 3674 1553 3716 nrm
1570 3654 1646 3716 illud

334 3748 461 3809 dubium
486 3765 555 3809 esse
584 3766 646 3810 non
672 3747 783 3821 debet,
817 3746 900 3807 uode
928 3741 1018 3806 alteri
1044 3743 1137 3807 iidem
1168 3746 1314 3809 volumus
1339 3746 1457 3810 iacere.
1503 3745 1644 3819 Deinde,

334 3838 458 3924 mqsrit,
494 3838 590 3912 illud,
626 3840 713 3922 quod
738 3837 983 3911 confirmamus,
1014 3833 1131 3911 circi,
1161 3858 1253 3921 quam
1275 3838 1520 3921 proposuimus,
1545 3837 1646 3901 simile

336 3952 406 3995 esse
422 3934 541 3995 dslretr
564 3950 603 3994 ns
623 3929 698 3994 nihil
713 3932 815 4014 egerit
834 3928 1033 4011 propositio,
1056 3928 1083 3991 si
1102 3930 1180 3994 illud
1197 3930 1345 3995 dissimile
1360 3943 1427 4008 est,
1449 3930 1537 3993 cuius
1553 3950 1646 3991 causa
1658 3936 1688 3985 ³⁵

335 4023 573 4107 proposuimus.
617 4021 751 4097 Tertio,
786 4020 903 4105 inquit,
932 4022 966 4085 id
987 4042 1082 4106 agere
1105 4024 1272 4102 debemus,
1308 4036 1342 4087 ut
1364 4044 1455 4089 nemo
1481 4022 1645 4105 intelliget,

334 4138 398 4200 quo
424 4128 547 4199 spectot
574 4114 784 4179 similitudinis
814 4114 1014 4197 propositio;
1037 4137 1075 4179 ne
1102 4139 1196 4199 quum
1225 4118 1377 4202 quispiam
1398 4116 1590 4179 intellexerit
1613 4136 1647 4179 sc

335 4230 374 4273 ex
395 4209 598 4273 confessione
618 4208 851 4291 propositionis
872 4207 964 4270 etiam
983 4206 1030 4271 illi
1052 4208 1100 4271 rei
1122 4209 1214 4273 fidem
1237 4210 1362 4284 lacero,
1387 4230 1480 4293 quam
1507 4208 1646 4293 negarit,

335 4315 386 4365 ant
407 4322 473 4367 non
492 4304 685 4383 respondeat
706 4312 759 4363 aut
782 4302 862 4363 male
885 4322 1049 4386 praveque
1075 4306 1280 4385 respondent.
1324 4302 1359 4368 si
1383 4314 1486 4365 autom
1509 4302 1645 4376 nesciat,

263 4467 264 4478 χ
335 4416 398 4478 qno
420 4394 526 4457 tendat
543 4394 752 4459 similitudinis
774 4393 972 4475 propositio,
996 4416 1126 4458 securus
1148 4399 1340 4481 confltetur:
1364 4416 1424 4479 quo
1450 4394 1690 4458 consessioueld

337 4488 425 4553 etism
442 4487 540 4563 illud,
572 4490 659 4572 quod
685 4488 822 4571 negabat
843 4497 935 4563 ante,
968 4486 1011 4550 ita
1034 4500 1067 4551 ut
1089 4500 1123 4553 tu
1147 4488 1215 4565 vis,
1245 4488 1391 4553 concedit
1417 4510 1500 4555 esse.
1546 4490 1648 4569 Quum

427 4708 457 4767 6.
475 4705 578 4771 taur,
597 4712 678 4758 culros
694 4703 796 4757 leaders
813 4710 919 4771 mauis,
940 4712 1035 4772 tuum,
1054 4723 1092 4758 urs
1112 4708 1222 4775 llllusl]
1242 4706 1293 4763 cd.
1312 4706 1374 4761 Bas.
1395 4706 1481 4781 Capp.
1501 4722 1538 4761 oc
1557 4701 1650 4773 leudes,

340 4782 466 4847 ιἸΙὶιιιιιε,
484 4800 522 4833 un
540 4790 617 4834 tuum
635 4781 742 4833 matrs?
760 4780 801 4834 St.
821 4780 882 4835 ΔΜ.
903 4779 957 4837 On.

411 4856 456 4913 ss.
501 4858 641 4909 meliorem
677 4855 789 4922 dadrct]
837 4856 982 4927 Perpersrn
1007 4854 1110 4907 editum
1136 4854 1225 4909 iuerat
1250 4854 1360 4909 dedens.
1387 4856 1470 4909 Cum.
1526 4858 1648 4924 (Rectam

341 4928 402 4985 lecr.
420 4930 523 4983 hebens
543 4930 595 4984 cd.
615 4932 677 4984 Bas.
697 4930 737 4983 δι.
758 4928 819 4984 old.
841 4930 909 5005 (ln.)

411 5005 456 5062 15.
478 5034 514 5047 -
533 5011 645 5055 trramnr
664 5010 756 5055 moris
775 5022 812 5055 an
830 5004 907 5055 illins
925 5020 952 5059 et
973 5020 1051 5076 supro
1071 5002 1114 5058 bis
1134 5010 1224 5059 mauis
1242 5022 1292 5079 pro
1312 5006 1393 5057 malls
1412 5004 1463 5061 cu.
1482 5004 1544 5059 Bas.
1567 5004 1621 5061 Os.

411 5084 458 5136 21.
477 5078 544 5146 llic]
583 5077 633 5131 Cd.
651 5080 715 5133 Bos.
737 5081 798 5132 Asc.
817 5106 856 5121 -·
874 5078 941 5133 daec
960 5078 1028 5133 Edd.
1049 5082 1100 5137 Or.

412 5160 460 5214 25.
479 5154 574 5221 modo]
592 5182 630 5198 -··
648 5172 725 5205 mors
745 5152 796 5208 Cd.
815 5156 879 5209 iles.
