4434 5959
511 1278 737 1390 ANICII
777 1283 994 1392 MANL.
1037 1284 1187 1396 SEV.
1228 1287 1542 1398 BOETHII

1016 1545 1090 1612 DE

476 1741 650 1832 DIIS
693 1745 789 1832 ET
835 1743 1635 1841 PRAESENSIONIBUS

953 1969 1008 2022 Ex
1028 1969 1147 2026 IPSIUS

615 2157 892 2234 COMMENTO
918 2157 973 2232 IN
999 2157 1187 2235 TOPICA
1215 2161 1481 2242 CICERONIS
1719 2198 1734 2247 ε

781 2369 1320 2438 FRAGMENTUM.

747 2652 953 2732 HASII
1001 2654 1350 2730 MONITUM.

395 2835 402 2842 ’
474 2827 658 2912 Progressi
678 2849 816 2892 eramus
832 2829 921 2892 hunc
941 2828 978 2892 in
1000 2831 1129 2905 locum,
1153 2829 1245 2894 cusis
1266 2829 1337 2894 iam
1357 2851 1444 2916 quae
1465 2853 1574 2916 supra
1586 2839 1706 2919 legun·

387 2935 465 2998 tur,
489 2921 602 2984 libello
618 2924 671 2985 De
686 2921 846 2998 ostentis,
865 2919 1080 3014 fragmento
1095 2925 1149 2986 De
1169 2924 1361 3000 mensibus,
1385 2925 1542 3010 notisque
1562 2930 1705 2994 nostris.

386 3017 457 3082 Sed
478 3037 552 3078 ecce
573 3015 708 3078 litterae
729 3015 944 3098 insperatae,
966 3015 1091 3099 parari
1107 3035 1257 3099 peregre
1271 3037 1395 3081 nouam
1409 3019 1592 3084 editionem
1607 3027 1749 3089 Com-1⁰

387 3109 494 3172 menti
503 3151 513 3183 ,
537 3109 580 3170 ab
600 3108 724 3173 Anicio
743 3109 880 3174 Manlio
899 3109 1060 3174 Severino
1078 3111 1221 3174 boethio
1240 3111 1276 3173 in
1291 3112 1465 3176 Ciceronis
1481 3116 1613 3197 Topica
1626 3139 1706 3180 con-

385 3203 527 3286 scripti,
564 3201 710 3285 olimque
739 3201 833 3285 apud
860 3202 1047 3266 Henricum
1069 3205 1210 3266 Petrum
1231 3205 1322 3268 inter
1346 3207 1463 3288 Opera
1484 3209 1601 3272 omnia
1621 3214 1706 3275 Boe'-

386 3297 469 3372 tbii,
494 3295 650 3359 Basileus
672 3295 766 3358 1516.
790 3297 862 3360 Fol.
887 3295 1037 3379 vulgati,
1060 3297 1237 3382 recusique
1256 3319 1333 3360 cum
1347 3299 1430 3363 alibi
1443 3312 1517 3363 tum
1531 3301 1707 3369 abeodem

385 3392 478 3456 inter
502 3389 747 3472 Opp.Boe“tl1ii
774 3389 929 3454 Basileae
956 3391 1051 3451 1570.
1074 3392 1146 3453 rot.
1203 3391 1258 3455 Ibi
1280 3413 1361 3456 vero
1378 3395 1430 3457 ita
1456 3395 1585 3479 legitur
1607 3400 1707 3462 Gom·

388 3495 558 3560 mentum,
592 3495 631 3546 ut
653 3483 748 3566 apud
764 3483 952 3549 Henricum
973 3485 1114 3548 Petrum
1136 3483 1269 3548 desinat
1289 3486 1510 3581 imperfecte,
1541 3482 1749 3576 proximem

386 3590 467 3642 ante
488 3577 585 3640 illum
605 3579 733 3654 locum,
758 3599 827 3662 quo
845 3577 1082 3660 exponebatur
1100 3579 1158 3642 M.
1183 3579 1287 3644 Tullii
1305 3583 1474 3647 sententia
1492 3585 1533 3648 de
1553 3587 1706 3651 testimo-

383 3673 454 3737 niis
473 3671 615 3748 divinis,
639 3693 823 3757 eorumque
845 3683 919 3735 tum
939 3670 1045 3734 variis
1065 3671 1251 3755 generibus
1270 3686 1344 3738 tum
1360 3677 1578 3743 auctoritate.
1606 3683 1707 3744 Hunc

384 3789 453 3852 ego
481 3769 593 3829 locum
622 3767 772 3843 Boethii,
809 3767 845 3830 in
867 3764 1072 3829 editionibus
1093 3768 1396 3848 praetermissum,
1435 3771 1565 3836 dudum
1586 3775 1706 3858 depre-

382 3860 571 3924 henderam
592 3881 665 3923 esse
686 3861 723 3923 in
744 3860 815 3923 uno'
837 3858 1019 3944 (quantum
1039 3859 1151 3921 adbrce
1174 3861 1270 3942 nooi)
1292 3863 1377 3927 eod.
1399 3863 1511 3948 Regio
1534 3868 1612 3928 7711
1630 3887 1641 3928 .·
1669 3867 1705 3929 in

382 3953 594 4019 aduersariis
616 3953 824 4036 descriptum
844 3953 1027 4017 habebam:
1047 3952 1331 4038 institueromque
1353 3955 1542 4039 adiungere
1561 3957 1748 4048 safra-20

382 4061 526 4134 gmenta
550 4049 683 4132 partim
711 4047 855 4123 inedito,
894 4059 1022 4109 ueteres
1040 4065 1124 4128 pop.
1148 4049 1297 4112 Romani
1319 4049 1505 4133 religiones
1526 4051 1705 4134 explican-

382 4145 453 4219 tia,
477 4164 564 4228 quae
584 4140 795 4227 conquisisse
816 4163 870 4205 me
891 4139 971 4202 dixi
988 4137 1110 4229 praef.
1134 4159 1220 4223 pag.
1239 4139 1322 4224 xxj.
1367 4145 1470 4208 Nunc
1496 4167 1593 4221 uero,
1618 4147 1704 4208 alla·

382 4238 432 4302 tis
452 4237 522 4300 illis
542 4237 662 4301 subitis
682 4235 834 4312 nuntiis,
871 4233 1000 4297 mutavi
1028 4232 1228 4296 consilium:
1259 4236 1442 4319 segregavi
1465 4237 1598 4301 Boethii
1611 4235 1703 4328 fra-

382 4341 563 4418 gmentum
582 4353 607 4394 a
623 4331 783 4416 reliquis,
817 4329 1017 4414 quibuscum
1036 4337 1112 4390 erat
1134 4349 1205 4389 una
1222 4329 1462 4412 proditurum:
1494 4353 1555 4394 nec
1572 4332 1704 4414 placuit

382 4425 615 4503 committere,
654 4437 693 4489 ut
719 4425 773 4488 vir
803 4424 942 4497 doctus,
976 4420 1143 4503 diligens,
1177 4423 1225 4485 aei
1254 4424 1497 4486 illustrandum
1525 4425 1704 4490 Boethium
1715 4447 1747 4498 25

381 4519 586 4602 cumprimis
603 4520 764 4596 idoneus,
787 4518 825 4581 in
845 4537 886 4582 eo
906 4515 1088 4579 tractando
1111 4539 1149 4580 re
1174 4519 1246 4580 ulla
1267 4518 1449 4602 (quantum
1467 4531 1555 4583 esset
1573 4520 1610 4584 in
1635 4522 1704 4603 me)

381 4613 605 4691 desereretur.
659 4612 833 4678 Subiunxi
853 4609 963 4696 igitur
984 4609 1057 4694 bic,
1089 4631 1176 4694 quae
1198 4610 1239 4674 de
1260 4611 1328 4674 diis
1349 4623 1382 4674 et
1402 4614 1705 4694 praesensionibus

380 4707 430 4770 aci
450 4707 626 4773 Ciceronis
652 4707 784 4790 Topica
808 4701 997 4790 dispcaaoit
1018 4703 1198 4780 Boethius,
1231 4704 1401 4788 dissipata
1422 4703 1575 4794 (fateor)
1595 4720 1629 4772 et
1650 4706 1704 4770 in-

381 4791 513 4876 comta,
548 4801 611 4864 sed
640 4801 815 4886 explentia
846 4795 962 4864 tamen
988 4807 1125 4880 partem
1157 4799 1301 4860 lacunae
1336 4797 1416 4862 libri
1448 4800 1570 4884 arguti
1601 4820 1703 4878 sone,

379 4916 488 4978 neque
509 4895 675 4978 ignorati.
718 4899 894 4969 Exstant,
924 4903 964 4956 ut
986 4891 1082 4969 dixi,
1113 4892 1149 4956 in
1175 4893 1260 4958 Coi.
1281 4895 1368 4976 Reg.
1392 4893 1495 4970 7711,
1518 4913 1608 4956 saec.
1632 4897 1745 4960 X11³c

373 4999 562 5070 perorato:
584 4988 631 5052 ibi
640 4986 721 5079 fol.
744 4989 785 5050 17
800 5007 918 5061 verso,
939 4997 1020 5068 post
1039 4986 1159 5064 verba,
1181 4985 1253 5050 talis
1268 4985 1362 5052 etism
1377 4984 1580 5052 fortuitarum
1596 5008 1703 5052 rerum

378 5082 552 5146 concursio
574 5095 640 5153 est,
663 5081 787 5166 quibus
806 5080 1025 5164 abrumpitur
1045 5091 1165 5146 textus
1179 5081 1262 5146 edit.
1277 5080 1385 5146 Basil.
1403 5080 1502 5158 1⁵46,
1523 5100 1609 5164 pag·
1624 5081 1702 5146 852.

381 5173 420 5240 0.
441 5174 670 5248 subiiciuntur
689 5174 769 5240 illuc
