4434 5959
457 609 462 616 ·
541 603 604 667 est
814 682 817 689 Ι
1048 595 1332 662 wcnoutuns

540 753 626 814 neat,
663 738 920 823 quemadmodum
953 735 1064 799 deintle
1093 736 1242 820 adiungat
1264 748 1431 799 accusator
1459 736 1590 800 alteram
1614 736 1848 814 definitionem,

539 854 712 917 perquam
736 831 858 894 nomina
881 828 941 892 alia
964 841 1122 907 supponat
1136 830 1384 910 imprudentiae,
1410 830 1516 903 rastti,
1541 830 1737 905 necessitati:
1761 832 1849 893 iner-

540 930 631 1003 tiam,
670 924 908 1009 negligentiam,
941 922 1126 985 fatuitatem.
1181 926 1260 987 Post
1283 926 1358 985 bace
1382 924 1456 985 illud
1478 923 1599 999 adiicit,
1638 925 1682 985 uti
1706 926 1849 987 cucutia-

541 1042 634 1095 1uus,
668 1041 706 1081 ne
733 1018 819 1081 forte
850 1016 1018 1080 necessitas
1050 1016 1194 1081 habuerit
1226 1015 1467 1095 turpitudinem:
1506 1028 1538 1077 nt
1572 1017 1722 1097 disputari
1744 1019 1848 1098 possit

516 1113 624 1176 emori
646 1112 754 1175 melius
775 1112 889 1186 luisse,
912 1132 951 1173 ne
973 1121 1089 1172 tantam
1112 1109 1333 1190 turpitudinem
1349 1108 1536 1171 subiremus.
1581 1112 1661 1172 Post
1677 1112 1754 1171 baec
1773 1111 1851 1171 dicit

542 1208 769 1289 adiungendum
803 1226 872 1267 esse
904 1215 1069 1266 tractatum
1097 1206 1136 1265 de
1168 1201 1244 1265 iuris
1266 1214 1297 1263 et
1319 1202 1485 1285 aequitatis
1507 1214 1632 1275 statiua:
1670 1205 1792 1285 deque
1816 1216 1850 1265 et

539 1300 571 1363 in
593 1299 758 1384 negotioli
780 1298 944 1383 qualitate
959 1308 1122 1360 tractatum
1138 1308 1205 1369 est,
1229 1307 1260 1357 et
1280 1296 1412 1357 :naxitne
1427 1296 1456 1357 in
1472 1296 1629 1358 aitntntn
1646 1295 1847 1359 iuridiciali.

542 1396 631 1474 Quae
661 1396 740 1456 duae
761 1393 942 1478 qualitates
970 1391 1046 1456 solis
1079 1390 1225 1453 sidentur
1254 1390 1370 1451 distare
1400 1390 1614 1470 temporibus:
1649 1409 1718 1450 nant
1740 1410 1849 1451 rerum

540 1498 676 1550 tractatu
697 1488 807 1550 eodem
837 1485 1049 1548 continentur.
1103 1484 1185 1546 Post
1214 1482 1291 1544 baec
1313 1482 1388 1543 dicit
1409 1483 1603 1565 adiungenda
1626 1482 1789 1562 exempla,
1820 1482 1849 1545 si

501 1588 644 1642 ettamen
666 1579 799 1642 facultas
821 1578 917 1655 dabit,
942 1576 1108 1660 inquibus
1131 1578 1299 1639 doceamus
1322 1576 1412 1639 simili
1434 1579 1472 1638 de
1495 1598 1586 1639 causa
1605 1578 1711 1641 nescio
1734 1576 1850 1659 quibus

542 1673 664 1736 reniam
686 1694 748 1736 non
770 1694 840 1735 esse
860 1692 1058 1744 concessam,
1092 1680 1124 1731 et
1149 1668 1350 1751 adiungamus
1379 1667 1438 1731 illis
1466 1668 1563 1731 lttisse
1586 1670 1684 1754 magis
1707 1672 1851 1733 tribuen-

541 1770 624 1830 dam.
668 1767 838 1829 Postremo
868 1785 908 1826 ex
936 1763 1078 1845 partibus
1110 1762 1362 1825 deliberationis
1383 1772 1477 1842 turpe
1497 1772 1529 1824 et
1550 1761 1658 1827 inutile
1679 1764 1850 1826 doceamus

540 1881 608 1923 esse
630 1848 777 1932 e'oncedi:
815 1868 847 1921 et
869 1878 1014 1941 magnum
1036 1855 1208 1937 pericnlum
1233 1856 1392 1927 futurum,
1417 1877 1511 1938 quum
1534 1868 1692 1919 tantares
1715 1858 1850 1920 admissa

542 1954 600 2027 ait,
623 1953 649 2016 si
670 1972 733 2014 non
755 1951 852 2014 leserit
873 1973 889 2014 a
911 1949 1066 2012 iudicibus
1087 1950 1255 2025 vindicata.
1300 1948 1420 2013 Contra
1443 1953 1520 2012 haec
1542 1951 1692 2013 defensor
1712 1970 1850 2014 conver·

500 2048 632 2110 :ssione
653 2055 758 2107 :stetur
779 2046 913 2106 bottun:
948 2043 1080 2104 maxime
1101 2055 1204 2105 attteu:
1227 2054 1259 2106 ut
1282 2043 1427 2105 detentat
1450 2045 1640 2106 voluntatem
1663 2056 1693 2107 et
1716 2055 1848 2125 attgeat,

543 2141 630 2223 qnod
651 2136 807 2200 voluntati
827 2135 888 2198 fuit
908 2136 1149 2217 impedimento,
1186 2146 1216 2197 et
1244 2139 1356 2198 domat
1389 2134 1466 2198 nihil
1496 2137 1626 2217 amplius
1648 2156 1683 2199 se
1705 2136 1849 2215 potuisse

542 2232 671 2302 lacere,
703 2248 794 2312 quesn
817 2229 905 2292 lecit.
956 2228 1077 2291 Deinde
1097 2228 1224 2290 inducat
1245 2230 1348 2293 locum
1378 2250 1594 2304 communem:
1641 2232 1851 2291 uoluntatem

542 2322 691 2407 spectari
712 2333 883 2402 oportere.
936 2322 1058 2385 Deinde
1083 2322 1361 2404 conquestionem
1394 2343 1497 2404 quum
1518 2324 1619 2404 stupu
1638 2334 1777 2398 emeat,
1813 2344 1850 2383 se

542 2416 639 2503 affici
660 2415 826 2496 supplicio
832 2438 844 2486 ,-
864 2436 1076 2479 eommunem
1095 2416 1270 2479 hominurn
1285 2436 1358 2477 esse
1376 2414 1627 2490 infirmitatem.
1670 2416 1754 2477 Loci
1772 2434 1849 2476 reto

499 2527 533 2576 tt
543 2529 722 2574 communes
744 2509 938 2570 accusatoris
960 2509 1102 2581 bisunt:
1125 2509 1161 2571 in
1178 2530 1255 2571 eum
1279 2507 1337 2591 qui
1358 2508 1565 2584 confitetur,-
1585 2520 1617 2571 et
1639 2510 1737 2571 alter:
1769 2511 1850 2572 Pee-

544 2601 645 2669 eundi
664 2600 802 2663 licentia
822 2600 996 2675 tribuitur,
1020 2602 1053 2664 st'
1073 2600 1203 2663 nonde
1216 2599 1347 2691 fonto,
1369 2600 1431 2663 sed
1449 2601 1491 2663 de
1512 2603 1682 2664 uoluntate
1706 2622 1853 2685 quaero·

540 2706 612 2759 tur.
656 2693 843 2757 Deleusocis
867 2694 1055 2779 conquestio
1087 2704 1136 2757 est
1164 2696 1203 2756 de
1235 2694 1425 2767 calamitate:
1456 2698 1541 2779 quod
1569 2714 1632 2758 non
1655 2694 1746 2775 culpa
1771 2715 1848 2768 sua,

542 2792 598 2852 sed
619 2787 651 2849 vi
674 2787 792 2851 ntuiore
813 2789 962 2869 peccarit.
1017 2789 1111 2850 Alter
1132 2785 1238 2860 locus,
1261 2788 1299 2848 de
1320 2786 1469 2850 fortunae
1489 2797 1646 2867 potestate
1668 2798 1698 2847 ct
1720 2786 1852 2847 infit-mi·

541 2892 605 2945 tate
629 2880 798 2960 hominum.
844 2881 972 2943 'l'ertins
1000 2881 1110 2952 locus,
1143 2878 1319 2953 animum,
1353 2898 1421 2942 non
1450 2890 1603 2941 euentum
1624 2878 1849 2941 considerati.

498 2978 622 3041 taPost
643 2976 721 3037 haec
742 2976 886 3056 exempla
908 2986 1002 3059 utque
1023 2983 1176 3036 tractatus
1200 2972 1368 3047 admonet,
1402 2974 1489 3055 qnod
1515 2971 1548 3033 in
1577 2970 1721 3035 omnibus
1743 2990 1851 3033 exetn·

541 3069 602 3152 plis
624 3091 718 3150 supra
742 3068 853 3150 positis
875 3070 963 3153 leges
984 3069 1058 3131 sint.
1113 3068 1204 3130 Unde
1226 3066 1404 3130 necessario
1426 3066 1564 3129 incidunt
1585 3077 1735 3128 tractatus
1758 3064 1850 3125 etiatn
1883 3086 1884 3091 ¹

541 3166 687 3247 legales:
708 3164 761 3225 sed
784 3164 847 3226 boc
867 3174 962 3246 negat
983 3182 1053 3225 esse
1076 3160 1267 3235 mitandum:
1290 3163 1376 3243 quod
1390 3180 1551 3222 caussarum
1567 3178 1682 3243 genera
1698 3158 1850 3240 quaedam

540 3253 724 3337 simpliciter
755 3254 971 3337 explicantur,
1008 3258 1160 3339 quaedam
1194 3254 1359 3316 eonittncta
1390 3265 1474 3316 sunt.
1519 3255 1627 3327 Unde,
1665 3251 1718 3333 qni
1745 3249 1851 3312 otunia

542 3361 712 3430 praecepta
745 3348 952 3431 cognoverit,
987 3348 1137 3430 quidquid
1168 3344 1368 3428 perspexerit
1389 3346 1420 3408 in
1442 3346 1608 3427 exemplo,
1646 3343 1852 3407 translatione

500 3450 532 3499 ³0
544 3442 687 3504 locorum
711 3440 885 3503 necessaria
902 3452 1121 3522 persequetur.
1145 3441 1224 3501 Natu
1248 3460 1342 3523 quum
1359 3440 1408 3499 hle
1422 3449 1454 3500 et
1468 3440 1555 3521 leges
1571 3438 1651 3513 sint,
1674 3436 1851 3499 necessario

543 3555 624 3617 quae
647 3534 752 3616 legum
775 3544 946 3615 praecepta
968 3544 1057 3606 stant,
1088 3532 1250 3613 complere
1272 3534 1442 3593 debemus:
1476 3536 1513 3593 de
1536 3532 1649 3615 quibus
1670 3540 1745 3609 poet
1768 3530 1852 3591 dire·

464 3687 471 3701 ,
542 3640 606 3691 tur.
664 3629 757 3691 Nune
788 3637 908 3688 tantun:
941 3646 977 3687 ea
1008 3638 1175 3706 praecepta
1208 3625 1331 3706 posuit,
1371 3646 1452 3706 qnae
1473 3624 1701 3697 concessioni,
1727 3624 1766 3683 de
1789 3641 1859 3702 qua*

542 3732 694 3784 tractatus
716 3732 801 3795 erat,
835 3719 1055 3784 convenirent.
1107 3719 1142 3782 Si
1163 3718 1238 3801 quid
1260 3737 1312 3782 res
1333 3717 1400 3798 ipsa
1423 3718 1508 3779 dabit
1529 3716 1708 3790 sanctitatis,
1739 3715 1852 3779 conie-

541 3826 675 3878 cturum
697 3812 802 3876 induci
827 3815 867 3875 ab
889 3820 1077 3874 accusatore
1099 3810 1281 3892 oportebit:
1312 3821 1346 3872 ut
1368 3810 1451 3871 dicat
1472 3820 1637 3871 occursator
1660 3830 1718 3888 per
1740 3809 1852 3869 nonin

500 3918 675 3973 iacturum
693 3919 747 3968 ant
768 3911 939 3987 prudenter
960 3903 1073 3966 fecisse
1096 3918 1149 3967 aut
1170 3924 1233 3967 non
1255 3924 1327 3966 nasu
1350 3903 1482 3977 iecisse,
1507 3914 1560 3965 aut
1573 3923 1637 3963 non
1652 3900 1851 3975 necessitate,

541 4001 599 4064 sed
626 4000 790 4065 voluntate
822 3999 948 4062 fecisse.
990 3996 1100 4083 Atque
1132 4008 1198 4059 tutu
1229 4018 1269 4059 ex
1291 3997 1337 4059 his
1368 3996 1445 4061 locis
1466 3996 1545 4059 iuris
1568 4006 1662 4078 atque
1684 3990 1851 4074 aequitatis

634 4248 659 4303 5.
676 4238 859 4311 satietatem]
880 4242 951 4294 Hine
969 4235 1127 4292 emendabis
1148 4236 1232 4290 Tullii
1253 4236 1345 4291 locum
1366 4244 1392 4294 2.
1413 4238 1549 4291 libuerit.
1568 4236 1599 4290 C.
1612 4238 1667 4301 52,
1686 4235 1732 4288 ubi
1752 4254 1851 4307 perpe-

496 4338 499 4342 ·
541 4332 599 4368 ram
617 4314 718 4388 legitur
729 4314 915 4387 fucrsltntem.
956 4314 1027 4367 Nam
1048 4313 1086 4365 tbi
1107 4312 1206 4365 Cicero
1227 4312 1277 4364 alla
1300 4312 1490 4366 tantummodo
1510 4314 1620 4363 nomina
1641 4315 1771 4382 supponit
1793 4315 1852 4362 irn-

541 4389 721 4463 prndentiae,
748 4396 846 4455 casui,
875 4392 1042 4443 necessitati.
1082 4392 1171 4458 Atque
1189 4386 1323 4457 furebas
1352 4404 1408 4441 non
1436 4402 1541 4441 tanturn
1571 4386 1642 4438 aliud
1665 4402 1782 4451 nomen,
1802 4384 1850 4438 sed

540 4470 624 4517 etiam
644 4466 698 4518 alia
717 4484 759 4519 rea
778 4482 819 4518 est
838 4482 853 4516 a
875 4469 1048 4518 necessitate.
1094 4460 1199 4517 Contra
1219 4459 1331 4516 fatuitas
1356 4468 1528 4517 necessitatis
1548 4465 1661 4515 nomine
1680 4477 1774 4532 posset
1794 4460 1851 4513 ob-

540 4545 608 4612 tegi.
626 4542 711 4594 Care.
746 4539 846 4665 {Recta
865 4539 949 4592 lectio
969 4544 998 4591 in
1018 4539 1077 4590 Cic.
1098 4536 1259 4589 iamdudum
1278 4554 1389 4611 recepta
1407 4554 1458 4593 sst.
1480 4538 1547 4607 Oa.)

633 4618 660 4672 7.
680 4621 710 4665 in
728 4634 746 4665 n
763 4616 867 4682 solus]
888 4614 989 4685 Suppls
1008 4616 1153 4682 qualitate.
1173 4614 1254 4667 Care.

632 4692 659 4745 8.
677 4690 745 4740 eolis
757 4689 889 4741 videntur
901 4689 1007 4741 distare
1027 4688 1206 4757 temporibus]
1226 4690 1367 4755 Quatenus
1380 4686 1498 4759 qualitas
1510 4686 1663 4754 negotialis
1681 4692 1802 4757 pertinet
1816 4682 1850 4737 ad

539 4758 683 4823 futurum:
703 4764 871 4815 s'ssrt‘dt'es'utt's
888 4780 978 4816 autern
998 4760 1032 4813 ad
1051 4766 1240 4833 praeteritum.
1279 4760 1347 4814 Vide
1369 4764 1532 4834 Hermogeu.
1552 4760 1585 4813 de
1603 4761 1733 4813 statibus.
1764 4762 1852 4813 Care.

613 4845 657 4893 12.
677 4838 894 4906 deliberationis]
914 4836 945 4891 ld
966 4853 1024 4901 est,
1043 4836 1245 4888 deliberatione
1264 4842 1413 4904 materias,
1441 4842 1544 4910 partis,
1565 4852 1664 4888 eaesae
1682 4852 1735 4888 cet.
1768 4836 1851 4890 Caes.

614 4920 659 4975 13.
677 4913 804 4983 concedi]
825 4913 925 4985 Supple
942 4917 1055 4964 neuim
1073 4928 1132 4964 reo.
1151 4916 1235 4965 Care.

615 4990 660 5043 19.
680 5016 717 5031 -
735 4987 840 5039 hietat
859 4988 928 5041 (iod.
950 4990 1011 5039 Bas.
1031 4988 1085 5040 Oa.

614 5064 659 5119 55.
675 5067 829 5133 prudenter
842 5060 960 5130 fecisse]
981 5060 1077 5126 idest,
1096 5065 1231 5127 scienter,
1250 5059 1396 5125 consulto,
1417 5056 1450 5112 ds
1470 5057 1620 5124 industria,
1642 5074 1698 5109 non
1712 5076 1761 5129 per
1774 5061 1852 5129 igno-

540 5142 673 5191 rantiam:
693 5143 864 5209 nequeenim
883 5139 930 5191 bic
949 5141 1038 5209 agitur
1050 5135 1091 5189 'de
1112 5135 1209 5189 morali
1229 5140 1339 5205 sinuts,
1358 5149 1439 5207 quarn
1453 5132 1627 5209 prudentiam
1639 5147 1750 5187 sonant.
1768 5133 1850 5185 Caes.
