4434 5959
531 558 593 625 aar
1065 558 1301 645 portunus

531 700 583 763 vel
605 698 782 782 specierum
803 701 940 766 omnium
960 701 1226 765 enumerationem
1247 698 1441 783 singularem
1465 695 1590 761 termini
1608 696 1731 761 referas
1754 696 1847 761 iutel-

529 794 664 870 lectmu,
687 795 789 856 statim
806 794 903 877 ipsius
926 815 963 857 ac
977 795 1113 876 partium
1128 794 1318 859 differentias
1338 794 1602 875 eorrrprehendas.
1645 794 1732 855 Nota
1750 793 1843 854 etiam

470 962 474 971 .
530 887 649 962 abeo,
674 886 941 963 orimnorum,
973 888 1065 951 iacile
1087 889 1199 960 distat,
1230 886 1301 969 qnia
1323 886 1401 950 illud
1421 908 1485 949 vox
1507 898 1539 949 et
1561 886 1751 970 significatio
1770 897 1841 958 est,

529 978 607 1044 illud
627 1002 678 1042 rrs
701 978 922 1064 significationi
943 981 1121 1063 supposita.
1164 982 1288 1044 Eorum
1309 1002 1405 1056 vero,
1429 1002 1509 1065 quae
1530 981 1643 1042 affecta
1663 990 1755 1053 suut,
1779 998 1844 1040 nou

505 1085 600 1137 sumn
623 1073 736 1137 dubiae
758 1074 952 1138 differentiae
975 1078 1013 1139 ab
1037 1075 1092 1150 iis,
1123 1096 1260 1159 quornm
1279 1074 1390 1137 affecta
1410 1096 1481 1137 esse
1506 1082 1733 1136 inonstrantur.
1763 1072 1843 1151 Quis

529 1166 609 1229 euim
632 1166 711 1228 idem
735 1166 819 1229 dieat
851 1190 920 1231 csse
942 1170 1163 1252 coniugatum,
1203 1170 1289 1250 quod
1314 1179 1363 1230 est
1388 1170 1437 1243 id,
1469 1166 1522 1229 eui
1543 1166 1747 1249 coniugatum
1769 1163 1845 1226 est?

529 1260 599 1343 quis
620 1257 702 1323 idem
725 1280 791 1323 esse
814 1261 921 1337 iuste,
945 1263 1030 1346 quod
1054 1260 1218 1325 iustitia?
1246 1262 1316 1346 quis
1339 1282 1438 1345 genus
1459 1260 1562 1335 idem,
1601 1261 1689 1341 quod
1713 1255 1843 1321 forrare?

529 1352 599 1437 quis
622 1355 800 1419 contraria?
823 1356 892 1440 quis
914 1355 1049 1418 similia?
1071 1358 1199 1439 qnando
1222 1354 1346 1439 quidem
1369 1376 1471 1437 neque
1493 1352 1684 1417 contrarium
1706 1349 1845 1431 sibiipsi

529 1448 723 1511 eontrarium
747 1470 815 1512 esse
841 1460 965 1530 potest,
1003 1470 1061 1511 nec
1082 1450 1184 1512 simile
1209 1449 1268 1511 sibi
1293 1447 1354 1530 ipsi
1375 1448 1493 1522 simile,
1517 1467 1577 1510 neo
1598 1468 1697 1531 genus
1718 1443 1844 1508 sibimet

487 1540 590 1621 stipsi
617 1562 737 1625 genus:
771 1554 802 1604 et
828 1545 867 1605 de
890 1542 1004 1605 ceteris
1029 1545 1136 1608 eadem
1156 1541 1240 1605 ratio
1263 1552 1325 1605 est.
1369 1544 1463 1605 Nune
1481 1541 1560 1604 illud
1588 1540 1751 1604 dicendum
1775 1547 1841 1611 est,

530 1648 666 1715 propter
701 1639 787 1721 qnod
817 1634 875 1699 ista
910 1636 1141 1718 praemisimus.
1199 1636 1460 1718 Quandocumque
1483 1634 1565 1698 euim
1590 1635 1629 1696 ab
1654 1632 1716 1695 illis
1738 1630 1844 1693 tribus

529 1726 626 1803 luris,
664 1729 718 1814 qui
741 1728 832 1812 primi
851 1730 1010 1812 propositi
1031 1741 1123 1805 scrut,
1146 1741 1331 1812 argumenta
1353 1737 1535 1803 snmrmtur,
1566 1728 1680 1799 idest,
1704 1745 1721 1785 a
1745 1736 1839 1798 toto,

529 1841 545 1883 a
566 1822 727 1903 partibus,
751 1845 768 1885 a
789 1836 883 1899 uota,
907 1823 960 1899 iit,
984 1836 1018 1886 nt
1037 1823 1106 1905 ipse
1129 1824 1253 1905 quidem
1276 1820 1446 1897 terminus,
1470 1823 1509 1883 ad
1523 1820 1612 1883 cuins
1630 1820 1724 1883 iidem
1743 1839 1842 1905 quae·

528 1914 611 1978 ritur
640 1927 881 1998 argumentum,
917 1916 1000 1980 iutra
1029 1916 1202 2001 quamlibet
1234 1926 1342 1979 earrtru
1375 1936 1480 1977 rerum
1510 1914 1726 1988 contineatur,
1761 1930 1841 1995 quae

487 2016 624 2087 tiquum
657 2012 695 2071 ad
724 2022 939 2091 argumentum
968 2014 1079 2073 ductae
1106 2008 1244 2085 interint,
1281 2008 1347 2071 loci
1379 2029 1449 2071 esse
1471 2018 1698 2071 monstrantur.
1742 2005 1844 2067 Velut

530 2108 624 2187 qurum
647 2103 683 2165 lit
711 2114 930 2188 argrunentum
959 2114 1087 2178 aloto,
1127 2102 1195 2184 ipse
1217 2102 1341 2184 quidem
1367 2102 1543 2174 terminus,
1575 2100 1625 2161 cui
1646 2100 1726 2161 lides
1747 2098 1842 2161 alier-

529 2205 601 2271 tur,
633 2194 714 2260 intra
736 2205 837 2259 totum
861 2196 1158 2277 comprehenditnr3
1192 2204 1293 2257 totum
1317 2214 1396 2257 veru
1415 2193 1532 2275 ipsum,
1558 2195 1644 2278 quod
1665 2203 1715 2255 est
1734 2190 1845 2256 delini·

530 2288 596 2361 tio,
633 2308 685 2351 res
714 2300 783 2365 est,
820 2290 847 2353 si
875 2291 999 2374 quidem
1022 2289 1198 2353 orationem
1220 2308 1286 2349 rem
1311 2286 1424 2349 vocari
1450 2286 1566 2366 placet.
1620 2289 1664 2349 At
1688 2285 1716 2347 si
1742 2306 1783 2348 ex
1807 2306 1845 2347 ea

531 2380 663 2444 sumitur
683 2395 921 2467 argumentum,
960 2386 994 2447 lit
1018 2386 1121 2449 locus.
1179 2382 1247 2445 lam
1267 2380 1368 2463 ipsmu
1393 2379 1537 2465 quidem,
1575 2380 1613 2441 de
1633 2398 1698 2461 quo
1716 2376 1845 2461 agitur,

488 2472 612 2536 tdintra
635 2487 733 2539 totum
758 2478 933 2541 clauditur:
972 2498 1075 2563 aquo
1095 2486 1165 2539 toto
1187 2496 1282 2558 quum
1305 2473 1340 2535 fir
1358 2484 1592 2557 argumentum,
1616 2471 1652 2534 lit
1670 2470 1773 2552 ipsum
1796 2482 1849 2533 to·

526 2577 597 2629 tum
622 2568 730 2643 locns;
760 2573 847 2653 quod
867 2584 987 2645 totum,
1012 2570 1159 2652 qnoniam
1183 2569 1299 2631 clandit
1320 2568 1505 2643 terminum,
1529 2566 1636 2651 quiin
1659 2564 1848 2649 quaestione

531 2674 694 2738 versatur,
718 2662 818 2727 eidem
841 2664 977 2729 terudno
1001 2664 1126 2727 uidetur
1146 2664 1324 2725 inhaerere.
1369 2661 1444 2741 Qrto
1463 2661 1514 2736 lit,
1539 2673 1574 2723 ut
1591 2661 1681 2723 locus
1700 2678 1845 2742 qnoque,

531 2750 586 2835 qui
607 2775 624 2816 a
648 2748 719 2821 tbto
742 2768 805 2833 est,
831 2758 930 2821 eidem
950 2759 1111 2821 inhaereat
1129 2755 1282 2831 termino,
1312 2758 1351 2817 de
1373 2776 1438 2840 quo
1459 2755 1491 2817 in
1513 2754 1698 2838 quaestione
1722 2750 1849 2813 dubita·

531 2856 596 2909 tnr.
638 2848 782 2913 Partium
805 2871 931 2933 quoque
951 2850 1146 2915 enumeratio
1167 2852 1299 2912 eundem
1315 2849 1481 2912 terminum
1500 2848 1633 2923 claudit,
1657 2868 1752 2929 quem
1769 2865 1847 2927 par·

489 2960 522 3010 25
532 2939 607 3003 tium
631 2944 821 3007 collectione
855 2944 1041 3027 coniungit;
1068 2944 1197 3027 ipsaque
1229 2942 1362 3025 partium
1391 2944 1584 3027 eurimeratjo
1611 2961 1664 3002 res
1690 2942 1847 3025 quaedam

533 3047 598 3112 est,
623 3034 649 3099 si
671 3038 776 3101 oratio
799 3040 895 3101 rebus
916 3040 1146 3101 annumeranda
1167 3046 1227 3098 est.
1273 3036 1337 3097 Sed
1359 3035 1386 3097 si
1410 3038 1450 3097 ab
1472 3056 1508 3097 ea
1528 3032 1654 3096 ducitur
1674 3053 1848 3115 argumen-

532 3136 620 3204 tum,
645 3130 679 3193 lit
702 3132 803 3195 lorus.
849 3132 911 3195 Sed
935 3132 1080 3216 quioniam
1105 3128 1238 3211 plautium
1259 3127 1426 3191 ntrrltitndo
1443 3126 1475 3190 in
1496 3130 1604 3190 eodem
1620 3126 1756 3189 termino
1777 3136 1845 3201 est,

532 3243 625 3305 quem
649 3238 824 3287 conventus
842 3225 977 3308 partium
1001 3223 1120 3309 irmgit,
1160 3244 1286 3284 necesse
1312 3234 1360 3284 est
1388 3243 1458 3284 error
1485 3242 1614 3305 quoqne
1635 3220 1759 3295 locum,
1791 3220 1848 3305 qui

469 3374 473 3383 .
533 3327 616 3379 ests
642 3320 863 3384 coniunctione
881 3318 1035 3401 partiunt,
1064 3316 1124 3398 ipsi
1145 3317 1190 3379 illi
1213 3315 1368 3391 termino,
1391 3318 1513 3399 dequo
1532 3314 1715 3397 queaeritur,
1736 3313 1849 3375 iubae·

490 3417 618 3472 torere.
663 3411 748 3472 Nota
771 3412 863 3473 etiam
887 3432 951 3473 rem
970 3411 1114 3495 designat
1135 3422 1166 3471 et
1182 3409 1360 3492 signatione
1382 3408 1488 3492 aliquo
1514 3410 1610 3471 modo
1636 3409 1849 3489 eomprehen-

532 3500 601 3563 dit:
625 3520 642 3563 a
665 3524 726 3584 qua
752 3502 779 3565 si
801 3504 926 3569 ducitur
947 3514 1181 3585 argumentum,
1206 3504 1242 3565 lit
1265 3504 1372 3575 loeus;
1396 3513 1428 3565 et
1447 3502 1594 3585 quoniam
1616 3522 1731 3564 uorrren
1754 3522 1849 3563 omne

533 3592 561 3656 ei
588 3592 710 3655 ridetur
733 3599 862 3670 adesse,
899 3596 986 3660 euim
1009 3596 1247 3680 intelligentiam
1270 3595 1392 3678 signat,
1431 3597 1522 3658 locus
1544 3614 1688 3679 quoque,
1722 3593 1779 3677 qni
1800 3606 1851 3657 est

533 3686 749 3762 ructatione,
774 3688 895 3771 inipso
918 3694 1043 3766 haeret,
1077 3693 1203 3776 dequo
1227 3701 1371 3752 versatur
1390 3689 1536 3753 intentio.
1579 3690 1626 3753 At
1650 3688 1681 3750 iu
1700 3686 1848 3763 allectis,

534 3800 615 3865 quae
644 3778 675 3842 iu
706 3782 854 3845 tredecim
887 3797 991 3865 partes
1024 3784 1123 3849 divisa
1154 3796 1245 3858 srtot,
1280 3804 1343 3847 non
1372 3782 1453 3845 idem
1477 3794 1537 3845 est.
1595 3783 1676 3845 Nam
1697 3780 1850 3863 quoniam

491 3872 730 3954 terespicieotia
751 3879 984 3959 quodammodo
1007 3880 1172 3941 terminum
1195 3889 1320 3941 suntet
1342 3874 1431 3960 quiesi
1453 3874 1650 3939 extrinsecus
1662 3874 1848 3949 constituta,

534 3987 597 4031 uon
618 3966 765 4031 ridentur
786 3972 896 4034 eodem
925 3974 1018 4037 modu
1040 3974 1210 4037 coniuncta
1234 3990 1303 4034 esse
1326 3990 1396 4032 oum
1419 3969 1570 4044 terminu,
1604 3989 1669 4052 quo
1686 3966 1851 4031 coniuncti

534 4071 608 4123 erint
629 4060 651 4123 ii
681 4062 764 4138 loni,
794 4062 849 4148 qui
873 4086 890 4127 a
914 4076 1004 4141 toto,
1038 4066 1212 4147 apartium
1237 4065 1489 4140 enumeratione,
1527 4075 1641 4127 anota
1662 4082 1732 4124 esse
1752 4082 1850 4143 prae·

534 4152 609 4217 dicti
635 4166 727 4229 sunt;
760 4160 814 4219 sed
834 4168 938 4221 tamen
958 4159 1005 4233 id,
1043 4161 1131 4243 qnod
1156 4160 1303 4222 allectum
1324 4168 1390 4232 est,
1424 4158 1464 4218 ad
1485 4156 1601 4239 aliquid
1621 4154 1746 4218 dicitur.
1804 4154 1847 4217 Id

534 4267 614 4311 vero
637 4248 754 4333 aliquid
775 4251 914 4313 iunctum
932 4264 980 4315 est
1002 4251 1046 4314 illi
1067 4272 1210 4333 semper,
1244 4252 1332 4335 quod
1352 4251 1391 4311 ad
1412 4249 1477 4311 cius
1503 4248 1628 4312 diruitur
1648 4248 1848 4323 relationem,

491 4356 571 4406 mac
589 4340 656 4407 siue
678 4363 718 4407 eo
741 4364 810 4407 esse
831 4366 986 4426 utinquam
1009 4356 1134 4426 potest:
1172 4342 1336 4428 quiscum
1359 4343 1430 4425 ipso
1457 4340 1615 4416 nascitur,
1639 4352 1671 4405 et
1692 4343 1850 4425 quodam·

534 4438 629 4500 modo
654 4435 755 4500 alteru
777 4437 863 4501 dicto
886 4436 1073 4523 intelligitur
1095 4441 1251 4501 alterum.⁴
1296 4438 1377 4499 llam
1404 4436 1429 4500 si
1448 4436 1494 4510 id,
1518 4438 1558 4497 de
1580 4456 1646 4520 quo
1667 4434 1849 4519 quaeritur,

533 4527 661 4612 eliasque
684 4528 796 4592 all'ecta
821 4533 1016 4613 perpendas,
1048 4551 1103 4607 ea,
1135 4552 1216 4615 qnae
1237 4529 1445 4611 perhibentur
1466 4529 1599 4605 allecta,
1622 4540 1712 4593 extra
1731 4526 1787 4603 id,
1811 4530 1852 4590 de

534 4643 598 4706 quu
623 4622 813 4706 ambigitur,
851 4625 957 4705 posita
976 4647 1045 4689 esse
1068 4624 1262 4692 consideres.
1305 4622 1395 4686 Nihil
1414 4622 1496 4687 eninr
1519 4644 1651 4697 eorum,
1675 4632 1852 4707 quaesout

533 4719 571 4778 ad
594 4715 733 4800 aliquid,
759 4738 798 4781 ex
821 4738 857 4781 se
874 4719 945 4800 ipsu
970 4741 1039 4783 csse
1061 4730 1188 4807 potest,
1213 4718 1268 4779 sed
1289 4726 1483 4797 estsemper
1503 4737 1545 4777 ex
1564 4716 1687 4779 altero:
1711 4726 1746 4777 ut
1767 4713 1851 4777 euim

492 4810 563 4877 tsiu
586 4809 846 4893 praedicamentis
868 4812 1063 4887 ostenditur,
1102 4810 1229 4885 omnia,
1258 4830 1340 4895 qnae
1360 4812 1399 4872 ad
1414 4808 1534 4893 aliquid
1554 4808 1720 4885 dicuutur,
1745 4830 1852 4892 oppo-

534 4904 592 4967 sita
616 4916 708 4980 sunt;
730 4927 794 4970 non
817 4917 918 4969 tamen
940 4908 981 4970 ita
1003 4906 1158 4971 disiuncta
1179 4915 1269 4980 scrut,
1294 4914 1329 4966 ut
1353 4904 1482 4967 omuino
1505 4903 1568 4967 siut
1584 4904 1771 4979 distributa,
1795 4906 1852 4966 sed

534 4998 681 5082 quoniam
708 5000 840 5064 relativa
865 4999 1101 5082 praedicatione
1131 4999 1323 5084 iunguntur,
1348 5019 1476 5061 necesse
1496 5009 1545 5061 est
1568 4999 1674 5085 aliquo
1697 4997 1796 5061 modo
1818 4995 1850 5059 iu

531 5090 604 5175 ipso
626 5090 710 5173 siut,
747 5095 786 5157 sd
808 5096 895 5178 quod
921 5091 1067 5159 sidentur
1089 5095 1216 5159 affecta.
1276 5093 1379 5159 Omne
1405 5092 1523 5178 qnippe
1544 5092 1696 5171 ⁸allectum
1717 5111 1761 5163 ex
1783 5110 1847 5167 eo,
