4434 5959
943 613 1036 677 LlB.
1060 611 1106 675 V.
1620 612 1680 678 357

370 757 486 822 salsum
500 768 565 832 cst,
590 755 617 818 si
629 753 694 817 dies
705 765 766 830 est,
784 775 846 818 non
861 775 928 817 esse
939 754 1061 817 lucem:
1088 775 1168 838 quae
1180 757 1331 838 denegata
1346 775 1456 818 rursus
1470 777 1544 820 vera
1557 769 1605 820 est
1617 754 1680 819 ita:

370 855 474 928 Non,
498 850 531 914 ei
551 849 624 913 dies
645 859 715 923 est,
739 851 804 910 iux
824 869 893 910 uon
914 861 988 920 est:
1008 859 1042 911 et
1063 847 1097 910 fit
1120 849 1289 912 consimilis
1313 849 1530 916 affirmationi:
1553 851 1591 916 Si
1611 852 1683 914 dies

369 958 441 1021 est,
465 949 530 1009 iux
545 955 616 1017 est:
637 943 708 1025 quia
727 942 802 1005 iacit
817 941 1057 1006 affirmationem
1074 947 1234 1027 geminata
1255 944 1394 1027 negatio.
1440 944 1589 1008 Similiter
1607 965 1683 1007 vero

368 1046 450 1107 fiunt
470 1063 511 1104 ex
538 1036 786 1120 repugnantibus
817 1037 1046 1118 propositionis
1067 1036 1209 1118 partibus
1241 1049 1444 1120 argumenta,
1480 1039 1530 1102 vel
1560 1040 1585 1100 si
1607 1041 1684 1100 dira·

257 1138 258 1143 ’
369 1141 432 1202 bus
454 1131 695 1215 negationibus,
734 1129 784 1192 vel
803 1129 829 1192 si
851 1130 1020 1212 negatione
1044 1141 1076 1192 et
1097 1129 1326 1204 affirmatione,
1353 1133 1403 1194 vel
1421 1131 1448 1194 si
1471 1131 1710 1195 affirmationes

370 1243 402 1294 et
424 1227 593 1313 negatione
614 1224 818 1307 iungantur„
843 1222 1015 1304 Quomodo
1035 1245 1114 1288 vero
1136 1223 1211 1286 fiant
1231 1246 1271 1286 ex
1289 1223 1402 1288 talibus
1425 1227 1575 1291 connexis
1590 1249 1685 1308 repu-

372 1334 524 1412 gnantes,
548 1318 692 1400 superius
710 1316 827 1379 dietrun
842 1326 902 1379 est.
946 1317 1001 1380 Fit
1023 1338 1102 1380 vero
1126 1339 1165 1380 ex
1188 1340 1222 1381 ea
1241 1319 1483 1400 propositione,
1509 1343 1590 1406 quae
1609 1323 1685 1382 dita·

370 1423 429 1483 bus
450 1413 592 1499 iungitur
607 1411 781 1496 negativis,
805 1431 845 1473 ex
867 1411 1056 1494 repugnanti
1072 1423 1289 1496 argumentum
1312 1414 1374 1474 hoe
1393 1416 1500 1476 modo.
1545 1417 1592 1479 Sit
1606 1435 1684 1497 pro·

370 1511 510 1599 positio:
532 1509 572 1572 Si
592 1527 661 1571 uon
683 1516 733 1568 est
754 1507 837 1578 lux,
862 1505 935 1567 dies
956 1525 1024 1568 uon
1044 1517 1108 1568 est.
1167 1505 1239 1568 Fiat
1263 1527 1443 1590 repugnans
1461 1509 1524 1570 ita:
1557 1509 1596 1574 Si
1616 1529 1684 1573 uon

369 1609 525 1679 estlear,
565 1611 617 1664 est
645 1599 731 1662 dies.
790 1597 876 1660 Huic
898 1597 1062 1682 iungamus
1088 1599 1322 1684 negationem,
1343 1613 1377 1664 ut
1404 1601 1459 1662 fiat
1482 1623 1580 1678 vera,
1620 1605 1727 1668 itane

369 1705 476 1776 Non,
500 1697 531 1760 si
552 1699 617 1758 lux
630 1703 777 1766 nonest,
801 1692 874 1754 dies
891 1703 962 1765 est:
993 1693 1091 1777 atqui
1111 1696 1175 1756 lux
1197 1706 1355 1759 nonest:
1383 1696 1455 1759 dies
1480 1697 1590 1780 igitur
1616 1719 1684 1762 non

370 1808 435 1862 est.
479 1793 561 1855 Item
582 1788 622 1850 sit
644 1807 685 1848 ex
704 1785 872 1871 negatione
894 1795 987 1868 atque
1006 1778 1420 1870 affirmatione'propositio
1437 1790 1533 1852 haec:
1559 1793 1597 1856 Si
1612 1793 1685 1856 dies

370 1895 531 1959 nonest,
569 1903 643 1944 noae
660 1892 723 1943 est.
767 1880 853 1943 Huic
875 1880 1007 1940 addatur
1032 1899 1073 1941 ex
1095 1879 1276 1963 posteriore
1306 1893 1394 1961 parte
1413 1883 1558 1966 negatio,
1591 1897 1625 1948 ut
1646 1885 1686 1948 sit

370 1987 432 2049 ita:
470 1981 509 2046 Si
535 1978 608 2042 dies
632 1995 701 2040 uon
725 1986 798 2050 est,
838 1994 912 2037 nox
930 1985 1079 2036 nonest.
1143 1974 1197 2037 Fit
1226 1995 1419 2058 repugnans.
1474 1979 1564 2041 Haec
1587 1979 1684 2044 nihilo

371 2077 475 2140 miuus
498 2075 670 2144 abnuatur,
696 2079 730 2130 ut
752 2068 793 2130 sit
818 2087 916 2130 vera:
954 2068 1057 2140 Non,
1090 2067 1122 2130 si
1143 2067 1216 2131 dies
1237 2088 1305 2131 non
1327 2079 1398 2144 est,
1431 2091 1505 2133 noar
1529 2094 1597 2136 non
1621 2083 1727 2138 esuis

373 2165 594 2235 Assumimus:
616 2161 714 2246 atqui
736 2159 808 2223 dies
831 2180 900 2223 nou
919 2170 982 2222 est.
1027 2157 1273 2224 concludimus:
1297 2182 1371 2225 noar
1390 2162 1499 2246 igitur
1522 2177 1582 2231 est.
1606 2168 1686 2230 Item

369 2265 397 2328 si
419 2285 460 2326 ex
479 2262 587 2324 eadem
606 2253 849 2339 propositione,
874 2273 954 2336 quae
972 2273 1012 2314 ex
1034 2255 1181 2338 negativa
1208 2253 1460 2341 affirmativaque
1482 2259 1687 2344 coniungitur

371 2372 402 2424 et
422 2355 517 2421 dicit:
547 2352 587 2419 si
610 2351 683 2413 dies
707 2358 866 2422 nonest,
904 2365 978 2408 uox
996 2358 1065 2422 est,
1090 2369 1107 2409 a
1131 2347 1232 2429 priori
1252 2360 1344 2430 parte
1370 2350 1498 2434 negatio
1521 2356 1687 2416 subtraba-

369 2468 442 2528 tur,
465 2450 522 2512 fiet
542 2464 743 2529 repugnans,
767 2443 830 2504 boc
852 2441 966 2502 modo:
991 2439 1030 2503 Si
1053 2439 1126 2503 dies
1148 2453 1217 2518 est,
1241 2461 1315 2504 nos:
1329 2455 1392 2505 est.
1437 2445 1522 2508 Huic
1545 2467 1688 2529 appone.

370 2560 425 2611 tur
446 2541 596 2630 negatio,
621 2550 656 2601 ut
680 2559 756 2601 vora
779 2555 848 2600 esse
869 2531 989 2614 possit,
1014 2535 1077 2595 boc
1099 2537 1214 2597 modo:
1245 2537 1344 2610 Non,
1369 2536 1400 2598 si
1422 2536 1497 2601 dies
1519 2553 1588 2616 est,
1613 2563 1729 2623 nox20

370 2653 442 2714 est:
475 2652 749 2716 assumamusque:
786 2625 973 2715 aequidies
992 2639 1057 2690 est.
1110 2627 1343 2693 concluditur:
1378 2631 1465 2694 Nox
1487 2631 1597 2715 igitur
1618 2654 1686 2698 non

370 2745 435 2799 est.
480 2731 526 2793 At
543 2728 570 2790 si
591 2727 632 2789 sit
652 2747 692 2787 ex
714 2723 924 2791 affirmatione
947 2735 979 2784 et
994 2720 1164 2806 negatione
1187 2722 1368 2804 propositio
1389 2723 1574 2800 coniuncta,
1602 2729 1687 2790 velut

370 2831 469 2892 baec:
492 2821 695 2905 Si'vigilot,
719 2839 787 2882 non
809 2821 945 2891 stertit:
966 2818 1102 2880 demitur
1120 2815 1293 2899 posteriori
1311 2817 1394 2897 parti
1409 2821 1556 2902 negatio,
1582 2831 1616 2882 ut
1631 2821 1686 2884 liat

368 2923 432 2988 ita:
463 2918 502 2983 Si
524 2915 661 2998 vigilat,
691 2913 818 2976 stertit.
863 2915 927 2976 Sed
949 2915 1025 2974 haee
1043 2920 1212 2994 repugnat.
1258 2913 1341 2974 Tota
1365 2932 1475 2974 rursus
1504 2913 1684 2996 propositio

369 3019 564 3101 denegetur,
589 3019 623 3072 ut
644 3029 721 3072 vera
745 3006 821 3082 fiat,
846 3009 908 3070 boc
928 3007 1046 3071 modo:
1070 3006 1170 3079 Nou,
1198 3003 1230 3067 si
1249 3004 1389 3088 vigilat,
1413 3005 1538 3070 stertit.
1583 3007 1727 3089 Asso-25

369 3112 502 3176 mimus:
540 3103 637 3188 atqui
656 3102 787 3186 vigilat.
831 3099 1068 3166 Concludamus
1090 3117 1219 3160 neeesse
1241 3101 1307 3161 est':
1331 3119 1399 3162 uon
1422 3099 1536 3163 stertit
1560 3099 1682 3184 igitur.

370 3207 435 3270 Sed
455 3203 517 3264 bae
538 3208 689 3281 quattuor
708 3216 753 3256 ex-
772 3196 1022 3280 repugnantibus
1040 3189 1262 3255 conclusiones
1281 3191 1314 3253 in
1345 3192 1440 3257 tertio
1464 3197 1559 3258 modo
1580 3196 1685 3259 eonsi-

370 3315 455 3368 stere
476 3292 712 3375 intelliguntur:
749 3310 880 3372 quarum
905 3289 1028 3372 quidem
1055 3285 1181 3349 Tullius
1207 3295 1272 3347 tres
1294 3287 1555 3351 commemorarit
1576 3311 1684 3352 unam·

370 3415 434 3481 que
453 3397 625 3474 praecepto
644 3381 774 3459 docuit,
799 3403 885 3458 eam,
910 3405 1001 3466 quam
1022 3377 1204 3463 propositio
1225 3379 1296 3442 talis
1322 3380 1438 3459 efficit,
1463 3403 1542 3466 quae
1564 3385 1684 3449 duabus

370 3486 513 3571 iungitur
538 3475 751 3552 affirmativis,
787 3478 863 3539 diras
886 3497 965 3540 vero
989 3474 1157 3556 exemplo,
1194 3472 1316 3536 scilieet
1338 3495 1422 3552 eam,
1459 3497 1540 3562 quae
1566 3498 1606 3540 ex
1628 3479 1727 3550 talisn

370 3575 594 3672 propositione
615 3571 771 3646 nascitur,
796 3590 887 3654 quam
911 3574 990 3633 dirae
1012 3569 1161 3652 copulant
1184 3566 1386 3650 negationes,
1424 3578 1455 3632 et
1481 3591 1567 3648 eam,
1605 3595 1685 3658 quae

371 3703 414 3746 ει
435 3671 488 3736 tali
509 3686 653 3731 connexa
675 3674 884 3746 procreatur,
922 3684 1003 3751 quae
1023 3685 1064 3727 ex
1090 3660 1300 3726 affirmatione
1326 3663 1558 3747 negationeque
1580 3667 1686 3730 consi·

369 3770 437 3836 stit.
481 3762 649 3843 Reliquam
670 3778 747 3821 vero
769 3755 955 3838 praeteriit,
980 3759 1067 3841 quod
1088 3755 1212 3819 illarum
1232 3755 1430 3820 similitudine
1446 3757 1538 3821 etiam
1559 3761 1638 3824 haec
1653 3761 1685 3824 in

368 3861 496 3930 tertium
519 3850 730 3918 conclusionis
746 3853 871 3915 modum
890 3849 1057 3915 videbatur
1077 3848 1229 3914 incidere.
1274 3849 1414 3932 Quartus
1436 3855 1549 3916 modus
1569 3853 1598 3917 in
1621 3853 1685 3916 dis·

369 3954 531 4023 iunctione
551 3946 717 4020 consistit,
755 3946 820 4007 hoc
840 3946 960 4008 modo:
995 3948 1067 4009 Aut
1089 3943 1163 4008 dies
1181 3956 1248 4021 est,
1272 3956 1335 4007 out
1352 3965 1425 4008 nox
1442 3957 1514 4021 est,-
1535 3947 1597 4010 sed
1613 3947 1728 4015 diestt

369 4061 440 4115 est:
461 4065 534 4108 uox
548 4041 658 4124 igitur
672 4059 739 4102 nou
762 4049 826 4102 est.
870 4037 973 4102 Huius
996 4039 1073 4101 haec
1089 4037 1171 4101 ratio
1191 4049 1262 4114 est,
1287 4035 1358 4122 quia
1381 4038 1566 4101 disiunctiva
1587 4061 1686 4102 enun-

369 4141 504 4209 tiatione
531 4133 695 4220 proposita
718 4131 810 4214 prior
832 4153 907 4216 pars
928 4131 996 4195 eius
1014 4131 1182 4194 assumitur
1203 4131 1412 4206 affirmando,
1437 4143 1471 4194 ut
1490 4135 1685 4218 subsequens

371 4237 549 4301 auferatur.
603 4229 656 4292 Ex
678 4248 715 4290 ea
737 4227 817 4288 enim
837 4225 1085 4308 propositione,
1121 4245 1200 4310 quae
1221 4223 1315 4288 dicit:
1346 4236 1408 4288 aut
1432 4225 1505 4288 dies
1525 4238 1600 4302 est,
1625 4241 1687 4293 msc

371 4353 446 4395 nos:
470 4339 540 4398 est,-
573 4323 775 4386 assumimus:
809 4319 997 4404 aequidies
1018 4331 1087 4396 eet,
1119 4318 1238 4382 scilicet
1262 4317 1452 4382 affirmantes
1482 4341 1550 4384 esse
1576 4321 1685 4389 diem:

372 4445 467 4512 quam
489 4417 727 4482 affirmationem
750 4411 972 4496 assumptionis
993 4413 1199 4495 consequitor
1222 4433 1284 4476 non
1304 4433 1371 4474 esse
1388 4425 1526 4478 noctem.
1585 4415 1730 4498 Quin-40

372 4533 422 4582 tus
446 4516 557 4579 modus
579 4522 644 4585 est,
668 4529 763 4593 quum
786 4507 816 4570 in
840 4508 948 4569 eadem
970 4505 1157 4569 disiunctiva
1181 4504 1420 4588 propositione,
1444 4506 1494 4586 id,
1519 4512 1605 4595 quod
1621 4513 1688 4594 pri.

372 4633 457 4676 mum
478 4617 543 4681 est,
580 4604 726 4688 negando
753 4599 941 4676 assumitur,
977 4609 1011 4661 ut
1032 4599 1082 4673 id,
1122 4599 1207 4683 quod
1232 4608 1279 4660 est
1299 4601 1477 4681 posterius,
1511 4601 1685 4684 inferatur,

371 4707 436 4769 hoe
458 4703 573 4765 modo:
611 4701 684 4762 Aut
711 4694 783 4759 dies
806 4705 877 4768 est,
914 4704 976 4756 out
995 4713 1070 4755 uox
1090 4704 1159 4770 est,
1197 4691 1387 4776 otqrridies
1412 4709 1565 4761 nonest.
1623 4701 1689 4764 Per

372 4795 574 4882 negationem
602 4788 722 4883 scilieet
754 4787 839 4851 lacta
873 4797 922 4850 est
950 4785 1134 4869 assumptio.
1200 4784 1418 4872 Consequitur
1445 4809 1514 4854 esse
1549 4803 1688 4858 noctem.

449 5031 495 5086 52.
526 5039 565 5074 ss:
594 5021 646 5074 toll
675 5036 801 5073 connexa
823 5034 937 5090 procu,
969 5019 1054 5088 quae]
1074 5019 1143 5072 ven.
1164 5021 1250 5076 Paris.
1270 5045 1307 5062 -
1326 5037 1363 5072 ss
1382 5023 1436 5073 tall
1454 5041 1579 5077 connexo
1596 5041 1692 5098 proce.

372 5097 447 5229 εἴ
461 5099 551 5233 gitqq:
577 5127 611 5141 -
644 5114 682 5148 ez
706 5099 897 5168 propositione
922 5095 975 5146 rate
1000 5109 1128 5146 connexa
1148 5110 1244 5166 proer.
1269 5113 1338 5170 quae
1367 5097 1444 5152 Base.
1483 5103 1527 5159 55.
1547 5097 1615 5152 hoec
1635 5118 1691 5156 om.
