4434 5959
681 661 723 728 C.
745 664 899 730 IULIUS
921 663 1099 731 VICTOR
1121 662 1227 730 CAP.
1250 665 1280 729 l.
1303 665 1351 728 tl.
1407 727 1412 736 ,
1580 667 1645 728 tar.

333 799 470 881 cipium:
493 802 605 864 dehinc
627 805 665 865 de
684 805 862 868 narratione
881 805 1023 887 cogitare
1040 805 1206 878 insistunt;
1228 816 1307 871 tunc'
1321 808 1360 868 ad
1381 816 1485 868 cetera
1508 806 1651 876 descens

333 900 430 958 dunt:
461 898 556 977 qittnn
577 897 640 958 hnc
654 897 694 959 sit
708 901 872 962 commode
893 899 997 962 dicere
1018 900 1199 964 volentibus
1220 920 1371 983 perquam
1392 896 1586 962 contrarium
1607 907 1649 976 et,

333 987 514 1068 impeditum
544 999 575 1050 et
597 990 711 1052 multae
732 990 874 1075 caliginis
892 993 1040 1072 plenum:
1073 992 1143 1055 lieri
1165 990 1245 1054 enim
1270 1013 1331 1056 non
1354 1003 1461 1073 potest
1486 1001 1539 1052 aut
1561 1009 1639 1071 pro·

333 1081 438 1144 babile
460 1092 513 1142 ant
534 1080 709 1157 favorabile
731 1096 784 1144 aut
812 1086 971 1165 pertinens
1000 1084 1212 1167 principium,
1236 1085 1263 1148 si
1291 1107 1325 1149 se
1349 1087 1400 1147 rel
1426 1083 1565 1146 narratio
1588 1081 1639 1144 vel

332 1175 396 1236 nlla
419 1175 573 1237 sententia
594 1186 647 1237 ant
671 1177 766 1237 rerba
786 1177 917 1258 denique
939 1181 1063 1242 adrem
1084 1182 1235 1264 agendam
1251 1191 1378 1241 strenue
1401 1178 1557 1248 offerant,
1581 1174 1664 1242 nisis

333 1268 381 1342 ei,
419 1270 472 1350 qtri
493 1267 616 1349 penitus
646 1291 759 1332 catisae
784 1270 904 1332 viscera
935 1293 994 1353 per
1019 1282 1134 1334 statrun
1165 1269 1264 1350 ipsum
1287 1282 1318 1332 et
1349 1270 1472 1354 singula
1502 1271 1639 1330 membra

332 1362 552 1444 qiraestinnum
574 1375 606 1424 et
626 1361 749 1443 species
770 1362 965 1446 cogitatione
985 1365 1080 1426 tacita
1105 1367 1188 1446 apud
1206 1386 1239 1427 se
1262 1363 1420 1438 omnium,
1458 1383 1540 1445 quiae
1564 1383 1652 1442 pro·¹

331 1458 395 1519 sint
406 1477 518 1518 causae
535 1478 678 1539 quaeque
694 1457 811 1531 obsint,
836 1459 896 1518 alta
914 1457 1037 1520 ratione
1051 1459 1209 1521 discussit.
1253 1460 1327 1522 Hoc
1341 1470 1400 1531 est,
1417 1461 1503 1539 qttod
1521 1456 1639 1522 Cicero

333 1551 394 1624 ait,
417 1573 465 1613 ex
490 1572 608 1612 rerum
631 1550 838 1633 cogitatione
857 1547 1065 1640 efflorescat
1093 1563 1127 1614 et
1158 1552 1323 1614 redundet
1349 1551 1480 1614 oratio:
1507 1573 1548 1612 ac
1573 1547 1640 1611 nisi
1681 1605 1683 1608 .

333 1664 391 1706 ree
410 1643 454 1706 sit
471 1643 515 1705 nb
534 1653 673 1705 oratore
688 1653 850 1724 percepto
863 1655 896 1706 et
909 1644 1050 1726 cognita
1070 1645 1207 1708 inanem
1227 1644 1398 1728 quandam
1417 1643 1639 1708 elocutionem
1652 1655 1682 1702 tt

331 1736 501 1799 excutere
517 1757 558 1798 ac
574 1757 683 1818 poene
704 1736 884 1819 puerilem.
927 1739 1076 1800 Socrates
1097 1759 1226 1821 quoque
1240 1735 1344 1801 dicere
1357 1737 1500 1816 solebat,
1525 1735 1653 1806 omnes,

331 1831 370 1892 in
388 1851 444 1903 eo,
465 1829 557 1912 quod
579 1830 716 1906 scirent,
743 1828 829 1892 satia
852 1851 925 1892 ease
946 1832 1148 1914 eloquentes.
1190 1830 1278 1894 Scire
1304 1839 1405 1892 antem
1424 1841 1471 1892 est
1494 1848 1578 1901 rem,
1602 1827 1651 1904 dn⁴

333 1944 397 2006 qua
419 1924 560 1984 dicturus
586 1922 649 1997 sis,
682 1921 860 1984 nniversam
893 1934 964 1985 ante
996 1943 1211 2004 pernoscere:
1243 1923 1288 2001 (in
1318 1925 1397 1984 hanc
1422 1943 1489 1984 rem
1516 1929 1642 1984 constat

334 2015 429 2079 etiarn
452 2013 584 2079 Catonis
608 2027 810 2096 praeceptum
842 2035 942 2095 paene
971 2016 1130 2092 divinum,
1164 2014 1219 2098 qni
1241 2014 1303 2078 ait:
1332 2037 1406 2079 rem
1423 2027 1516 2088 tene,
1541 2012 1642 2075 verda

332 2110 548 2192 sequentius)
570 2119 602 2169 et
622 2106 787 2188 peristasin
810 2128 934 2184 causae,
960 2125 1053 2193 quam
1076 2109 1268 2192 susceperis,
1292 2121 1325 2172 et
1345 2109 1375 2171 in
1397 2129 1432 2170 ea
1453 2108 1694 2180 tuntas-inmus-

334 2201 374 2267 τὸ
395 2195 600 2287 κρινόμενον,
632 2222 691 2281 per
723 2200 865 2283 singulos
897 2202 1020 2284 proprii
1051 2214 1152 2266 status
1182 2203 1331 2266 articulos
1365 2199 1576 2284 investigare:
1610 2209 1641 2260 et

332 2307 411 2358 trrnc
435 2297 474 2357 ad
493 2297 656 2357 'statuenda
683 2277 836 2375 principia
869 2305 901 2356 et
921 2307 1042 2358 ceteras
1069 2294 1221 2360 orationis
1245 2306 1351 2377 partes
1373 2293 1565 2379 cogitatione
1589 2313 1653 2368 re·¹

334 2388 479 2468 spicere:
503 2386 574 2470 ideo
595 2389 681 2467 quod
701 2386 753 2447 illa
765 2387 884 2467 prima,
908 2410 988 2472 quiae
1009 2388 1174 2462 dicuntur,
1197 2389 1224 2450 si
1247 2390 1444 2450 vehementer
1465 2387 1541 2449 velis
1563 2406 1641 2447 con-

335 2500 454 2562 gruere
484 2492 516 2542 et
537 2479 710 2542 cohaerere
735 2501 805 2542 cnm
826 2500 939 2554 carisa,
976 2503 1018 2562 ert
1041 2481 1087 2543 his
1110 2484 1204 2548 ducas
1227 2491 1355 2561 oportet
1378 2501 1456 2562 qnae
1477 2493 1638 2543 secuntiu.

333 2577 482 2652 Accepto
504 2572 602 2655 igitur
627 2572 787 2645 themate,
822 2572 955 2653 primunr
975 2574 1237 2638 circumstantiam
1258 2573 1371 2636 sectari
1401 2575 1513 2645 debes,
1552 2571 1682 2638 cuiusan

333 2677 443 2747 partes
467 2676 539 2726 sum
561 2663 641 2726 Vll.
668 2665 747 2726 hae:
770 2665 865 2747 quis,
896 2667 995 2749 quid,
1024 2667 1181 2751 quando,
1214 2665 1289 2741 ubi,
1320 2687 1399 2739 eur,
1423 2667 1641 2749 quemadmo-

334 2759 435 2831 dum,
458 2757 579 2840 quibus
600 2756 828 2820 adminiculis.
872 2760 993 2823 Harum
1021 2782 1099 2824 vero
1127 2758 1262 2822 omnium
1286 2770 1339 2821 ant
1363 2758 1565 2838 plurimarum
1589 2779 1641 2819 ra·

335 2850 462 2914 tionatis
495 2849 705 2934 congregatio
736 2851 812 2913 tacit
846 2873 988 2926 causam,
1029 2864 1061 2916 et
1088 2854 1147 2915 hac
1179 2852 1311 2932 primum
1348 2850 1562 2932 perspicitur,
1601 2869 1651 2932 an

335 2945 460 3005 assistat
489 2941 727 3006 controrcrsiae
757 2944 873 3021 ratio,
895 2966 935 3008 an
964 2968 1043 3010 vero
1077 2945 1234 3022 materia,
1271 2965 1350 3030 quae
1378 2942 1544 3026 proposita
1571 2953 1637 3015 est,

335 3049 493 3118 asystatos
514 3035 567 3100 sit.
893 3071 900 3085 ,
1649 3023 1682 3074 ²⁵

768 3197 816 3260 ιι.
860 3197 921 3260 on
944 3171 1227 3262 asisinus..

418 3317 597 3396 Asystaton
613 3329 660 3380 est
671 3316 751 3381 enim
762 3321 874 3386 thema.
887 3321 975 3399 quod
986 3318 1247 3384 circumstantiam
1264 3319 1452 3382 nonhabet:
1477 3329 1521 3392 nt,
1544 3339 1641 3380 reum

322 3409 426 3500 sarit
442 3409 650 3472 iniuriarum
660 3433 846 3494 pauperem
863 3411 968 3474 dines.
1011 3413 1111 3475 Vides
1127 3414 1206 3474 hanc
1217 3433 1339 3474 catinam
1354 3401 1438 3474 stire
1453 3433 1516 3473 uon
1532 3431 1639 3493 posse.

335 3507 451 3586 Neque
467 3502 547 3564 enim
570 3506 695 3586 qnando
714 3524 772 3565 nce
794 3502 846 3564 nti
869 3526 926 3566 nec
950 3527 1007 3566 cnr
1030 3527 1089 3566 nec
1111 3505 1193 3566 atiud
1211 3516 1374 3584 praeterea
1393 3515 1498 3582 potest
1516 3503 1639 3586 quaeri,

334 3606 370 3659 nt
403 3587 636 3658 altercationem
665 3595 885 3659 controversia
917 3597 1058 3660 videatur
1087 3599 1269 3672 admittere,
1304 3599 1358 3658 sed
1390 3597 1478 3680 nicasi
1508 3599 1587 3658 nuda
1610 3607 1683 3663 etat

334 3688 498 3752 debilitata
524 3689 749 3768 propomam·
774 3691 841 3751 Nec
873 3701 976 3756 tannen
1005 3702 1095 3770 putes
1117 3711 1224 3753 omnes
1246 3690 1368 3770 species
1391 3689 1640 3752 circumstantiae

333 3781 364 3845 io
380 3784 519 3844 themate
538 3782 622 3843 otnni
638 3803 732 3863 posse
750 3781 899 3860 reperiri;
922 3784 977 3843 sed
998 3782 1165 3865 aliqnando
1187 3804 1312 3855 omnes,
1338 3783 1504 3866 aliqnando
1521 3785 1641 3864 pleras-

333 3895 416 3959 qne;
440 3873 541 3950 acsi,
574 3886 608 3937 nt
629 3874 660 3937 in
681 3874 916 3956 suprascripto,
946 3896 1045 3955 paene
1067 3878 1168 3939 ornois
1191 3877 1269 3938 desit
1294 3875 1544 3950 circumstantia,
1568 3896 1641 3940 cau·

332 3988 400 4030 sam
422 3979 507 4030 stare
535 3988 597 4031 non
624 3988 731 4050 posse.
775 3969 854 4031 Sunt
877 3981 910 4031 et
930 3968 990 4032 alia
1014 3968 1088 4033 vitia
1112 3971 1193 4047 tria,
1227 3992 1308 4053 quiae
1334 3981 1487 4050 asystatae
1511 3977 1641 4032 contro·

333 4059 457 4123 versias
476 4058 617 4134 faeiunt,
655 4073 689 4123 ιιι
716 4055 785 4125 κατ’
809 4057 1004 4142 ι’σᾰζουσαν,
1039 4085 1134 4147 qtttun
1160 4085 1198 4126 ex
1230 4075 1363 4150 utraque
1393 4073 1480 4144 parte
1509 4063 1683 4132 circum-³1

333 4153 448 4216 stantia
471 4157 576 4215 eadem
600 4151 708 4238 utique
730 4166 795 4228 est,
820 4166 852 4215 et
875 4156 956 4217 nulla
979 4176 1017 4218 ne
1039 4177 1141 4237 parva
1163 4155 1288 4239 qttidem
1312 4155 1486 4220 differentia
1508 4153 1641 4217 discerni

332 4257 444 4328 potest
454 4259 532 4323 rut,
555 4246 656 4310 nicini
670 4247 921 4324 adolescentuli,
944 4249 1002 4332 pui
1015 4250 1186 4330 speciosas
1203 4249 1522 4323 uxoreslrabebant,
1546 4257 1642 4312 nocte
1694 4263 1699 4274 '

409 4497 457 4554 55.
475 4492 605 4544 Scholion
630 4497 661 4546 in
685 4511 778 4562 marg.
815 4494 888 4548 Nota
911 4493 1038 4550 hane..
1066 4511 1149 4565 qnam
1177 4495 1223 4554 hle
1247 4498 1384 4552 iraeneum
1402 4531 1411 4548 .
1430 4531 1438 4552 ,
1457 4493 1527 4550 alins
1548 4509 1644 4552 anctos

333 4569 396 4624 alite
415 4569 574 4622 ιιοιιιιηιιω
592 4568 699 4622 scillcet
717 4585 775 4622 eser
794 4606 802 4622 .
822 4604 830 4621 .
849 4572 940 4622 isonia
959 4607 967 4622 .
986 4608 995 4624 .
1017 4583 1103 4626 tensa.

419 4721 446 4768 3.
465 4723 515 4768 Pro
535 4717 708 4770 discusserit?
744 4719 768 4768 3.
787 4720 832 4782 es]
848 4722 909 4768 cod.
930 4729 961 4769 at.
982 4724 1044 4770 tttt.
1061 4724 1123 4774 Edd.
1134 4726 1284 4787 cognitione.
1306 4723 1352 4774 tt..
1367 4727 1402 4771 tta
1413 4725 1565 4782 cetarum
1579 4731 1645 4770 ceta·

471 4791 579 4850 graphia.
598 4789 641 4837 2⁰.
660 4791 722 4836 cot.
741 4792 939 4837 circumstantia.
958 4791 1000 4838 2³.
1020 4791 1054 4854 et]
1073 4793 1134 4841 Nam
1153 4809 1197 4851 pra
1209 4809 1258 4844 aa,
1278 4801 1304 4846 at
1319 4793 1409 4852 snpra?
1428 4793 1470 4840 27.
1490 4796 1528 4840 Sic
1547 4795 1642 4850 scripsi.

472 4861 551 4906 liuns
569 4867 707 4920 asystatae.
727 4860 774 4907 Οι.
823 4861 882 4907 tnta.
902 4861 1129 4923 circumstantium}
1154 4866 1189 4910 lta
1204 4867 1265 4912 est.
1288 4866 1333 4914 un
1360 4867 1470 4920 saperius
1493 4877 1536 4920 per
1558 4879 1582 4908 e.
1602 4859 1644 4912 33.

472 4931 585 4975 Fortasse
598 4936 633 4974 «u.
653 4929 700 4976 οιι.
722 4927 763 4976 33.
782 4933 855 4978 tteest
873 4945 898 4980 ν.
935 4930 977 4978 tt.
997 4934 1110 4980 attonsus
1131 4940 1168 4982 ιιι
1185 4935 1272 4982 codicia
1293 4947 1386 4994 margo.

429 5053 458 5107 9.
479 5049 519 5104 De
539 5051 588 5104 Or.
608 5051 630 5104 l.
650 5055 679 5108 6.

410 5131 457 5184 12.
477 5125 519 5178 De
538 5125 588 5178 or.
608 5127 630 5178 1.
651 5126 698 5182 tt.

409 5207 457 5263 st.
475 5203 603 5260 ronam
622 5209 653 5258 tn
671 5201 743 5262 libro
762 5198 796 5258 ds
815 5217 945 5272 oratore,
964 5221 1043 5277 quem
1062 5221 1216 5264 memorem
1235 5214 1323 5282 petent
1342 5193 1472 5284 atinent.¹
