4434 5959
446 616 450 623 ι
523 516 584 584 uc
965 516 1007 584 c.
1030 498 1184 584 tumus
1206 514 1388 584 vlcson

522 658 555 721 A
575 658 655 723 tine:
690 677 778 722 anne
803 658 860 723 nir
878 657 991 742 possit
1016 657 1133 722 emori
1157 652 1298 749 insnum
1330 668 1363 720 et
1390 658 1473 742 quid
1496 658 1542 723 sit
1576 659 1833 743 comprehendit

522 773 627 837 quum
647 754 753 816 latere
769 751 903 836 cupiat,
926 753 1057 815 teneri?
1077 772 1124 813 an
1138 772 1220 814 uero
1241 771 1376 836 quoquo
1393 751 1493 816 modo
1513 754 1682 817 inueniri?
1711 756 1743 817 A
1758 755 1833 817 sini·

524 844 604 927 plici
622 844 794 924 qualitate}
836 865 881 906 nn
899 844 1028 908 iustum
1045 845 1108 920 sit,
1143 864 1190 906 nn
1209 841 1367 924 impium,
1390 845 1561 908 honuncm
1585 847 1685 910 huicce
1706 847 1833 910 aetatis

524 937 688 1015 interfici.
737 940 770 1003 A
795 937 997 1002 coniectura:
1034 958 1081 1000 nn
1110 937 1326 1019 providentia
1351 938 1434 1000 dene
1460 937 1528 1001 illic
1564 952 1666 1003 natus
1696 939 1760 1014 sit,
1794 945 1833 1002 ut

500 1033 643 1095 tstntim
662 1043 854 1096 necaretur.
896 1032 929 1096 A
949 1031 1205 1115 comparatione:
1228 1042 1346 1094 utrum
1367 1031 1486 1096 melius
1500 1032 1546 1095 sit
1562 1035 1650 1096 hicne
1665 1031 1829 1110 interfici,
1935 1069 1938 1074 ,

523 1143 571 1189 nn
592 1123 773 1190 reservari.
830 1155 834 1164 ·

690 1306 723 1380 §.
745 1299 778 1366 9.
820 1301 884 1367 DE
907 1301 1060 1368 STATU
1081 1301 1249 1370 LEGUM
1271 1300 1666 1371 CONTRARIARUM.

607 1462 729 1525 Statum
750 1459 856 1542 legum
877 1458 1105 1524 contrariarum
1127 1458 1293 1524 dividimus
1315 1460 1395 1524 locis
1416 1461 1484 1528 his:
1509 1461 1730 1544 propositione
1755 1462 1833 1528 scri-

525 1552 591 1637 pti.
614 1551 880 1633 interpretatione
896 1551 980 1627 eius,
1004 1557 1242 1634 comparatione
1257 1555 1463 1637 scriptorum.
1506 1553 1715 1637 Comparatio
1731 1569 1831 1621 sutem

485 1646 719 1728 inscriptorum
740 1644 864 1708 ducitur
885 1666 942 1726 per
971 1645 1164 1708 universales
1194 1647 1428 1732 propositiones
1456 1646 1601 1723 honesti,
1638 1648 1724 1710 utilis
1747 1659 1832 1711 cete·

525 1760 718 1824 torumque,
742 1759 823 1823 quos
842 1759 939 1821 supra
960 1737 1140 1814 didicimus,
1164 1750 1314 1806 statuum.
1356 1739 1557 1805 Adiuvemus
1578 1753 1681 1804 autem
1704 1761 1832 1822 comps·

525 1833 703 1898 rationibus
724 1841 864 1913 tempus,
896 1843 930 1894 nt
953 1851 1033 1915 quse
1054 1830 1107 1895 lex
1128 1831 1289 1915 antiquior
1309 1833 1368 1908 sit,
1399 1847 1430 1897 et
1452 1855 1533 1916 quae
1556 1834 1655 1918 magis
1677 1844 1833 1917 congruat

526 1925 650 2009 legibus
671 1923 827 1996 civitatis,
863 1934 896 1987 et
916 1945 997 2009 qnae
1018 1924 1071 1986 lex
1091 1944 1187 2006 super
1210 1925 1306 1987 rebus
1334 1925 1503 1989 maioribus
1525 1938 1653 2002 cavean
1690 1946 1774 2008 quae
1795 1927 1833 1989 de

481 2051 487 2062 ·
527 2016 851 2104 megis·necessariis;
887 2038 968 2100 qnae
988 2017 1113 2099 privata
1135 2019 1350 2101 quorundam
1379 2040 1458 2103 qnae
1480 2019 1652 2084 communis
1674 2018 1832 2092 omnium

486 2125 606 2206 sequte
628 2131 735 2186 sacra,
759 2131 841 2194 quae
862 2110 1010 2199 protana.
1053 2113 1118 2176 Sed
1139 2112 1252 2174 horum
1274 2111 1419 2178 iocorum
1441 2133 1504 2176 oon
1526 2133 1633 2178 ornnes
1655 2131 1783 2192 seinper
1800 2109 1833 2173 in

526 2227 650 2273 omnent
677 2200 836 2266 materiam
861 2203 998 2267 incidunt
1026 2215 1141 2278 statuet
1179 2197 1211 2268 et
1240 2202 1314 2268 ideo
1343 2205 1437 2269 etiam
1457 2205 1584 2292 ingenio
1608 2215 1653 2270 est
1691 2225 1775 2286 opus
1797 2207 1835 2268 ad

526 2298 725 2369 divisionem.
772 2297 961 2364 Abdicauit
986 2319 1027 2363 ne
1047 2297 1137 2382 ‘quid
1155 2319 1202 2360 ex
1223 2296 1321 2361 donis
1348 2301 1462 2381 patris
1487 2299 1620 2382 capim
1653 2301 1713 2384 qui
1745 2303 1836 2362 ultus

516 2391 641 2489 suerit
660 2391 807 2459 alicuine
829 2403 994 2467 mortem,
1017 2393 1106 2455 bona
1134 2389 1261 2453 mortui
1281 2391 1449 2465 obtinentr
1470 2393 1569 2468 obiit,
1591 2392 1650 2478 qui
1674 2415 1723 2456 esc
1751 2393 1835 2456 duo·

527 2487 590 2550 bus
612 2483 726 2550 liberis
746 2488 892 2548 alterum
909 2486 1142 2556 abdiraman·
1162 2482 1340 2548 abdicatus
1361 2498 1581 2550 accusaverat
1590 2484 1756 2577 fratrom
1783 2507 1835 2546 ue·

486 2577 663 2655 ueneficii,
697 2589 731 2642 ct
758 2578 903 2643 obtinuit
910 2602 923 2653 ,-
955 2578 1105 2641 vindicat
1140 2576 1206 2640 sibi
1237 2577 1344 2650 bonn3
1379 2580 1617 2644 contradicunt
1636 2577 1834 2662 propinqui.

529 2672 584 2737 Ab
606 2671 776 2739 intentione
797 2672 926 2752 scripti:
950 2693 997 2736 nn
1017 2693 1121 2755 quum
1142 2674 1216 2754 iege
1235 2683 1412 2746 conemur,
1436 2674 1581 2758 nequid
1601 2695 1648 2737 eu
1663 2671 1761 2752 bonis
1773 2691 1834 2754 pn·

529 2763 596 2830 tris
623 2764 801 2830 abdicatus
827 2765 996 2844 obtinent,
1019 2765 1182 2844 dispono
1197 2763 1312 2846 patris
1335 2766 1487 2830 obtinere
1515 2787 1582 2830 non
1602 2766 1726 2848 possit.
1780 2766 1834 2827 Ab

519 2857 787 2940 interpretatione
813 2857 983 2924 sententiae
1011 2878 1070 2938 per
1096 2854 1334 2936 exceptionem:
1371 2879 1513 2922 airaon
1541 2859 1697 2924 omnibus
1725 2858 1835 2922 modis

528 2951 678 3016 abdicati
705 2953 934 3019 excludantur
954 2951 1113 3035 paternis
1138 2948 1252 3025 donis,
1281 2950 1343 3014 scd
1369 2963 1442 3016 tum
1469 2953 1620 3029 demum,
1650 2952 1682 3015 si
1705 2973 1749 3014 cn
1770 2951 1835 3014 sibi

487 3045 686 3123 psfiliorum
704 3044 844 3109 nomine
873 3057 907 3110 et
937 3044 1120 3128 sanguinis
1140 3042 1215 3105 iure
1243 3043 1439 3124 deposcant.
1484 3047 1540 3110 Ab
1560 3045 1732 3109 intentione
1756 3045 1834 3107 alte·

528 3137 596 3218 rius
614 3137 747 3219 scripti:
768 3159 815 3202 nn
832 3159 936 3222 quum
958 3141 1017 3202 lenc
1035 3148 1170 3211 canent,
1194 3147 1233 3202 ut
1247 3139 1394 3201 ultorem
1412 3151 1608 3222 expectent
1632 3141 1722 3203 bona
1745 3159 1835 3202 mor·

527 3243 684 3306 tuorum,
718 3230 772 3296 hic
791 3231 945 3313 accipere
961 3231 1080 3294 debeat
1100 3229 1207 3306 bona,
1237 3229 1296 3313 qui
1320 3232 1412 3293 ultor
1433 3232 1618 3295 exstiterit.
1662 3234 1716 3295 Ab
1738 3231 1836 3293 inter·

528 3323 708 3407 pretatione
740 3323 870 3389 alterins
897 3323 1092 3389 sententiose
1120 3343 1167 3386 on
1193 3343 1262 3385 non
1282 3344 1399 3386 omnes
1424 3327 1553 3392 ultores
1576 3325 1665 3388 bonu
1684 3324 1837 3407 occipere

530 3418 693 3493 debcant,
728 3417 789 3481 sed
809 3417 862 3493 ni,
899 3419 959 3502 qui
984 3418 1088 3482 salvis
1107 3415 1188 3480 aliis
1210 3415 1340 3498 legibus
1358 3417 1504 3499 possint.
1548 3419 1580 3482 A
1602 3417 1837 3508 comparatione

488 3523 520 3581 to
529 3511 656 3595 legunt
693 3531 774 3594 quse
795 3509 847 3572 lex
867 3509 977 3593 potior
996 3510 1139 3573 habenda
1161 3507 1220 3583 sit,
1244 3527 1332 3586 erne,
1356 3531 1434 3593 quae
1456 3511 1487 3574 in
1508 3521 1630 3594 patrem
1651 3522 1784 3584 caveat,
1807 3508 1838 3574 id

531 3614 597 3678 est,
628 3604 667 3666 ds
696 3601 859 3684 patribns3
889 3623 928 3666 an
950 3623 1006 3677 ss,
1036 3600 1168 3685 quaein
1190 3621 1317 3676 ornnes,
1346 3601 1377 3664 id
1400 3615 1464 3678 est,
1488 3606 1526 3668 de
1549 3603 1734 3668 ulciscendis
1756 3623 1836 3687 quo·

424 3713 429 3720 '
522 3715 725 3777 sttmounqne
752 3693 868 3760 cisium
901 3695 1075 3766 mortibnss
1114 3704 1184 3760 utra
1211 3692 1283 3777 lege
1312 3697 1473 3772 standum,
1512 3697 1651 3782 magisne
1673 3717 1726 3772 ea,
1758 3715 1837 3780 quae

530 3788 659 3872 puniat,
683 3808 721 3853 sn
743 3809 797 3862 ca,
831 3809 913 3873 quae
935 3789 1096 3874 honoret:
1119 3799 1189 3850 utra
1211 3786 1346 3865 melior,
1370 3799 1438 3852 utre
1460 3787 1591 3866 iustior,
1614 3800 1685 3852 utra
1707 3788 1836 3873 religio·

404 3939 407 3942 ⁴
530 3881 599 3945 sior
623 3880 676 3950 sit.
727 3883 961 3966 Nonnunquam
989 3892 1021 3944 et
1051 3879 1212 3948 rationalis
1242 3892 1340 3946 status
1372 3881 1497 3959 incidit,
1532 3904 1623 3967 quem
1653 3893 1685 3946 et
1713 3882 1832 3964 ipsunt,

488 3988 685 4063 ”quatenns
704 3975 859 4060 permittit
881 3975 948 4041 eius
969 3973 1163 4050 subiectum,
1188 3974 1251 4038 suis
1273 3975 1353 4039 loeis
1374 3976 1514 4042 dividere
1536 3979 1696 4040 debemus.
1739 3974 1835 4039 Acci·

530 4074 577 4138 dit
597 4070 709 4145 etism,
747 4081 781 4132 ut
802 4068 882 4135 inter
912 4071 988 4130 duas
1018 4069 1103 4151 leges
1133 4067 1175 4130 ita
1198 4066 1239 4129 sit
1267 4069 1429 4151 quaestio,
1467 4081 1502 4133 ut
1524 4070 1613 4134 alteri
1636 4069 1715 4134 alter
1737 4081 1834 4136 status

529 4161 748 4249 supervenieu
770 4160 885 4253 quibus
907 4159 1042 4227 inventis
1064 4158 1143 4224 loeis
1165 4159 1338 4230 divisiones
1359 4183 1422 4228 non
1444 4163 1586 4228 deerunt.

907 4358 940 4430 5.
964 4357 1015 4422 to.
1038 4355 1100 4420 DE
1123 4351 1469 4422 AMBIGUITATE.

614 4495 839 4581 Ambignitatis
861 4506 973 4562 statum
996 4492 1162 4558 dividimus
1184 4493 1263 4556 locis
1283 4493 1353 4559 his:
1375 4494 1597 4578 propositione
1620 4493 1737 4576 partis,
1762 4515 1837 4580 ques

489 4611 573 4670 inex
599 4590 672 4675 lege
706 4590 869 4657 nobiscum
899 4588 982 4651 secta
1016 4598 1083 4663 esti
1120 4585 1342 4669 propositione
1377 4586 1462 4660 eius,
1497 4608 1576 4670 quse
1609 4591 1761 4651 adversus
1783 4609 1838 4652 nos

531 4681 626 4757 sacit3
663 4680 831 4750 collatione
853 4681 992 4765 partium
1014 4701 1074 4765 per
1094 4679 1290 4754 universales
1311 4680 1569 4764 propositiones,
1582 4693 1664 4744 -utrs
1686 4703 1762 4763 pars
1783 4683 1837 4742 hu·

601 4929 644 4986 21.
674 4931 736 4978 Cod.
760 4931 903 4983 intentione.
949 4927 992 4984 2⁵.
1019 4931 1081 4981 Cot.
1110 4930 1253 4981 intsntions.
1302 4931 1364 4990 (Pro
1391 4945 1437 4990 quo
1464 4943 1516 4975 voe.
1537 4931 1615 4980 diuini
1634 4932 1760 4991 utrobique
1778 4933 1837 4981 dedit

668 5001 882 5062 interpretatione.
929 5001 976 5046 Sed
994 5000 1096 5044 intentio
1114 5001 1204 5058 scripti
1221 4999 1303 5050 ecdem
1321 5005 1371 5058 ut,
1402 5015 1472 5066 quotu
1490 4999 1555 5051 initio
1575 5001 1597 5067 §.
1617 5001 1676 5048 dixit
1689 5001 1836 5066 propositio·

669 5085 726 5124 iun
742 5069 841 5131 arrian.
860 5066 921 5132 9⁸.)
945 5067 1000 5124 2⁶2
1017 5068 1159 5142 seponunt]
1178 5071 1213 5120 tu
1231 5067 1292 5122 Cot.
1343 5122 1345 5128 s
