4434 5959
820 461 831 492 l

959 590 1051 653 LlB.
1074 590 1105 653 l.
1646 589 1686 654 53
1802 599 1806 609 '

375 754 491 808 eausa,
515 753 533 794 a
556 741 666 794 nostra
687 751 843 813 persona,
866 731 906 792 ab
920 729 1195 807 adversariorum,
1218 729 1397 794 aiudieum.
1439 732 1471 795 A
1495 751 1587 796 eausa
1609 729 1688 794 dixit

373 849 470 909 posse
491 823 745 888 benevolentiam
770 821 968 903 comparari,
993 821 1132 885 ubisit:
1156 825 1226 886 Aut
1240 845 1308 906 pro
1326 847 1366 888 eo
1386 825 1532 901 homine,
1560 824 1596 887 in
1618 847 1686 908 quo

375 919 586 1006 offenditur,
615 917 721 980 alium
741 916 930 991 hominem,
959 915 1018 998 qm·
1037 915 1215 997 ungium,
1255 916 1425 999 interponi
1449 930 1599 1000 oportet,
1622 926 1685 981 eet.

374 1014 497 1078 Ileinde
520 1010 680 1086 ostendit,
704 1011 963 1094 quemadmodum
989 1030 1006 1070 a
1031 1019 1138 1071 nostre
1165 1030 1301 1092 persona
1323 1010 1572 1074 benevolentiam
1598 1031 1686 1073 eom-

372 1125 542 1190 ματτηιαε,
567 1125 661 1186 quum
684 1102 747 1166 aits
768 1106 816 1166 Et
837 1101 1055 1166 dissimulare
1072 1102 1109 1163 id
1126 1114 1159 1164 te
1178 1103 1423 1192 dey‘ensurum,
1454 1105 1546 1187 qeeod
1564 1104 1711 1168 existi-⁵

374 1199 479 1262 meria
515 1195 753 1282 [defensurus]
760 1219 773 1267 ,·
806 1195 927 1258 deinde
962 1195 1019 1257 ubi
1050 1195 1121 1256 inm
1149 1195 1265 1258 mitior
1286 1194 1502 1285 secluserit
1527 1197 1684 1272 meditor,

373 1290 513 1368 degredi
530 1289 738 1371 pedetentim
757 1289 795 1350 in
811 1286 1049 1375 defensionem
1069 1299 1102 1350 et
1124 1287 1253 1362 dicere,
1277 1309 1337 1362 ea,
1360 1310 1446 1372 qnae
1464 1289 1685 1373 indignentur

373 1384 589 1457 mimmii,
626 1383 689 1445 tibi
718 1402 851 1465 meoque
877 1380 1023 1461 indigna
1048 1379 1170 1442 videri.
1225 1381 1279 1443 Ab
1315 1383 1569 1446 adversariorum
1606 1403 1684 1448 vero

373 1497 533 1560 pomona,
558 1478 669 1550 docet,
689 1475 947 1557 quemadmodum
963 1472 1212 1535 benevolentiam
1228 1493 1458 1554 comparemus,
1482 1498 1575 1558 quum
1592 1476 1682 1538 dicit:

371 1574 418 1634 Et
439 1589 572 1651 negare
593 1579 627 1630 te
649 1567 834 1650 quidquam
861 1567 903 1628 de
927 1564 1135 1628 adversariis
1163 1588 1235 1628 esee
1261 1565 1450 1642 dicturum,
1488 1590 1594 1653 neque
1622 1571 1684 1632 hoe
1697 1574 1727 1622 ¹⁰

372 1685 480 1747 neqne
499 1662 606 1736 illud,
628 1672 667 1722 nt
690 1680 797 1744 neque
817 1670 935 1742 aperte
952 1658 1070 1720 laedas
1087 1680 1167 1734 eos,
1202 1659 1260 1743 qeei
1278 1639 1489 1740 diligunturi
1513 1672 1683 1734 ettamen

371 1756 410 1818 id
430 1756 575 1819 omem
584 1751 754 1843 faciens,
776 1753 891 1837 quoad
912 1752 1044 1834 possis,
1068 1752 1195 1814 alienes
1214 1753 1260 1815 ab
1279 1753 1328 1815 eis
1349 1753 1547 1816 medicorum
1567 1756 1684 1816 volun·

373 1859 493 1910 tatem.
536 1849 709 1910 Postremo
730 1848 844 1918 doeet,
874 1855 908 1908 ut
929 1866 947 1907 a
969 1843 1104 1905 indienm
1128 1866 1261 1926 persona
1285 1845 1534 1908 benevolentiam
1556 1867 1684 1926 eompa-

374 1961 502 2012 nemin,
518 1962 615 2023 nisum
629 1938 690 2002 ait:
711 1942 758 2003 Et
772 1939 966 2022 aliquorum
977 1937 1142 2000 indicium
1154 1938 1259 2004 simili
1270 1939 1310 2002 de
1324 1963 1361 2002 re
1373 1953 1435 2004 atet
1445 1939 1685 2006 auctoritatem

370 2031 540 2122 proferre
560 2031 750 2094 imitatione
770 2031 925 2112 dignam.
968 2033 1088 2093 Verum
1112 2034 1198 2115 quod
1219 2031 1281 2108 ait,
1696 2049 1726 2094 ts

458 2123 592 2188 Deinde
622 2125 764 2188 eandem
797 2135 860 2187 atet
890 2123 1099 2186 consimilem
1128 2135 1189 2186 net
1227 2125 1391 2192 maiorem
1425 2139 1486 2190 met
1519 2125 1684 2192 minorem
1745 2135 1749 2152 '

373 2219 435 2301 egi
453 2239 527 2281 rem
547 2217 801 2302 inpraesentia
827 2217 1076 2296 demonstrare]
1126 2216 1239 2280 etenim
1260 2241 1386 2301 semper
1414 2232 1487 2303 post
1506 2221 1682 2302 exemplum

374 2309 518 2373 iacienda
552 2322 600 2374 est
630 2311 840 2392 comparatio.
895 2308 1104 2392 Comparatio
1134 2332 1235 2393 porro
1264 2333 1347 2376 nune
1379 2333 1396 2374 a
1422 2314 1512 2395 pari,
1554 2334 1638 2376 nilne
1666 2335 1684 2377 a

375 2403 509 2479 maiori,
534 2425 616 2466 nnne
637 2425 655 2466 a
676 2403 790 2467 minori
810 2424 934 2484 semper
955 2404 1007 2464 liat
1030 2423 1159 2466 necesse
1181 2415 1241 2467 est.

459 2498 523 2562 Sin
542 2497 656 2560 oratio
676 2496 970 2572 adversariorum,
991 2495 1069 2574 een]
1114 2497 1277 2574 Ostendit,
1301 2501 1387 2582 quod
1407 2499 1540 2580 primum
1556 2499 1633 2574 suit,
1657 2499 1725 2562 siet

375 2611 436 2672 per
457 2611 569 2652 caune
589 2588 813 2671 turpitudinem
834 2589 991 2652 auditores
1013 2589 1125 2652 offensi
1147 2590 1355 2668 exstitissent,
1380 2590 1494 2675 quibus
1517 2593 1617 2656 modis
1642 2595 1683 2657 ab

375 2683 414 2746 iis
433 2694 545 2766 posset
576 2683 793 2746 benevolentia
822 2681 1011 2763 comparari.
1059 2683 1170 2759 Nune,
1209 2685 1327 2769 inquit,
1358 2686 1384 2750 si
1408 2685 1513 2751 oratio
1535 2687 1682 2748 adversa·

374 2776 497 2839 tionum
522 2773 615 2838 dietis
644 2775 735 2838 fidem
767 2773 880 2838 leeeeit
902 2784 933 2836 et
954 2774 1025 2839 ideo
1046 2774 1164 2838 indiees
1194 2777 1339 2842 videntur
1360 2778 1543 2854 abalienati,
1581 2779 1681 2842 tribus

375 2869 478 2934 modis
504 2869 756 2933 benevolentiam
782 2883 1020 2950 comparemust
1043 2865 1070 2930 si
1089 2879 1143 2930 aut
1166 2871 1204 2934 do
1227 2891 1266 2934 eo
1288 2884 1489 2954 argumento,
1514 2875 1600 2955 quod
1621 2870 1681 2938 sibl

374 2963 585 3026 firmissimum
610 2963 806 3026 crediderant
832 2959 1025 3036 adversarii,
1049 2970 1080 3024 te
1102 2961 1256 3026 dicturum
1277 2985 1344 3027 esse
1368 2965 1551 3047 promittam
1580 2977 1633 3029 aut
1654 2964 1723 3030 sits

375 3059 416 3120 ab
439 3078 481 3120 eo
505 3055 593 3120 dieto
614 3054 761 3138 incipias,
786 3058 872 3138 qued
898 3053 1097 3118 adversarius
1127 3076 1227 3137 nuper
1248 3054 1383 3131 dixerit,
1406 3068 1459 3120 aut
1478 3057 1525 3133 si,
1556 3057 1678 3142 inquit,

375 3171 446 3212 eum
467 3148 674 3213 admiratione
694 3147 834 3222 dubites,
858 3145 910 3209 eni
925 3145 1120 3227 potissimum
1136 3151 1325 3228 respondeas
1345 3148 1532 3233 quaestioni.
1577 3151 1680 3230 Quium

376 3242 478 3316 enim,
509 3241 627 3325 inquit,
660 3254 691 3305 te
713 3240 831 3304 iudices
849 3239 985 3304 viderint
1006 3251 1146 3322 paratum
1165 3242 1203 3302 ad
1227 3244 1495 3323 respondendum,
1521 3243 1680 3306 existima·

374 3335 454 3396 bunt
473 3333 535 3396 sibi
555 3355 620 3396 non
641 3344 727 3398 reete
752 3335 792 3396 ab
813 3332 853 3396 iis
866 3376 877 3410 ,
913 3331 1059 3416 quiante
1081 3332 1244 3410 dixerunt,
1278 3333 1332 3412 id,
1357 3337 1445 3420 qttod
1465 3335 1679 3414 crediderant,

376 3427 472 3490 luisse
495 3447 692 3509 persuasum.
1690 3437 1722 3486 tt

457 3519 521 3583 Sin
540 3519 710 3583 melitonis
731 3518 904 3597 studium,
937 3518 1015 3602 eet]
1057 3519 1228 3584 Postremo
1250 3523 1356 3598 docet,
1380 3543 1445 3606 quo
1466 3533 1561 3604 paeto
1582 3524 1681 3586 bene·

267 3598 268 3611 ¹
376 3610 545 3675 volentiam
567 3613 660 3676 nobis
681 3633 698 3674 a
720 3610 873 3674 iudicibus
895 3633 1131 3695 comparemus,
1154 3614 1181 3675 si
1201 3612 1286 3677 sorte
1301 3613 1362 3696 ipsi
1384 3613 1501 3678 iudices
1520 3613 1682 3698 defatigati

376 3703 494 3768 luerint
515 3691 631 3769 multos
653 3705 818 3769 audiendo.
863 3703 993 3782 Primo,
1028 3705 1145 3788 inquit,
1182 3708 1345 3789 oportebit
1363 3707 1517 3791 polliceri
1548 3707 1681 3774 breuius

271 3825 278 3840 ·
375 3808 431 3874 te,
451 3819 559 3882 quam
575 3799 750 3881 [ραναιιω]
760 3796 905 3889 fueris,
927 3819 1000 3862 esse
1017 3797 1201 3862 dicturum.
1243 3799 1367 3864 Deinde
1387 3801 1414 3864 si
1436 3802 1477 3863 its
1499 3823 1534 3864 se
1553 3801 1681 3866 habebit

376 3891 554 3972 negotium,
579 3891 653 3956 utile
675 3893 736 3956 erit
757 3895 852 3954 rebus
874 3893 966 3955 nonis
989 3893 1040 3955 vel
1060 3891 1200 3954 ridiculis
1221 3891 1316 3955 risum
1340 3892 1491 3956 iudicibus
1507 3905 1559 3956 ant
1577 3893 1722 3960 ioenints

378 4005 526 4048 movere:
559 3995 653 4068 atque
674 3985 705 4049 id
725 3984 844 4066 duplici
865 3987 978 4059 modo;
1001 3995 1052 4047 aut
1074 4004 1116 4047 ex
1138 3996 1299 4066 tempore,
1328 3986 1355 4049 si
1377 3986 1463 4049 lorte
1485 3985 1605 4048 elamor
1628 3999 1681 4048 mu

377 4075 528 4158 strepitus
562 4076 685 4140 alitmde
714 4076 812 4140 luerit
840 4089 988 4152 exortum
1022 4089 1074 4140 aut
1101 4077 1249 4162 cogitatis
1285 4077 1483 4160 paratisque,
1522 4088 1556 4141 ut
1590 4078 1681 4142 vela

446 4230 476 4286 6.
496 4233 666 4280 existimeris
683 4225 864 4299 defensurus]
882 4229 943 4282 lloe
963 4233 1136 4304 participium
1157 4228 1323 4301 dffensurus
1341 4229 1434 4284 deerat
1455 4237 1482 4284 ln
1503 4231 1597 4296 editlt3
1618 4251 1680 4306 eup-

378 4302 510 4370 plevtmes
529 4318 621 4356 autem
641 4322 673 4356 ex
692 4307 753 4375 ipso
772 4303 916 4356 Cteeronte
935 4304 1017 4369 loeo,
1046 4323 1126 4376 quem
1148 4307 1305 4358 vtesoetnm
1325 4305 1465 4362 efferebat.
1485 4307 1567 4362 Ceus.
1605 4309 1680 4376 (lla-

377 4373 443 4432 bent
461 4378 517 4432 boe
535 4377 646 4432 veebum
666 4381 720 4432 tam
740 4383 803 4430 Aee.
823 4377 865 4431 St.
885 4377 945 4432 ΔΜ.
965 4378 1049 4432 aben
1068 4395 1160 4434 autem
1181 4395 1196 4430 a
1216 4380 1266 4435 cd.
1288 4381 1350 4436 Bas.
1371 4381 1437 4447 Οι.)

449 4451 523 4506 lbid.
542 4453 600 4521 uta]
619 4451 667 4505 Cd.
685 4454 748 4506 Bes.
766 4453 852 4524 Capp.
870 4469 907 4506 se
925 4471 1022 4525 quem,
1042 4469 1072 4509 ee
1090 4469 1132 4509 est
1151 4450 1223 4528 apud
1241 4457 1320 4524 Clu,
1338 4457 1379 4513 St.
1399 4454 1461 4510 ΔΜ.
1480 4454 1533 4510 Οι.

449 4533 493 4588 12.
512 4557 551 4570 -
569 4527 709 4579 abalienes
726 4527 776 4584 Cd.
795 4527 858 4580 Bas.
877 4527 931 4582 Oe.

450 4605 493 4659 fl.
512 4601 654 4670 indictum]
674 4601 722 4655 Sis
742 4600 793 4656 Cd.
811 4605 873 4656 llas.
894 4617 921 4655 et
941 4603 998 4657 Cle.
1019 4630 1056 4646 ·-
1074 4601 1194 4654 melleum
1212 4605 1254 4660 St.
1278 4601 1339 4659 dld.
1361 4604 1448 4680 Capp·
1466 4606 1521 4662 Οι.

448 4678 493 4735 16.
512 4675 610 4729 deinde
618 4675 744 4744 eandem]
753 4673 802 4730 Cd.
813 4677 875 4730 Bas.
884 4707 915 4720 -
924 4676 1022 4730 deinde
1029 4677 1199 4731 euteendem
1209 4675 1276 4732 Edd.
1285 4677 1327 4734 lb.
1335 4680 1492 4733 -etme'lem
1499 4679 1550 4735 ed.
1557 4683 1618 4734 llos.
1627 4681 1680 4738 Οι.

447 4753 493 4807 2ἰ.
512 4750 547 4802 de
565 4752 609 4818 eo]
648 4754 792 4823 Perpetem
822 4749 962 4824 legebatur
989 4751 1058 4808 sum
1079 4751 1114 4803 ab
1132 4770 1175 4806 eo.
1213 4753 1324 4827 Legesls
1344 4759 1402 4830 lpse
1422 4756 1508 4810 Tullil
1529 4755 1627 4822 uerba,
1645 4755 1680 4809 ed

378 4839 443 4896 qun
463 4829 619 4880 vteeoeinns
638 4829 761 4898 respicit.
780 4825 862 4879 cmv.
882 4825 930 4900 (ab
948 4845 980 4880 eo
1000 4825 1051 4881 cd.
1069 4827 1146 4896 llas.)

446 4899 492 4961 Sd.
510 4919 592 4972 quem
608 4908 730 4971 parntes
738 4897 853 4970 fueris]
875 4897 1048 4971 stipamine
1066 4903 1161 4956 aberat
1180 4901 1215 4956 ab
1233 4901 1316 4960 edula
1336 4909 1376 4972 (et
1396 4905 1464 4960 cod.
1484 4907 1579 4976 Bitu),
1598 4925 1680 4980 quum

378 4987 467 5028 temen
485 4979 546 5046 ipso
564 4979 593 5027 ln
612 4973 704 5029 Tullio
722 4973 822 5029 dlsene
841 4975 955 5048 legatur.
976 4978 1058 5031 Cere.

450 5047 519 5102 lbld.
538 5067 569 5101 ee
586 5047 708 5119 hebebit]
728 5047 778 5103 Cd.
798 5051 860 5105 llas.
883 5079 916 5092 ·-
936 5067 992 5108 om.
1010 5069 1040 5103 se
1058 5049 1128 5108 edd.
1149 5055 1202 5108 Οι.

449 5127 494 5184 37.
512 5132 564 5180 aut
582 5142 619 5177 ez
637 5155 656 5172 ·
676 5155 696 5170 ·
712 5129 841 5196 exortes]
860 5123 1025 5182 Exciderunt
1045 5127 1114 5181 baee
1132 5147 1147 5182 e
1166 5129 1250 5203 cipp.
1270 5127 1368 5184 Garsi.
1388 5129 1442 5184 Οι.
