4434 5959
519 596 580 659 lli
1028 593 1314 665 worumnus

516 756 596 801 vero
624 736 800 819 exemplum
831 737 1092 810 translationiss
1127 759 1221 822 quum
1258 734 1324 821 agit
1357 732 1558 813 iniuriarum,
1598 734 1647 799 ciii
1679 736 1825 819 praecisa

520 850 628 893 maniis
649 843 712 894 cst:
736 842 767 893 et
787 830 834 907 is,
858 830 912 914 qui
932 831 1100 911 praecidit,
1126 830 1341 912 exceptionem
1363 829 1525 910 pustulam
1548 840 1585 893 nt
1602 830 1635 891 ia
1656 830 1719 893 boc
1740 830 1825 891 iudi·

515 923 566 987 cio
596 925 635 985 de
668 922 820 987 maleficio
851 942 913 986 uon
942 923 997 985 liat
1027 923 1262 1004 praeiudicium.
1305 923 1342 987 ln
1366 924 1427 985 hoc
1449 943 1566 1007 genere
1589 924 1824 986 constitutionis

515 1027 682 1097 praecepta
711 1018 786 1078 baec
814 1027 903 1092 sient,
933 1036 1014 1100 quae
1047 1016 1173 1099 utrique
1205 1015 1287 1098 parti
1309 1019 1437 1088 dentur3
1475 1025 1508 1077 ut
1531 1016 1704 1096 explicent,
1744 1016 1823 1100 quid

491 1109 584 1171 alieri
604 1108 725 1182 soleat,
761 1129 882 1192 aquo,
919 1129 979 1189 per
1000 1130 1098 1193 qiios,
1129 1112 1311 1192 quomodo,
1342 1128 1406 1192 quo
1428 1119 1594 1189 tempore,
1618 1112 1824 1191 quemadma-

516 1204 589 1265 dum
609 1200 680 1285 agi,
715 1204 972 1285 quemadmodum
990 1202 1152 1277 iudicari,
1185 1202 1444 1283 quemadmodum
1466 1200 1576 1272 statuis
1606 1206 1690 1284 quod
1712 1202 1824 1286 utique

516 1315 557 1358 ex
579 1293 721 1376 partibus
742 1293 821 1356 iuris
842 1295 1042 1377 agnoscitur:
1077 1296 1115 1356 de
1145 1293 1258 1377 quibus
1286 1292 1428 1376 partibus
1450 1292 1480 1354 in
1502 1294 1665 1377 qualitate
1688 1308 1734 1357 est
1756 1306 1824 1357 tra-

516 1398 669 1449 ctaturus.
723 1388 827 1449 Debet
855 1386 957 1448 etiam.
973 1386 1119 1461 tractari,
1156 1386 1231 1469 quid
1263 1385 1293 1448 iu
1320 1384 1473 1447 similibus
1499 1386 1595 1447 rebus
1615 1386 1685 1451 lieri
1706 1388 1823 1451 soleat.

516 1480 583 1543 Aut
604 1477 732 1541 enimin
755 1477 824 1540 iure
846 1490 968 1540 cautum
991 1479 1107 1553 estid,
1134 1481 1171 1541 de
1193 1500 1257 1561 quo
1279 1480 1460 1561 quaeritur3
1490 1489 1543 1539 aut
1562 1479 1644 1542 solet
1664 1482 1711 1542 sic
1732 1481 1822 1556 lieri3

475 1578 571 1634 itaut
590 1570 773 1643 noneolete
795 1582 850 1633 aut
868 1572 906 1632 ad
927 1570 978 1646 id,
1003 1575 1089 1653 quod
1109 1572 1139 1635 in
1158 1572 1226 1635 iure
1247 1572 1372 1634 solitum
1392 1582 1450 1645 cst,
1474 1570 1518 1645 id,
1542 1574 1628 1655 quod
1643 1573 1743 1636 simile
1758 1570 1820 1648 est,

518 1662 706 1745 applicatur.
750 1662 874 1727 Deinde
895 1683 953 1745 per
973 1665 1204 1727 coniecturam
1223 1667 1436 1727 tractandum:
1459 1676 1574 1727 utrum
1589 1666 1725 1729 malitia
1740 1668 1826 1750 quid

516 1756 612 1819 aliud
631 1767 777 1839 agatem
810 1777 913 1839 quum
936 1756 1034 1818 aliud
1055 1757 1253 1829 simuleturs
1280 1778 1325 1819 an
1346 1755 1510 1833 sttdtitia,
1545 1778 1588 1818 an
1610 1759 1823 1822 necessitate.

520 1849 629 1912 L'ocus
651 1859 753 1911 autem
776 1847 947 1912 communis
963 1870 1041 1912 unus
1062 1860 1110 1912 est
1124 1863 1236 1914 contra
1250 1851 1524 1927 translationem
1545 1849 1660 1933 fugere
1674 1850 1823 1915 iudicium

516 1953 548 2006 et
568 1962 703 2024 poenam
725 1961 794 2004 eum
815 1941 951 2017 scilicet,
975 1941 1029 2025 qui
1049 1944 1273 2007 translatione
1294 1954 1413 2006 utatur.
1456 1944 1488 2005 A
1503 1943 1727 2006 translatione
1743 1966 1824 2007 innius

475 2036 607 2098 tilacus
628 2045 675 2096 est
696 2032 885 2107 commuuis;
907 2033 1086 2115 perturbari
1107 2037 1231 2111 omnia,
1261 2036 1286 2099 si
1308 2056 1371 2099 uon
1394 2056 1433 2099 eu
1456 2046 1550 2115 pacto
1572 2046 1729 2117 agantur,
1754 2058 1822 2120 quo

518 2138 660 2208 oportet.
703 2128 773 2189 Hae
792 2137 863 2189 sunt
883 2137 948 2189 tres
969 2128 1227 2202 constitutiones,
1250 2150 1332 2213 quae
1353 2128 1475 2210 species
1497 2148 1559 2189 nou
1581 2130 1717 2201 babent;
1740 2150 1822 2193 con-

412 2240 417 2255 ·
516 2220 664 2296 iectura,
681 2221 790 2298 sinis,
809 2221 1003 2284 translatio.
1047 2222 1324 2285 Translatianem
1338 2232 1439 2283 autem
1455 2218 1664 2303 intelligamus
1681 2224 1819 2287 formam

421 2376 428 2386 ,
516 2334 587 2377 esse
613 2326 739 2389 status,
777 2312 895 2376 scilicet
926 2313 1056 2397 legalius
1090 2312 1369 2395 praescriptionem
1401 2332 1481 2375 vero
1512 2316 1638 2377 eairdem
1670 2317 1824 2399 appellari

517 2420 662 2487 possset
684 2409 809 2470 eandem
833 2407 1069 2488 exceptionem:
1096 2408 1154 2470 sed
1177 2409 1216 2469 ab
1240 2408 1436 2470 oratoribus:
1459 2406 1491 2466 iu
1516 2405 1582 2470 iure
1605 2421 1707 2471 autem
1730 2431 1824 2491 prae-

475 2510 508 2557 tto
517 2499 718 2581 scriptionem
741 2498 802 2561 dici
821 2499 921 2581 ipsum
945 2498 1142 2582 propositum
1164 2499 1231 2573 ius;
1265 2498 1480 2580 exceptionem
1504 2513 1622 2577 autem,
1657 2524 1752 2584 quium
1775 2503 1823 2565 ius

517 2591 645 2674 [ipsum]
679 2590 875 2673 propositum
908 2593 1059 2654 adversus
1089 2614 1123 2655 sc
1151 2605 1241 2656 autor
1271 2592 1347 2655 alius
1369 2592 1486 2675 excipit
1508 2592 1691 2675 interposita
1719 2595 1824 2678 aliqua

517 2685 708 2748 conditione.
752 2685 799 2748 Sit
822 2684 914 2748 uobis
932 2686 1159 2768 praescriptio,
1184 2687 1386 2749 iniuriarums
1411 2688 1575 2767 exceptio,
1598 2688 1629 2750 si
1646 2688 1824 2769 praeiudi·

517 2779 608 2841 ciuem
624 2776 752 2869 facias
773 2779 815 2841 de
837 2778 955 2854 caede,
993 2778 1020 2841 si
1041 2779 1164 2862 singula
1186 2779 1450 2843 translationum
1475 2800 1588 2861 genera
1611 2802 1821 2861 quaeramus,

517 2883 551 2932 ut
573 2872 750 2953 exemplum
780 2872 1038 2954 quemadmodum
1069 2873 1128 2935 alis
1151 2873 1243 2957 lege,
1273 2874 1532 2956 quemadmodum
1555 2870 1617 2935 alia
1639 2872 1768 2935 crimine
1791 2884 1824 2936 et

474 2966 557 3028 2⁵ad
578 2965 717 3049 singula,
741 2964 855 3048 quibus
877 2964 1058 3028 translatus
1081 2965 1202 3028 videtur
1224 2965 1362 3047 impleri.

599 3058 666 3121 Sed
686 3057 767 3141 quia
780 3057 872 3121 ratio
888 3069 1152 3139 praeceptorum
1171 3058 1294 3121 siinilis
1314 3068 1385 3132 est,
1408 3059 1643 3141 exemplorum
1670 3058 1824 3121 multitu·

515 3150 594 3213 dirae
617 3150 907 3233 supersedendum
923 3151 988 3231 est]
1032 3150 1135 3230 Quum
1151 3150 1231 3214 enim
1247 3162 1414 3233 praecepta
1433 3150 1464 3211 in
1480 3149 1563 3213 omni
1578 3171 1693 3235 genere
1708 3162 1824 3215 trans·

514 3243 655 3307 lationis
676 3244 782 3306 eadem
803 3242 885 3317 sint,
909 3245 948 3305 ad
963 3241 1176 3306 diversitatem
1187 3244 1306 3307 [nistra
1319 3242 1459 3325 exempla
1476 3254 1679 3327 quaerentur.
1702 3246 1825 3307 Eadem

516 3334 597 3398 euim
630 3346 872 3417 praeceptorum
902 3334 985 3399 ratio
1005 3334 1037 3398 in
1068 3336 1212 3399 omnibus
1232 3336 1467 3401 translationis
1488 3336 1632 3418 partibus
1652 3349 1684 3399 et
1706 3337 1824 3423 ubique

475 3426 708 3492 reservabitur.
1723 3450 1738 3483 e

598 3521 724 3585 Multis
745 3520 785 3583 de
806 3521 919 3584 caruis
934 3520 1005 3598 fit,
1028 3532 1069 3583 nt
1085 3520 1198 3583 raritas
1223 3520 1375 3583 incidant
1389 3520 1620 3602 translationes]
1665 3522 1825 3604 Quoniam

515 3634 575 3697 per
600 3612 759 3694 praetoris
787 3613 940 3677 lorsuulas
969 3613 1144 3676 actionibus
1176 3612 1484 3699 integritasvdatur,
1522 3636 1623 3699 neque
1646 3615 1677 3679 in
1700 3616 1826 3679 iudiciis

516 3706 580 3769 ulla
600 3717 707 3788 potest
728 3726 795 3769 csse
817 3705 1036 3787 praescriptio.

598 3800 667 3883 Qui
688 3820 754 3863 non
776 3798 1060 3883 quemadmodum
1080 3812 1234 3881 oportet,
1257 3802 1380 3885 egerit]
1424 3804 1520 3884 Apud
1541 3810 1732 3884 praetorem.

473 3903 506 3959 :ts
596 3897 713 3976 Quare
734 3893 770 3953 in
790 3893 865 3955 iure
883 3895 1083 3974 plerumque
1104 3894 1297 3975 versantur]
1342 3896 1612 3959 Translationes.

596 3986 650 4052 1121·
669 3986 760 4047 enim
786 3996 820 4048 et
848 3984 1066 4067 exceptiones
1088 3987 1324 4069 postulantur]
1368 3989 1406 4051 In
1427 3990 1529 4053 caiisis
1550 4000 1651 4051 autem
1674 3998 1727 4051 aut
1749 4010 1825 4053 raro

514 4089 568 4142 aut
588 4098 757 4162 uunquam.

608 4309 635 4361 i.
653 4310 719 4376 agit
737 4308 915 4372 iniseriarum]
947 4303 1064 4377 Supple,
1094 4303 1215 4375 iudicio,
1242 4306 1290 4357 lits
1314 4321 1369 4359 cet.
1398 4304 1535 4379 quomado
1561 4305 1682 4379 suppleri
1701 4304 1773 4359 solet
1793 4308 1822 4359 iu

514 4379 652 4436 similibus
671 4379 799 4452 loquendl
818 4378 952 4432 formulis.
973 4384 1059 4433 Canu.
1477 4376 1484 4387 ⁸

590 4461 635 4513 12.
653 4455 720 4525 quid
736 4452 826 4525 anui]
848 4482 880 4495 -
901 4470 958 4506 am.
977 4453 1044 4523 quid
1060 4450 1128 4509 cod.
1147 4456 1212 4508 Bas.
1231 4453 1284 4507 On.

589 4530 632 4583 lb.
651 4548 713 4582 erem
740 4528 819 4580 aliud
841 4530 997 4596 simuletur]
1040 4529 1162 4581 Pessime
1188 4526 1292 4582 editum
1319 4526 1423 4582 luerat:
1454 4528 1535 4581 aliud
1563 4528 1701 4581 similiter.
1732 4527 1822 4581 Cirr.

513 4606 610 4673 (Recte
629 4602 697 4657 eod.
716 4604 792 4669 Bas.)

590 4682 632 4739 16.
651 4695 720 4751 quae
739 4676 843 4749 speci!
866 4696 922 4729 non
944 4676 1056 4744 bahem]
1087 4678 1157 4732 Nam
1183 4680 1348 4731 constitutio
1374 4680 1431 4729 siva
1459 4683 1553 4728 status
1579 4676 1727 4750 qualitatis
1754 4674 1821 4728 duas

513 4752 597 4807 babet
625 4756 740 4824 aperiens
773 4752 956 4820 negotialem,
987 4768 1015 4805 es
1041 4752 1223 4804 iuridicialem
1230 4772 1239 4812 ,·
1272 4754 1338 4805 baec
1367 4756 1450 4804 ctiam
1483 4750 1563 4811 duas:
1595 4752 1768 4815 absolutam,
1794 4766 1821 4804 et

514 4831 725 4897 assumptivum,
746 4843 814 4899 quae
833 4843 925 4879 rursus
946 4831 974 4878 lu
995 4840 1124 4897 mantuan
1150 4831 1255 4897 speeies
1281 4826 1471 4879 distribulturs
1490 4826 1615 4877 videlicet
1638 4826 1820 4890 relationem,

514 4906 777 4973 compensationem,
795 4905 991 4969 remotionem,
1012 4918 1039 4954 er
1059 4907 1280 4953 concessionem.-
1299 4902 1331 4954 dc
1354 4900 1452 4973 quibus
1469 4918 1510 4953 est
1530 4902 1634 4954 dictum
1654 4917 1680 4954 et
1698 4916 1779 4973 supra
1793 4916 1820 4953 et

515 4978 607 5051 paullo
626 4975 696 5029 tulna
715 4976 830 5029 dicetur.
849 4976 931 5028 Care.

589 5057 634 5108 17.
653 5060 745 5102 autem
763 5050 963 5123 intelligamus]
984 5048 1052 5102 Cod.
1071 5052 1135 5104 Bas.
1148 5051 1212 5103 Ate.
1225 5078 1262 5093 -
1280 5057 1373 5101 niuem
1391 5066 1446 5101 non
1465 5048 1656 5117 intelligamus
1674 5050 1746 5104 Ceti.
1768 5046 1821 5103 Οι.

590 5132 635 5185 21.
653 5140 691 5179 ω
709 5142 766 5181 um.
784 5130 873 5196 ipsum
892 5122 960 5179 eud.
979 5126 1042 5179 Bas.
1108 5158 1116 5175 .
