4434 5959
931 615 1022 680 LlB.
1043 614 1093 680 11.
1613 609 1674 676 169

373 753 428 839 qni
449 751 550 817 utitur
569 749 770 818 collectione.
814 753 877 834 Qui
896 766 1007 819 contra
1029 764 1168 836 pugnat,
1191 767 1261 818 aute
1282 754 1383 818 omuia
1406 757 1553 820 laborare
1568 758 1671 832 debet,

373 863 410 914 ut
430 848 660 912 similitudinem
689 849 778 912 tollat
806 860 838 910 et
865 848 947 911 dicat
969 849 1051 912 aliud
1073 869 1141 912 esse
1168 848 1198 911 in
1224 869 1283 924 eo,
1322 853 1408 932 quod
1432 851 1672 932 scriptumest,

373 941 459 1006 aliud
494 940 526 1002 in
561 961 622 1014 eo,
661 943 747 1022 quod
782 941 948 1004 admissum
989 954 1055 1015 est;
1101 961 1139 1006 ao
1169 951 1340 1023 propterea
1377 965 1444 1006 esse
1467 942 1614 1006 dissimile
1642 953 1675 1004 et

372 1053 437 1098 non
458 1034 575 1096 debere
597 1031 697 1113 accipi
720 1053 760 1094 ex
781 1053 838 1107 eo,
877 1036 962 1117 qsuod
983 1033 1135 1113 scriptum
1165 1047 1232 1110 est,
1257 1035 1307 1107 id,
1338 1039 1424 1117 quod
1439 1035 1587 1116 scriptum
1609 1053 1673 1097 non

371 1137 444 1199 est;
467 1145 562 1206 quum
584 1124 625 1186 sit
646 1123 740 1186 muita
762 1123 904 1188 distantia
927 1126 1179 1190 dissimilitudinis
1201 1139 1233 1188 et
1254 1126 1480 1192 similitudinis:
1503 1130 1542 1190 de
1560 1127 1698 1209 quibus⁵

370 1215 405 1282 in
429 1218 532 1298 primo
553 1217 637 1280 libro
660 1217 807 1298 exposuit
835 1217 966 1282 Cicero.
1015 1222 1144 1282 Addere
1174 1229 1334 1301 praeterea
1365 1220 1456 1283 etiam
1482 1221 1600 1302 poterit
1625 1221 1671 1296 is,

371 1309 428 1395 qui
447 1323 560 1373 contra
585 1309 802 1374 collectionem
830 1311 959 1386 nititur,
992 1311 1038 1373 uti
1058 1325 1090 1374 et
1117 1312 1185 1393 ipse
1208 1305 1313 1375 utatur
1335 1313 1437 1396 aliqua
1460 1312 1671 1378 collectione:

372 1404 508 1488 quodsi
537 1415 570 1466 et
589 1403 777 1486 contigerit,
806 1403 912 1466 iisdem
936 1405 1126 1487 argumentis
1152 1417 1275 1479 utetur,
1313 1427 1393 1490 qnae
1420 1426 1514 1487 supra
1534 1407 1673 1468 dedimus

372 1497 419 1570 ei,
454 1497 508 1579 quai
534 1495 629 1558 utitur
656 1498 861 1560 collectiones
893 1496 1063 1560 sinautem
1094 1518 1160 1561 uon
1188 1497 1305 1578 poterit
1331 1498 1393 1574 uti,
1431 1501 1493 1562 hoc
1517 1509 1608 1582 aget,
1639 1510 1673 1561 ut

373 1592 520 1654 ostendat
541 1589 691 1669 scriptum
718 1589 821 1652 solum
841 1589 977 1670 spectari
999 1600 1170 1670 oportere;
1198 1590 1370 1670 periclitari
1396 1590 1465 1654 iura
1493 1591 1616 1665 omnia,
1647 1589 1715 1654 siro

372 1682 589 1748 similitudines
611 1681 823 1762 accipiantura
852 1683 927 1746 nihil
949 1682 1029 1746 euim
1047 1703 1115 1744 esse
1133 1703 1249 1764 paene,
1274 1685 1358 1764 quod
1380 1705 1442 1746 oon
1464 1684 1554 1748 alteri
1576 1683 1673 1748 similo

373 1797 444 1838 esse
469 1775 625 1837 videatur.
667 1775 839 1840 Postremo
857 1775 919 1840 loci
940 1796 1121 1838 communes
1143 1788 1213 1838 suunt
1238 1777 1277 1837 als
1297 1797 1356 1853 eo,
1381 1777 1433 1861 qui
1456 1779 1553 1840 utitur
1574 1779 1673 1839 ratio·

372 1868 549 1932 cinationet
570 1879 659 1930 extra
684 1868 834 1948 scriptum
855 1889 914 1950 per
939 1867 1148 1932 coniecturam
1172 1869 1221 1943 id,
1245 1871 1330 1950 quod
1350 1872 1500 1951 scriptum
1523 1881 1670 1946 nonest,

372 1960 474 2042 accipi
501 1973 672 2041 oportere3
709 1959 819 2024 deinde
845 1963 994 2024 neminem
1025 1982 1120 2042 posse
1142 1961 1298 2043 scriptura
1318 1961 1483 2044 complecti
1504 1963 1672 2035 universa3

372 2056 458 2119 illum
480 2057 695 2119 tantummodo
723 2055 804 2118 bene
833 2054 973 2118 scribere
997 2055 1119 2137 legem,
1157 2053 1211 2135 qui
1239 2056 1387 2139 quaedam
1418 2054 1597 2138 contingat,
1632 2061 1714 2116 ests

373 2147 490 2232 quibus
508 2147 591 2222 alia,
620 2169 700 2231 quae
720 2148 903 2228 praeteriit,
938 2146 1071 2231 intelligi
1094 2147 1228 2227 possint.
1281 2148 1365 2212 Loci
1392 2169 1472 2212 vero
1494 2167 1672 2210 communes

373 2255 487 2304 contra
509 2262 592 2314 erim,
624 2241 677 2323 qui
702 2241 891 2304 collectione
916 2239 1042 2314 nititur,
1071 2239 1122 2303 isti
1152 2249 1239 2302 sont:
1273 2241 1483 2305 coniecturam
1512 2263 1575 2304 non
1605 2261 1673 2304 esse

372 2333 498 2396 lirmu·
517 2344 750 2416 argumentum,
774 2335 831 2396 sed
850 2355 918 2396 esse
940 2333 1179 2408 divinationem
1203 2333 1312 2396 deinde
1331 2335 1418 2398 stulti
1443 2355 1512 2400 esse
1537 2335 1674 2416 scripto-

373 2425 420 2488 ris
439 2445 504 2488 non
527 2425 646 2499 omnia,
669 2447 749 2508 quac
769 2429 908 2490 cavenda
929 2437 1017 2500 sunt,
1040 2425 1072 2489 in
1094 2425 1167 2509 lege
1188 2427 1403 2491 conscribere.

455 2519 523 2593 Iis,
546 2518 605 2602 qut
621 2518 658 2582 in
677 2541 718 2583 eo
739 2521 814 2582 loco
834 2518 920 2594 sint,
948 2519 1080 2582 adimat
1095 2521 1310 2602 potestatem]
1353 2523 1465 2605 Neque
1491 2519 1714 2604 permittatttt

371 2614 429 2678 sed
446 2623 482 2675 ut
500 2611 590 2696 qutasi
607 2612 772 2693 permissio
795 2633 864 2676 esse
885 2612 1047 2687 videatur,
1069 2613 1221 2677 collectio
1241 2613 1277 2676 lit
1299 2635 1338 2676 ex
1360 2614 1441 2676 allis.

456 2705 628 2783 Definitio
649 2718 716 2780 est,
752 2727 859 2789 quum
885 2705 921 2768 in
947 2706 1075 2789 scripto
1103 2706 1239 2770 uerbum
1267 2707 1406 2790 aliquod
1425 2719 1476 2770 est
1494 2706 1671 2789 positum,

371 2798 472 2862 cuius
492 2799 534 2861 de
554 2798 588 2861 oi
608 2796 799 2882 quaeritur]
841 2798 1011 2883 Subiungit
1032 2811 1222 2880 postremam
1245 2801 1388 2883 legalem
1409 2799 1669 2874 controversiam,

372 2913 468 2977 quam
490 2891 700 2954 definitionem
729 2890 918 2965 nominavit3
953 2914 1034 2975 quae
1058 2893 1142 2956 nulla
1170 2903 1260 2973 parte
1282 2894 1374 2955 distat
1404 2914 1421 2954 a
1451 2892 1672 2957 constitutione

372 2985 539 3059 rationali,
563 2983 621 3047 nisi
643 2987 730 3068 quood
758 2986 888 3047 terbum
920 2985 951 3048 iu
970 2985 1043 3069 lege
1063 2986 1201 3066 positum
1227 2985 1278 3048 vel
1306 2985 1336 3048 in
1364 2985 1519 3064 scriptura
1548 2982 1713 3066 aliqua,²⁵

371 3101 469 3162 quum
495 3078 658 3152 delinitur,
692 3077 767 3160 quiid
797 3077 970 3162 significet,
1007 3078 1083 3161 quid
1112 3078 1172 3152 sit,
1210 3090 1284 3141 trruc
1305 3078 1360 3140 liet
1382 3077 1491 3160 legalis
1518 3076 1670 3141 delinitio.

373 3170 533 3254 Supponit
551 3171 728 3252 exemplum
749 3173 786 3234 do
809 3172 862 3245 iis,
898 3174 1083 3255 quinarem
1111 3193 1196 3234 suam
1219 3172 1340 3244 dicunt,
1377 3172 1463 3254 qrrod
1487 3191 1562 3234 unius
1584 3169 1673 3232 iucu-

371 3266 477 3330 buerit
500 3264 624 3347 gladio,
654 3265 733 3328 alter
753 3285 873 3328 remum
894 3264 1055 3346 imperitus
1076 3263 1275 3348 gubernandi
1300 3262 1451 3338 tenuerit,
1477 3265 1672 3346 gurbernator

370 3359 403 3422 in
423 3359 570 3439 scapham
590 3357 729 3440 ingenita
758 3354 820 3421 tue
846 3381 941 3440 quum
964 3361 1170 3433 contendant,
1208 3357 1295 3422 cuius
1332 3358 1419 3422 navis
1447 3358 1505 3432 sit,
1540 3353 1671 3438 exlege
1758 3360 1765 3368 “

370 3449 491 3516 initium
516 3453 642 3532 capiunt
667 3453 915 3516 controversiae.
959 3452 1130 3533 Qaraeritur
1152 3464 1252 3515 tamen
1274 3453 1422 3526 verbum,
1446 3453 1531 3533 qrrod
1551 3449 1581 3512 in
1600 3449 1714 3532 legett

371 3545 511 3626 positum
529 3558 594 3619 est3
623 3545 702 3629 quid
721 3545 761 3608 sit
782 3544 891 3608 navist
928 3547 1038 3609 deinde
1066 3546 1142 3629 quid
1167 3548 1206 3609 sit
1230 3567 1341 3609 navem
1362 3549 1566 3610 desererent
1597 3544 1673 3627 quiid

370 3638 413 3702 sit
432 3638 464 3700 in
488 3637 562 3700 navi
584 3659 760 3702 remanere.
803 3638 894 3702 llaec
915 3639 984 3702 sola
1008 3639 1157 3702 discretio
1179 3652 1226 3703 est
1256 3642 1324 3702 data
1354 3639 1435 3702 iuter
1461 3636 1672 3700 definitionem

371 3731 505 3814 legalem
524 3744 555 3794 et
574 3731 848 3807 constitutionem,
871 3731 905 3796 id
923 3744 982 3805 est,
1001 3733 1183 3797 rationalem
1204 3743 1330 3796 statum.
1373 3733 1549 3811 Praecepta
1572 3741 1672 3792 aretem

370 3822 496 3886 dicendi
517 3825 625 3887 eadem
647 3825 860 3902 servabimus,
898 3848 977 3910 quae
995 3847 1090 3910 supra
1115 3839 1187 3892 saint
1212 3827 1337 3909 posita3
1374 3837 1408 3890 ut
1431 3824 1612 3888 definiamus
1641 3836 1673 3885 et

371 3926 491 3979 cetera.
517 3938 597 3998 quae
616 3918 791 3999 praecepit.
1683 3913 1725 3970 ³⁵'

453 4011 558 4074 Nunc
577 4008 745 4094 expositis
766 4011 811 4076 iis
830 4012 1204 4095 argumentationibus,
1241 4035 1327 4097 quoe
1348 4011 1385 4075 in
1412 4011 1570 4074 iudiciale
1591 4011 1696 4070 eon-¹

372 4121 492 4166 mmm
512 4124 621 4186 gentas
640 4107 962 4182 accommodantur,
985 4106 1141 4189 deinceps
1159 4107 1237 4188 cen]
1280 4105 1391 4172 Finitis
1413 4104 1559 4169 omnibus
1581 4123 1673 4183 prae·

373 4195 486 4276 ceptis.
512 4219 592 4281 quae
617 4199 687 4262 data
708 4199 832 4263 luerent
856 4203 895 4263 ad
923 4219 1030 4263 omnes
1053 4199 1295 4264 constitutiones
1317 4210 1348 4261 et
1375 4199 1412 4260 ad
1434 4197 1535 4260 omnia
1559 4214 1673 4279 genera

373 4289 685 4365 controversiarum,
712 4313 792 4375 quae
817 4292 846 4356 in
877 4292 1002 4377 legibus
1033 4302 1126 4370 stant,
1151 4293 1311 4356 dumtaxat
1337 4290 1366 4354 iu
1396 4289 1530 4354 iudiciali
1558 4307 1673 4372 genera

373 4403 556 4458 canutum,
592 4383 702 4447 transit
728 4385 851 4449 Tullius
873 4387 913 4449 ad
939 4385 1172 4450 deliberativam
1195 4407 1318 4449 causam
1341 4397 1373 4448 et
1397 4387 1434 4447 ad
1455 4381 1715 4446 demonstrati-⁴⁰

1503 4510 1511 4516 ο
1523 4505 1660 4518 ,ω-ο-υ

469 4561 494 4612 1.
512 4557 559 4626 qui
576 4558 666 4606 utitur
684 4555 855 4626 collectione]
875 4556 929 4612 Sen
948 4562 1175 4628 ratiocinatione,
1195 4575 1225 4613 tat
1244 4557 1424 4614 moa'aielm.
1462 4559 1564 4614 Graeci
1577 4557 1673 4614 dietant

373 4625 452 4686 mit
490 4627 588 4704 ισμόν.
609 4629 695 4684 Cass.

487 4742 494 4755 .
513 4718 550 4756 se
568 4709 692 4772 exposui.
729 4703 841 4758 Addere
860 4703 928 4761 cod.
947 4706 1011 4762 Bas.
1052 4713 1080 4766 8.
1098 4737 1137 4750 -
1153 4713 1298 4778 continget
1316 4711 1378 4762 dae.

449 4781 496 4834 10.
514 4777 651 4848 spectari]
670 4777 738 4832 eod.
758 4781 820 4835 lias.
839 4809 875 4824 -·
893 4781 1066 4833 considerari
1083 4779 1153 4836 ltdd.
1173 4783 1227 4838 Oti.

448 4859 495 4908 ss·
514 4881 549 4894 -
568 4857 640 4904 enlm
656 4871 737 4920 posse
753 4873 841 4924 poene
859 4873 918 4907 asse
938 4855 1007 4912 cod.
1026 4857 1090 4911 Bas.

448 4929 494 4982 19.
513 4941 551 4978 ω
567 4935 647 4990 sunt,
666 4928 786 4982 scribere
804 4929 873 4984 eod.
891 4931 953 4985 llas.

447 5002 496 5056 25.
513 5017 531 5050 a
557 5005 755 5056 mussitatione
779 5005 927 5077 rationali]
959 5005 1014 5061 San
1036 5021 1111 5062 stato
1134 5005 1185 5063 illo
1215 5005 1365 5072 nituisti,
1397 5023 1476 5080 quem
1506 5003 1674 5062 definltlrurn

373 5071 455 5148 vulgo
476 5091 583 5130 vocant.
602 5081 690 5133 cara.
1338 5091 1344 5100 '

444 5149 621 5208 tedam
