4434 5959
540 617 602 679 did
1084 615 1320 683 ttott'tttttts

541 780 627 832 tritis,
652 778 691 820 ex
713 754 828 842 quibus
848 758 1051 840 componitur
1071 770 1167 842 atque
1189 754 1412 839 coniungitur,
1435 763 1531 836 atque
1552 750 1624 814 inde
1645 746 1863 812 delinitione·

540 851 645 914 lacere
668 862 839 927 tentemus,
866 853 927 915 hoe
948 854 1044 914 niodo
1066 850 1218 914 dicimus:
1244 852 1378 913 Domata
1399 857 1471 917 est,
1501 864 1589 927 patae
1599 840 1857 933 fundamento,

536 944 731 1027 perietibus
751 956 904 1029 tectoque
927 946 1096 1009 consistit.
1153 945 1218 1007 Hie
1237 942 1377 1005 membra
1398 939 1550 1023 quaedam
1572 946 1695 1016 sumpta
1722 944 1798 995 sunt
1824 934 1863 994 ad

541 1039 772 1113 definitionem,
797 1040 912 1121 qttibus
935 1061 984 1101 res
1005 1049 1071 1103 tota
1093 1035 1319 1120 eoniuogitur3
1342 1044 1375 1097 et
1396 1035 1473 1095 baec
1496 1043 1632 1094 vocatur
1652 1049 1711 1111 per
1733 1047 1864 1089 ennne·

394 1140 397 1145 '
516 1132 694 1197 arationem
718 1132 853 1213 partium
874 1132 1033 1207 delinitio.
1091 1133 1136 1195 Aa
1158 1129 1186 1192 si
1211 1128 1284 1213 qiiis
1309 1129 1352 1189 ita
1378 1125 1525 1199 deliniat,
1562 1136 1597 1185 ut
1615 1142 1679 1183 non
1699 1120 1731 1183 in
1752 1117 1865 1181 delini·

542 1224 627 1287 tione
651 1236 748 1305 ponat
777 1227 933 1302 utembra,
960 1228 1015 1287 sed
1030 1224 1174 1307 speeies:
1212 1243 1228 1284 a
1249 1220 1405 1284 diuisione
1423 1217 1601 1300 specierum
1621 1212 1765 1277 delinitio
1784 1232 1865 1274 nnn·

542 1328 694 1397 turpatum
728 1317 813 1378 uelut
835 1317 860 1379 si
884 1318 954 1399 queis
977 1319 1040 1380 hoe
1064 1320 1159 1381 modo
1178 1314 1386 1397 pronuntiet:
1412 1312 1553 1375 Animal
1574 1321 1626 1372 est
1644 1304 1863 1377 substantio,

542 1430 628 1493 quoe
650 1410 701 1471 uel
720 1430 823 1473 sensu
853 1421 1008 1484 tantiam,
1044 1412 1096 1473 nel
1113 1430 1217 1471 sensu
1236 1418 1269 1470 et
1293 1406 1428 1469 ratione
1452 1404 1596 1465 ιιὶιιιιιιν.
1650 1400 1745 1461 Haec
1767 1398 1867 1481 igitur

482 1574 487 1583 ³
543 1514 695 1586 qiiattuor
713 1522 730 1563 a
749 1524 783 1565 se
807 1504 937 1567 differre
959 1504 1157 1566 manifestum
1179 1513 1237 1565 est.
1289 1500 1326 1562 lu
1348 1518 1384 1560 ea
1402 1516 1537 1579 uanique
1555 1492 1759 1565 delinitione,
1785 1508 1866 1574 qnae

501 1614 601 1679 tepet·
618 1596 840 1659 substantiales
864 1607 971 1679 partes
991 1596 1144 1671 efficitur,
1169 1593 1310 1678 singulae
1333 1600 1441 1672 partes
1463 1587 1601 1651 maiores
1624 1606 1696 1648 esse
1718 1584 1867 1645 ridentur

545 1702 576 1753 ct
599 1691 845 1757 substantialiter
873 1691 1118 1753 universaliores
1137 1690 1176 1750 ab
1199 1708 1235 1749 ea
1260 1706 1316 1759 re,
1354 1703 1447 1767 quiam
1473 1680 1647 1749 deliniuntt
1681 1688 1718 1739 ut
1751 1674 1867 1737 animal

545 1784 641 1847 maius
658 1786 696 1845 ab
714 1785 854 1847 homine.
902 1782 1044 1846 Mortale
1063 1783 1155 1846 ctiam
1178 1792 1273 1864 atque
1294 1777 1452 1841 rationale
1467 1774 1590 1858 singula
1609 1769 1747 1834 bominis
1761 1780 1866 1830 tran*

545 1876 732 1959 gredliuntur
754 1888 918 1939 naturam:
956 1898 1037 1960 quiae
1060 1876 1090 1937 in
1119 1898 1212 1938 sentim
1234 1870 1453 1935 conuenientia
1478 1869 1599 1943 eidem,
1632 1885 1700 1949 quo
1722 1862 1866 1946 singula·

545 1971 599 2033 tim
623 1970 739 2033 tuciora
763 1983 853 2046 stunt,
893 1982 1124 2055 coaequantur.
1182 1964 1368 2032 Accidentia
1391 1983 1489 2038 vero,
1528 1957 1658 2045 quaein
1680 1955 1867 2018 delinitione

503 2083 727 2144 aperiuntur,
759 2064 888 2128 omnino
911 2086 928 2127 a
952 2061 1144 2127 susbstantiae
1166 2062 1290 2125 ratione
1316 2057 1470 2121 disiuncta
1499 2067 1583 2119 seint.
1613 2052 1650 2115 In
1669 2071 1708 2113 ea
1732 2068 1867 2132 quinque

451 2220 453 2229 ,
546 2156 746 2233 delinitione,
778 2180 858 2242 quiae
880 2181 921 2221 ex
946 2157 1080 2241 partium
1103 2152 1343 2220 enttmeratione
1365 2148 1551 2232 perlinitur,
1575 2146 1647 2209 talia
1667 2155 1760 2217 sunt,
1785 2161 1868 2225 qnae

545 2263 789 2327 euitrncrantur,
822 2263 855 2313 nt
877 2252 999 2335 singula
1023 2248 1121 2313 totins
1143 2246 1263 2311 deliniti
1284 2266 1399 2309 nomen
1424 2262 1540 2323 capere
1563 2261 1626 2302 non
1652 2237 1798 2319 possiut;
1821 2245 1870 2298 at·

547 2365 610 2426 qim
633 2344 752 2409 idcirco
776 2348 888 2407 eodem
909 2345 1029 2408 minora
1052 2356 1143 2417 saint,
1168 2352 1201 2403 ut
1215 2341 1416 2403 ltindamenta
1435 2357 1500 2400 non
1522 2343 1656 2416 possunt
1671 2334 1789 2394 domus
1810 2350 1869 2391 ro·

547 2438 661 2500 cabillo
684 2438 860 2521 nttncupari
892 2451 924 2502 et
946 2439 1150 2503 fundamenta
1176 2438 1273 2499 domo
1304 2431 1426 2494 minora
1453 2440 1546 2503 sient,
1581 2428 1722 2506 itemque
1742 2434 1870 2485 ceterae

505 2544 667 2612 topartes.
725 2534 769 2596 At
791 2554 869 2597 vero
895 2533 926 2596 in
947 2555 982 2596 ea
1005 2530 1205 2603 delinitione,
1244 2547 1325 2611 quiae
1347 2545 1406 2607 per
1427 2522 1613 2586 divisionem
1637 2519 1691 2592 nt,
1724 2514 1870 2598 singulae

548 2624 672 2707 qttidem
694 2640 800 2707 partes
827 2638 895 2691 tota
916 2648 952 2689 ea
970 2648 1024 2701 re,
1049 2645 1129 2708 quae
1152 2618 1320 2694 delinitur,
1353 2618 1491 2679 ruinores
1512 2626 1603 2686 sunt;
1633 2623 1737 2676 totum
1764 2621 1872 2672 tamen

547 2718 694 2781 definitae
711 2718 757 2781 rei
780 2742 894 2783 nomen
913 2716 1091 2801 excipiunt,
1117 2729 1151 2780 nt
1168 2712 1323 2777 rationale
1339 2732 1453 2773 nomen
1477 2709 1562 2789 capit
1579 2704 1735 2779 animalis,
1754 2704 1872 2765 eode-

548 2814 644 2876 modo
663 2812 860 2878 irrationale.
919 2814 1043 2896 Quibus
1066 2812 1106 2875 ita
1130 2808 1291 2881 discretis,
1330 2804 1604 2889 qiroticuscuuque
1627 2802 1667 2862 ab
1691 2817 1728 2861 ea
1761 2794 1872 2858 delini·

548 2906 653 2981 tione,
677 2928 759 2990 quiae
775 2928 834 2988 per
854 2905 1077 2970 substantiales
1095 2918 1203 2987 partes
1223 2900 1373 2973 efficitur,
1400 2898 1507 2959 veleb
1529 2916 1589 2969 ea,
1613 2914 1694 2978 qnae
1711 2912 1772 2972 per
1788 2886 1872 2951 aeci·

505 3015 537 3063 ts
549 3001 684 3065 dentium
712 3001 978 3065 enumerationem
1011 3000 1194 3083 colligitur,
1228 2989 1459 3079 argumentatio
1477 2990 1530 3052 lit:
1565 2986 1809 3058 adclinitione,
1839 2982 1872 3043 id

548 3107 616 3171 est,
641 3118 657 3157 a
680 3107 770 3171 toto,
795 3106 930 3158 tractum
954 3094 1068 3158 dicitur
1089 3101 1321 3177 argumentum.
1365 3085 1522 3165 Quotiens
1538 3102 1620 3144 vero
1646 3082 1686 3141 ab
1708 3099 1767 3153 ea,
1791 3094 1872 3160 qttae

549 3191 602 3251 vel
623 3210 681 3271 per
704 3192 917 3253 membrorum
947 3188 1214 3251 enumerationem
1237 3181 1288 3258 vel
1311 3200 1369 3261 per
1387 3176 1564 3260 specierum
1588 3172 1777 3236 divisionem
1797 3190 1872 3249 per·

549 3282 674 3357 licitur,
699 3282 931 3365 argumentatio
949 3282 1005 3345 lit:
1029 3282 1068 3343 ab
1091 3274 1326 3343 enumeratione
1346 3272 1482 3353 partium
1499 3275 1720 3352 argrimentum
1743 3265 1872 3324 dractona

550 3397 620 3439 esse
647 3376 844 3459 perhibetur.
895 3379 958 3440 Sed
987 3376 1040 3439 M.
1069 3373 1213 3445 'l'ullius,
1248 3367 1322 3451 quia
1353 3364 1411 3425 iam
1445 3362 1648 3444 partitionem
1679 3355 1873 3419 delinitionis

509 3468 717 3550 adingressus
743 3481 809 3545 est,
848 3469 938 3532 etiam
966 3469 1046 3531 hane
1066 3460 1276 3545 interposuit,
1314 3478 1396 3541 quiae
1419 3478 1482 3519 non
1505 3457 1546 3516 ad
1566 3450 1779 3524 delinitionis,
1817 3449 1875 3509 sed

551 3564 592 3624 atl
609 3560 853 3625 enumerationis
880 3562 1016 3644 partium
1035 3561 1138 3624 lorum
1160 3552 1351 3638 pertinebat.
1406 3548 1508 3610 Huius
1534 3568 1613 3609 vero
1635 3544 1684 3606 rei
1702 3562 1875 3626 argumen-

551 3667 617 3718 tum
640 3666 708 3731 est,
733 3657 821 3739 uitia,
847 3678 942 3739 quirin
964 3668 1038 3737 post
1060 3656 1100 3716 de
1125 3650 1241 3714 eisdem
1261 3644 1341 3709 loeis
1362 3642 1459 3706 latius
1482 3653 1621 3703 tractans
1643 3642 1683 3700 de
1708 3654 1875 3698 entimera-

553 3748 638 3813 tione
660 3746 797 3831 partium
824 3750 1029 3833 loqueretur,
1062 3746 1177 3809 nullam
1201 3740 1292 3804 aliam
1315 3734 1580 3800 enitmerationem
1603 3730 1741 3814 partium
1763 3724 1875 3809 posuit

554 3841 613 3905 nisi
633 3863 723 3918 earn,
761 3864 854 3925 quam
877 3864 959 3907 natue
982 3835 1170 3905 delinitionis
1192 3832 1328 3915 speeiem
1352 3828 1446 3892 dixit.
1501 3829 1571 3890 Nee
1593 3837 1697 3885 tamen
1719 3832 1768 3883 est
1789 3818 1875 3881 arbi·

511 3952 542 4001 ts
554 3938 718 4012 trandum,
744 3956 867 3999 ornnem
886 3936 1088 4018 partitionem
1115 3924 1305 3993 delinitionis
1331 3926 1437 3988 loeuin
1461 3941 1557 4003 posse
1580 3918 1746 3987 obtinerc3
1770 3924 1822 3985 nt,
1846 3912 1875 3974 si

553 4030 626 4114 qriis
642 4028 689 4093 sie
708 4028 810 4093 dieat:
844 4031 1096 4100 Fundamenta,
1123 4022 1276 4107 parietes
1297 4031 1330 4083 et
1352 4029 1477 4080 tectum
1499 4015 1623 4077 domus
1646 4020 1720 4079 est,·
1755 4006 1788 4068 id
1810 4026 1874 4065 non

554 4134 602 4185 est
625 4143 767 4187 necesse.
826 4124 941 4187 Potest
973 4128 1106 4203 natuque
1139 4138 1207 4178 esse
1232 4112 1378 4196 porticus
1401 4108 1537 4191 pttblicis
1568 4103 1677 4166 usibus
1700 4098 1873 4171 destinata,

554 4226 660 4299 potest
679 4216 753 4280 item
770 4217 855 4279 aliud
871 4216 1054 4301 qttodlibet,
1079 4224 1112 4274 ut
1131 4212 1309 4282 theatrum,
1334 4206 1421 4289 quod
1441 4210 1576 4283 propter
1597 4194 1769 4276 atripliores
1787 4190 1874 4253 soni·

555 4318 605 4370 tus
631 4308 827 4373 exhibendos
846 4310 913 4393 tegi
935 4309 1032 4375 solet.
1075 4307 1138 4369 Sed
1162 4303 1193 4364 id
1216 4321 1298 4364 nune
1327 4295 1504 4377 intelligere
1527 4312 1586 4355 nos
1605 4297 1755 4370 oportet,
1778 4304 1875 4381 posse

512 4422 613 4484 tepet·
630 4402 831 4485 partitionem
855 4402 973 4487 aliquid
994 4421 1089 4481 saepe
1105 4393 1249 4467 deliniri,
1273 4412 1371 4475 quium
1387 4386 1524 4471 partium
1540 4385 1593 4447 illa
1612 4379 1764 4444 collectio
1782 4398 1875 4441 unam

555 4515 622 4557 rem
644 4507 761 4558 tantum
784 4496 886 4579 possit
910 4496 1057 4567 efficere3
1080 4507 1133 4566 nt,
1157 4489 1183 4553 si
1206 4484 1282 4549 nihil
1305 4496 1389 4547 esset
1407 4481 1514 4556 alitrd,
1538 4477 1626 4561 quod
1645 4473 1875 4544 itindamenta,

556 4587 693 4670 parietes
708 4602 802 4674 atque
823 4602 938 4654 tectum
959 4597 1070 4671 posset
1089 4587 1207 4649 habere
1223 4578 1282 4642 nisi
1302 4578 1435 4649 doinus,
1459 4573 1527 4636 iture
1549 4566 1691 4633 delinitio
1709 4565 1795 4628 saeta
1810 4583 1878 4627 esse

474 4674 479 4685 ’
558 4682 740 4760 videretur,
774 4686 900 4747 domurn
925 4706 1016 4758 esse,
1053 4700 1148 4765 qnam
1166 4675 1390 4744 fundamenta,
1414 4669 1553 4749 parietes
1575 4673 1758 4743 tectumque
1780 4657 1877 4742 perli-

515 4784 741 4951 tseiffntb'ap.
765 4870 797 4932 6.
821 4876 851 4947 §.
877 4868 944 4948 98.)
987 4874 1074 4934 Sunt
1095 4863 1201 4928 etiam
1220 4858 1294 4921 atta
1312 4872 1443 4940 genero
1462 4886 1504 4898 -
1524 4884 1568 4896 -
1588 4846 1676 4911 sinit
1694 4846 1877 4928 pertinent.

643 4962 737 5025 Hunc
762 4964 866 5026 locum
893 4962 1082 5027 Victorinus
1107 4957 1199 5020 tinius
1222 4949 1392 5017 voluminis
1412 4945 1496 5010 secie
1521 4952 1695 5029 aggressus
1717 4956 1879 5021 exponere

558 5066 589 5117 et
623 5076 731 5119 omnes
755 5055 970 5119 definitionum
992 5047 1188 5117 differentias
1223 5060 1411 5108 enumerare
1441 5038 1553 5102 multas
1584 5030 1767 5111 interserit,
1801 5050 1879 5115 qnae

559 5148 757 5215 definitiones
774 5170 843 5215 esse
863 5168 963 5233 paene
984 5148 1025 5211 ab
1041 5142 1188 5210 omnibus
1209 5139 1436 5204 reclamantur.
1479 5132 1569 5196 Inter
1582 5126 1788 5195 definitiones
1802 5123 1880 5187 enin
