<?xml version="1.0" encoding="UTF-8"?>
<!DOCTYPE html PUBLIC "-//W3C//DTD XHTML 1.0 Transitional//EN"
    "http://www.w3.org/TR/xhtml1/DTD/xhtml1-transitional.dtd">
<html xmlns="http://www.w3.org/1999/xhtml" xml:lang="en" lang="en">
 <head>
  <title>
</title>
<meta http-equiv="Content-Type" content="text/html;charset=utf-8" />
  <meta name='ocr-system' content='tesseract 3.04.00' />
  <meta name='ocr-capabilities' content='ocr_page ocr_carea ocr_par ocr_line ocrx_word'/>
</head>
<body>
  <div class='ocr_page' id='page_1' title='image "./operaquaesupers09halmgoog/operaquaesupers09halmgoog_0196.png"; bbox 0 0 4434 5959; ppageno 0'>
   <div class='ocr_carea' id='block_1_1' title="bbox 547 652 1434 722">
    <p class='ocr_par' dir='ltr' id='par_1_1' title="bbox 547 652 1434 722">
     <span class='ocr_line' id='line_1_1' title="bbox 547 652 1434 722; baseline 0.002 -2"><span class='ocrx_word' id='word_1_1' title='bbox 547 659 609 721; x_wconf 75' lang='lat' dir='ltr'><strong>tuo</strong></span> <span class='ocrx_word' id='word_1_2' title='bbox 963 652 1250 722; x_wconf 86' lang='lat' dir='ltr'><strong>VlCTORlNUS</strong></span> <span class='ocrx_word' id='word_1_3' title='bbox 1271 657 1362 721; x_wconf 87' lang='lat' dir='ltr'><strong>LlB.</strong></span> <span class='ocrx_word' id='word_1_4' title='bbox 1387 658 1434 722; x_wconf 93' lang='lat' dir='ltr'><strong>lI.</strong></span> 
     </span>
    </p>
   </div>
   <div class='ocr_carea' id='block_1_2' title="bbox 500 791 1856 2366">
    <p class='ocr_par' dir='ltr' id='par_1_2' title="bbox 500 791 1856 2366">
     <span class='ocr_line' id='line_1_2' title="bbox 543 791 1852 887; baseline 0.002 -25"><span class='ocrx_word' id='word_1_5' title='bbox 543 796 675 887; x_wconf 87' lang='lat' dir='ltr'><strong>negotio</strong></span> <span class='ocrx_word' id='word_1_6' title='bbox 697 807 799 858; x_wconf 87' lang='lat' dir='ltr'><strong>tamen</strong></span> <span class='ocrx_word' id='word_1_7' title='bbox 821 793 945 859; x_wconf 77' lang='lat' dir='ltr'><strong>oniense</strong></span> <span class='ocrx_word' id='word_1_8' title='bbox 968 797 1051 858; x_wconf 90' lang='lat' dir='ltr'><strong>uode</strong></span> <span class='ocrx_word' id='word_1_9' title='bbox 1069 797 1237 878; x_wconf 90' lang='lat' dir='ltr'><strong>probatum</strong></span> <span class='ocrx_word' id='word_1_10' title='bbox 1254 808 1302 860; x_wconf 91' lang='lat' dir='ltr'><strong>est</strong></span> <span class='ocrx_word' id='word_1_11' title='bbox 1324 791 1467 860; x_wconf 83' lang='lat' dir='ltr'><strong>adiuncta</strong></span> <span class='ocrx_word' id='word_1_12' title='bbox 1487 817 1570 862; x_wconf 93' lang='lat' dir='ltr'><strong>nunc</strong></span> <span class='ocrx_word' id='word_1_13' title='bbox 1590 797 1734 862; x_wconf 90' lang='lat' dir='ltr'><strong>omnibus</strong></span> <span class='ocrx_word' id='word_1_14' title='bbox 1750 798 1852 864; x_wconf 86' lang='lat' dir='ltr'><strong>modis</strong></span> 
     </span>
     <span class='ocr_line' id='line_1_3' title="bbox 544 886 1855 978; baseline 0 -24"><span class='ocrx_word' id='word_1_15' title='bbox 544 886 673 955; x_wconf 82' lang='lat' dir='ltr'><strong>externa</strong></span> <span class='ocrx_word' id='word_1_16' title='bbox 704 889 829 969; x_wconf 77' lang='lat' dir='ltr'><strong>(affecta</strong></span> <span class='ocrx_word' id='word_1_17' title='bbox 861 901 962 951; x_wconf 87' lang='lat' dir='ltr'><strong>tamen</strong></span> <span class='ocrx_word' id='word_1_18' title='bbox 995 889 1102 972; x_wconf 91' lang='lat' dir='ltr'><strong>aliquo</strong></span> <span class='ocrx_word' id='word_1_19' title='bbox 1135 891 1230 952; x_wconf 87' lang='lat' dir='ltr'><strong>modo</strong></span> <span class='ocrx_word' id='word_1_20' title='bbox 1251 889 1395 978; x_wconf 85' lang='lat' dir='ltr'><strong>adiungi,</strong></span> <span class='ocrx_word' id='word_1_21' title='bbox 1433 903 1467 954; x_wconf 92' lang='lat' dir='ltr'><strong>ut</strong></span> <span class='ocrx_word' id='word_1_22' title='bbox 1494 903 1619 968; x_wconf 88' lang='lat' dir='ltr'><strong>cetera,</strong></span> <span class='ocrx_word' id='word_1_23' title='bbox 1649 912 1729 976; x_wconf 89' lang='lat' dir='ltr'><strong>quae</strong></span> <span class='ocrx_word' id='word_1_24' title='bbox 1754 912 1855 975; x_wconf 86' lang='lat' dir='ltr'><strong>snpra</strong></span> 
     </span>
     <span class='ocr_line' id='line_1_4' title="bbox 545 981 1854 1068; baseline 0 -21"><span class='ocrx_word' id='word_1_25' title='bbox 545 985 693 1062; x_wconf 78' lang='lat' dir='ltr'><strong>diximus)</strong></span> <span class='ocrx_word' id='word_1_26' title='bbox 716 1003 798 1044; x_wconf 83' lang='lat' dir='ltr'><strong>nsanc</strong></span> <span class='ocrx_word' id='word_1_27' title='bbox 820 983 927 1066; x_wconf 84' lang='lat' dir='ltr'><strong>aliqua</strong></span> <span class='ocrx_word' id='word_1_28' title='bbox 944 1003 986 1046; x_wconf 84' lang='lat' dir='ltr'><strong>ex</strong></span> <span class='ocrx_word' id='word_1_29' title='bbox 1015 981 1088 1065; x_wconf 90' lang='lat' dir='ltr'><strong>ipso</strong></span> <span class='ocrx_word' id='word_1_30' title='bbox 1109 983 1160 1044; x_wconf 86' lang='lat' dir='ltr'><strong>vel</strong></span> <span class='ocrx_word' id='word_1_31' title='bbox 1182 981 1214 1045; x_wconf 91' lang='lat' dir='ltr'><strong>in</strong></span> <span class='ocrx_word' id='word_1_32' title='bbox 1238 983 1310 1066; x_wconf 88' lang='lat' dir='ltr'><strong>ipso</strong></span> <span class='ocrx_word' id='word_1_33' title='bbox 1341 983 1491 1068; x_wconf 89' lang='lat' dir='ltr'><strong>negotio,</strong></span> <span class='ocrx_word' id='word_1_34' title='bbox 1530 984 1594 1048; x_wconf 92' lang='lat' dir='ltr'><strong>alio</strong></span> <span class='ocrx_word' id='word_1_35' title='bbox 1623 986 1718 1048; x_wconf 90' lang='lat' dir='ltr'><strong>modo</strong></span> <span class='ocrx_word' id='word_1_36' title='bbox 1748 994 1854 1047; x_wconf 88' lang='lat' dir='ltr'><strong>tamen</strong></span> 
     </span>
     <span class='ocr_line' id='line_1_5' title="bbox 543 1073 1856 1159; baseline -0.002 -15"><span class='ocrx_word' id='word_1_37' title='bbox 543 1081 577 1144; x_wconf 81' lang='lat' dir='ltr'><strong>s&#39;e</strong></span> <span class='ocrx_word' id='word_1_38' title='bbox 604 1075 770 1148; x_wconf 89' lang='lat' dir='ltr'><strong>babentia,</strong></span> <span class='ocrx_word' id='word_1_39' title='bbox 804 1095 896 1157; x_wconf 84' lang='lat' dir='ltr'><strong>qsaam</strong></span> <span class='ocrx_word' id='word_1_40' title='bbox 919 1075 1000 1159; x_wconf 87' lang='lat' dir='ltr'><strong>gesti</strong></span> <span class='ocrx_word' id='word_1_41' title='bbox 1031 1073 1153 1158; x_wconf 85' lang='lat' dir='ltr'><strong>negotii</strong></span> <span class='ocrx_word' id='word_1_42' title='bbox 1183 1085 1287 1138; x_wconf 83' lang='lat' dir='ltr'><strong>textus</strong></span> <span class='ocrx_word' id='word_1_43' title='bbox 1313 1075 1383 1157; x_wconf 91' lang='lat' dir='ltr'><strong>ipse</strong></span> <span class='ocrx_word' id='word_1_44' title='bbox 1413 1086 1445 1138; x_wconf 93' lang='lat' dir='ltr'><strong>et</strong></span> <span class='ocrx_word' id='word_1_45' title='bbox 1471 1078 1553 1140; x_wconf 89' lang='lat' dir='ltr'><strong>ordo</strong></span> <span class='ocrx_word' id='word_1_46' title='bbox 1571 1076 1732 1152; x_wconf 75' lang='lat' dir='ltr'><strong>consistit,</strong></span> <span class='ocrx_word' id='word_1_47' title='bbox 1769 1077 1856 1142; x_wconf 85' lang='lat' dir='ltr'><strong>circa</strong></span> 
     </span>
     <span class='ocr_line' id='line_1_6' title="bbox 519 1163 1854 1258; baseline -0.003 -22"><span class='ocrx_word' id='word_1_48' title='bbox 519 1163 713 1256; x_wconf 64' lang='lat' dir='ltr'><strong>{personam</strong></span> <span class='ocrx_word' id='word_1_49' title='bbox 734 1168 927 1232; x_wconf 87' lang='lat' dir='ltr'><strong>certissimae</strong></span> <span class='ocrx_word' id='word_1_50' title='bbox 949 1165 1155 1258; x_wconf 74' lang='lat' dir='ltr'><strong>quaestionis.</strong></span> <span class='ocrx_word' id='word_1_51' title='bbox 1215 1165 1323 1230; x_wconf 89' lang='lat' dir='ltr'><strong>Maius</strong></span> <span class='ocrx_word' id='word_1_52' title='bbox 1352 1179 1383 1230; x_wconf 87' lang='lat' dir='ltr'><strong>et</strong></span> <span class='ocrx_word' id='word_1_53' title='bbox 1404 1168 1504 1232; x_wconf 87' lang='lat' dir='ltr'><strong>minus</strong></span> <span class='ocrx_word' id='word_1_54' title='bbox 1529 1179 1561 1232; x_wconf 90' lang='lat' dir='ltr'><strong>et</strong></span> <span class='ocrx_word' id='word_1_55' title='bbox 1582 1189 1681 1252; x_wconf 88' lang='lat' dir='ltr'><strong>aeque</strong></span> <span class='ocrx_word' id='word_1_56' title='bbox 1704 1189 1854 1252; x_wconf 87' lang='lat' dir='ltr'><strong>maguum</strong></span> 
     </span>
     <span class='ocr_line' id='line_1_7' title="bbox 542 1259 1853 1346; baseline -0.002 -17"><span class='ocrx_word' id='word_1_57' title='bbox 542 1280 608 1329; x_wconf 90' lang='lat' dir='ltr'><strong>tum</strong></span> <span class='ocrx_word' id='word_1_58' title='bbox 629 1285 671 1327; x_wconf 84' lang='lat' dir='ltr'><strong>ex</strong></span> <span class='ocrx_word' id='word_1_59' title='bbox 694 1260 744 1336; x_wconf 86' lang='lat' dir='ltr'><strong>vi,</strong></span> <span class='ocrx_word' id='word_1_60' title='bbox 766 1272 830 1324; x_wconf 88' lang='lat' dir='ltr'><strong>tum</strong></span> <span class='ocrx_word' id='word_1_61' title='bbox 858 1283 900 1325; x_wconf 81' lang='lat' dir='ltr'><strong>ex</strong></span> <span class='ocrx_word' id='word_1_62' title='bbox 917 1281 1048 1325; x_wconf 88' lang='lat' dir='ltr'><strong>numero</strong></span> <span class='ocrx_word' id='word_1_63' title='bbox 1068 1270 1099 1323; x_wconf 86' lang='lat' dir='ltr'><strong>et</strong></span> <span class='ocrx_word' id='word_1_64' title='bbox 1122 1281 1162 1322; x_wconf 84' lang='lat' dir='ltr'><strong>ex</strong></span> <span class='ocrx_word' id='word_1_65' title='bbox 1180 1259 1285 1342; x_wconf 85' lang='lat' dir='ltr'><strong>ligura</strong></span> <span class='ocrx_word' id='word_1_66' title='bbox 1307 1261 1426 1346; x_wconf 85' lang='lat' dir='ltr'><strong>negotii</strong></span> <span class='ocrx_word' id='word_1_67' title='bbox 1447 1261 1698 1328; x_wconf 88' lang='lat' dir='ltr'><strong>considerantur.</strong></span> <span class='ocrx_word' id='word_1_68' title='bbox 1742 1265 1803 1328; x_wconf 88' lang='lat' dir='ltr'><strong>Vis</strong></span> <span class='ocrx_word' id='word_1_69' title='bbox 1820 1265 1853 1327; x_wconf 86' lang='lat' dir='ltr'><strong>in</strong></span> 
     </span>
     <span class='ocr_line' id='line_1_8' title="bbox 543 1353 1852 1440; baseline -0.004 -14"><span class='ocrx_word' id='word_1_70' title='bbox 543 1382 583 1426; x_wconf 90' lang='lat' dir='ltr'><strong>eo</strong></span> <span class='ocrx_word' id='word_1_71' title='bbox 609 1370 681 1432; x_wconf 89' lang='lat' dir='ltr'><strong>est,</strong></span> <span class='ocrx_word' id='word_1_72' title='bbox 715 1373 791 1438; x_wconf 64' lang='lat' dir='ltr'><strong>spatov</strong></span> <span class='ocrx_word' id='word_1_73' title='bbox 808 1356 877 1438; x_wconf 88' lang='lat' dir='ltr'><strong>ipsa</strong></span> <span class='ocrx_word' id='word_1_74' title='bbox 908 1353 1140 1438; x_wconf 81' lang='lat' dir='ltr'><strong>significatione</strong></span> <span class='ocrx_word' id='word_1_75' title='bbox 1174 1354 1344 1416; x_wconf 87' lang='lat' dir='ltr'><strong>verborum</strong></span> <span class='ocrx_word' id='word_1_76' title='bbox 1377 1354 1517 1417; x_wconf 86' lang='lat' dir='ltr'><strong>diversas</strong></span> <span class='ocrx_word' id='word_1_77' title='bbox 1546 1376 1598 1418; x_wconf 89' lang='lat' dir='ltr'><strong>res</strong></span> <span class='ocrx_word' id='word_1_78' title='bbox 1633 1355 1852 1440; x_wconf 75' lang='lat' dir='ltr'><strong>intelligimus.</strong></span> 
     </span>
     <span class='ocr_line' id='line_1_9' title="bbox 541 1446 1848 1540; baseline -0.004 -22"><span class='ocrx_word' id='word_1_79' title='bbox 541 1455 655 1540; x_wconf 85' lang='lat' dir='ltr'><strong>ltaque</strong></span> <span class='ocrx_word' id='word_1_80' title='bbox 677 1473 772 1538; x_wconf 88' lang='lat' dir='ltr'><strong>quum</strong></span> <span class='ocrx_word' id='word_1_81' title='bbox 793 1448 919 1530; x_wconf 90' lang='lat' dir='ltr'><strong>prolata</strong></span> <span class='ocrx_word' id='word_1_82' title='bbox 940 1449 1040 1510; x_wconf 81' lang='lat' dir='ltr'><strong>rerba</strong></span> <span class='ocrx_word' id='word_1_83' title='bbox 1064 1446 1179 1508; x_wconf 88' lang='lat' dir='ltr'><strong>distant</strong></span> <span class='ocrx_word' id='word_1_84' title='bbox 1208 1446 1351 1508; x_wconf 80' lang='lat' dir='ltr'><strong>sensibus</strong></span> <span class='ocrx_word' id='word_1_85' title='bbox 1372 1447 1508 1523; x_wconf 92' lang='lat' dir='ltr'><strong>nostris,</strong></span> <span class='ocrx_word' id='word_1_86' title='bbox 1541 1447 1769 1531; x_wconf 83' lang='lat' dir='ltr'><strong>significatione</strong></span> <span class='ocrx_word' id='word_1_87' title='bbox 1792 1469 1848 1526; x_wconf 79' lang='lat' dir='ltr'><strong>ea,</strong></span> 
     </span>
     <span class='ocr_line' id='line_1_10' title="bbox 543 1538 1851 1631; baseline -0.005 -20"><span class='ocrx_word' id='word_1_88' title='bbox 543 1569 603 1631; x_wconf 88' lang='lat' dir='ltr'><strong>qua</strong></span> <span class='ocrx_word' id='word_1_89' title='bbox 619 1547 845 1629; x_wconf 78' lang='lat' dir='ltr'><strong>proferuntur,</strong></span> <span class='ocrx_word' id='word_1_90' title='bbox 869 1540 902 1602; x_wconf 83' lang='lat' dir='ltr'><strong>vi</strong></span> <span class='ocrx_word' id='word_1_91' title='bbox 920 1540 1053 1613; x_wconf 87' lang='lat' dir='ltr'><strong>distant;</strong></span> <span class='ocrx_word' id='word_1_92' title='bbox 1082 1538 1201 1613; x_wconf 88' lang='lat' dir='ltr'><strong>idest,</strong></span> <span class='ocrx_word' id='word_1_93' title='bbox 1232 1540 1373 1620; x_wconf 88' lang='lat' dir='ltr'><strong>potentia</strong></span> <span class='ocrx_word' id='word_1_94' title='bbox 1397 1544 1549 1623; x_wconf 88' lang='lat' dir='ltr'><strong>quadam,</strong></span> <span class='ocrx_word' id='word_1_95' title='bbox 1573 1562 1633 1625; x_wconf 86' lang='lat' dir='ltr'><strong>qua</strong></span> <span class='ocrx_word' id='word_1_96' title='bbox 1655 1541 1731 1624; x_wconf 86' lang='lat' dir='ltr'><strong>quid</strong></span> <span class='ocrx_word' id='word_1_97' title='bbox 1752 1563 1851 1628; x_wconf 85' lang='lat' dir='ltr'><strong>quae·</strong></span> 
     </span>
     <span class='ocr_line' id='line_1_11' title="bbox 500 1632 1851 1725; baseline -0.004 -22"><span class='ocrx_word' id='word_1_98' title='bbox 500 1655 604 1725; x_wconf 75' lang='lat' dir='ltr'><strong>atquae</strong></span> <span class='ocrx_word' id='word_1_99' title='bbox 625 1658 676 1702; x_wconf 87' lang='lat' dir='ltr'><strong>res</strong></span> <span class='ocrx_word' id='word_1_100' title='bbox 698 1635 818 1720; x_wconf 87' lang='lat' dir='ltr'><strong>possit,</strong></span> <span class='ocrx_word' id='word_1_101' title='bbox 839 1632 1059 1716; x_wconf 84' lang='lat' dir='ltr'><strong>intelligimus.</strong></span> <span class='ocrx_word' id='word_1_102' title='bbox 1100 1632 1152 1695; x_wconf 91' lang='lat' dir='ltr'><strong>De</strong></span> <span class='ocrx_word' id='word_1_103' title='bbox 1173 1652 1305 1694; x_wconf 82' lang='lat' dir='ltr'><strong>nttmero</strong></span> <span class='ocrx_word' id='word_1_104' title='bbox 1326 1633 1528 1715; x_wconf 88' lang='lat' dir='ltr'><strong>perspicuum</strong></span> <span class='ocrx_word' id='word_1_105' title='bbox 1552 1645 1613 1696; x_wconf 88' lang='lat' dir='ltr'><strong>cst.</strong></span> <span class='ocrx_word' id='word_1_106' title='bbox 1657 1636 1776 1720; x_wconf 90' lang='lat' dir='ltr'><strong>Figura</strong></span> <span class='ocrx_word' id='word_1_107' title='bbox 1801 1647 1851 1700; x_wconf 88' lang='lat' dir='ltr'><strong>est</strong></span> 
     </span>
     <span class='ocr_line' id='line_1_12' title="bbox 526 1722 1850 1815; baseline -0.002 -20"><span class='ocrx_word' id='word_1_108' title='bbox 526 1743 648 1815; x_wconf 25' lang='lat' dir='ltr'><strong>&#39;textus</strong></span> <span class='ocrx_word' id='word_1_109' title='bbox 665 1743 697 1794; x_wconf 89' lang='lat' dir='ltr'><strong>et</strong></span> <span class='ocrx_word' id='word_1_110' title='bbox 718 1731 805 1794; x_wconf 90' lang='lat' dir='ltr'><strong>ordo·</strong></span> <span class='ocrx_word' id='word_1_111' title='bbox 819 1724 941 1808; x_wconf 90' lang='lat' dir='ltr'><strong>negotii</strong></span> <span class='ocrx_word' id='word_1_112' title='bbox 967 1746 1025 1808; x_wconf 92' lang='lat' dir='ltr'><strong>per</strong></span> <span class='ocrx_word' id='word_1_113' title='bbox 1046 1722 1291 1786; x_wconf 89' lang='lat' dir='ltr'><strong>circumstantias</strong></span> <span class='ocrx_word' id='word_1_114' title='bbox 1310 1745 1397 1788; x_wconf 91' lang='lat' dir='ltr'><strong>suas.</strong></span> <span class='ocrx_word' id='word_1_115' title='bbox 1441 1725 1549 1788; x_wconf 86' lang='lat' dir='ltr'><strong>Simile</strong></span> <span class='ocrx_word' id='word_1_116' title='bbox 1569 1736 1670 1789; x_wconf 89' lang='lat' dir='ltr'><strong>autem</strong></span> <span class='ocrx_word' id='word_1_117' title='bbox 1689 1749 1730 1791; x_wconf 85' lang='lat' dir='ltr'><strong>ex</strong></span> <span class='ocrx_word' id='word_1_118' title='bbox 1743 1731 1850 1810; x_wconf 78' lang='lat' dir='ltr'><strong>specie</strong></span> 
     </span>
     <span class='ocr_line' id='line_1_13' title="bbox 542 1815 1851 1903; baseline -0.005 -15"><span class='ocrx_word' id='word_1_119' title='bbox 542 1838 596 1890; x_wconf 92' lang='lat' dir='ltr'><strong>aut</strong></span> <span class='ocrx_word' id='word_1_120' title='bbox 618 1847 659 1888; x_wconf 82' lang='lat' dir='ltr'><strong>cx</strong></span> <span class='ocrx_word' id='word_1_121' title='bbox 681 1818 887 1903; x_wconf 75' lang='lat' dir='ltr'><strong>comparabili</strong></span> <span class='ocrx_word' id='word_1_122' title='bbox 909 1828 963 1880; x_wconf 88' lang='lat' dir='ltr'><strong>aut</strong></span> <span class='ocrx_word' id='word_1_123' title='bbox 981 1839 1022 1879; x_wconf 85' lang='lat' dir='ltr'><strong>ex</strong></span> <span class='ocrx_word' id='word_1_124' title='bbox 1046 1815 1238 1879; x_wconf 75' lang='lat' dir='ltr'><strong>conferenda</strong></span> <span class='ocrx_word' id='word_1_125' title='bbox 1267 1829 1361 1900; x_wconf 83' lang='lat' dir='ltr'><strong>atque</strong></span> <span class='ocrx_word' id='word_1_126' title='bbox 1385 1818 1578 1881; x_wconf 88' lang='lat' dir='ltr'><strong>assimilanda</strong></span> <span class='ocrx_word' id='word_1_127' title='bbox 1600 1831 1710 1881; x_wconf 84' lang='lat' dir='ltr'><strong>natrtra</strong></span> <span class='ocrx_word' id='word_1_128' title='bbox 1731 1819 1851 1882; x_wconf 86' lang='lat' dir='ltr'><strong>iudica·</strong></span> 
     </span>
     <span class='ocr_line' id='line_1_14' title="bbox 541 1909 1850 1991; baseline -0.003 -10"><span class='ocrx_word' id='word_1_129' title='bbox 541 1929 607 1981; x_wconf 91' lang='lat' dir='ltr'><strong>tur.</strong></span> <span class='ocrx_word' id='word_1_130' title='bbox 640 1916 757 1991; x_wconf 69' lang='lat' dir='ltr'><strong>⁴Simile</strong></span> <span class='ocrx_word' id='word_1_131' title='bbox 779 1915 842 1976; x_wconf 88' lang='lat' dir='ltr'><strong>hoe</strong></span> <span class='ocrx_word' id='word_1_132' title='bbox 864 1921 932 1986; x_wconf 88' lang='lat' dir='ltr'><strong>cst,</strong></span> <span class='ocrx_word' id='word_1_133' title='bbox 961 1909 1099 1990; x_wconf 89' lang='lat' dir='ltr'><strong>species,</strong></span> <span class='ocrx_word' id='word_1_134' title='bbox 1123 1909 1336 1991; x_wconf 88' lang='lat' dir='ltr'><strong>comparabile</strong></span> <span class='ocrx_word' id='word_1_135' title='bbox 1359 1922 1391 1973; x_wconf 94' lang='lat' dir='ltr'><strong>et</strong></span> <span class='ocrx_word' id='word_1_136' title='bbox 1415 1910 1586 1974; x_wconf 87' lang='lat' dir='ltr'><strong>simulanda</strong></span> <span class='ocrx_word' id='word_1_137' title='bbox 1607 1923 1741 1988; x_wconf 87' lang='lat' dir='ltr'><strong>natura,</strong></span> <span class='ocrx_word' id='word_1_138' title='bbox 1764 1924 1795 1976; x_wconf 89' lang='lat' dir='ltr'><strong>et</strong></span> <span class='ocrx_word' id='word_1_139' title='bbox 1817 1913 1850 1976; x_wconf 87' lang='lat' dir='ltr'><strong>in</strong></span> 
     </span>
     <span class='ocr_line' id='line_1_15' title="bbox 542 2001 1850 2087; baseline -0.004 -14"><span class='ocrx_word' id='word_1_140' title='bbox 542 2009 603 2073; x_wconf 91' lang='lat' dir='ltr'><strong>illis</strong></span> <span class='ocrx_word' id='word_1_141' title='bbox 624 2020 695 2072; x_wconf 85' lang='lat' dir='ltr'><strong>sunt</strong></span> <span class='ocrx_word' id='word_1_142' title='bbox 713 2015 808 2080; x_wconf 91' lang='lat' dir='ltr'><strong>octo,</strong></span> <span class='ocrx_word' id='word_1_143' title='bbox 832 2022 968 2087; x_wconf 85' lang='lat' dir='ltr'><strong>genere,</strong></span> <span class='ocrx_word' id='word_1_144' title='bbox 992 2012 1121 2077; x_wconf 89' lang='lat' dir='ltr'><strong>natura,</strong></span> <span class='ocrx_word' id='word_1_145' title='bbox 1145 2001 1197 2078; x_wconf 86' lang='lat' dir='ltr'><strong>vi,</strong></span> <span class='ocrx_word' id='word_1_146' title='bbox 1218 2003 1449 2086; x_wconf 78' lang='lat' dir='ltr'><strong>magnitudine,</strong></span> <span class='ocrx_word' id='word_1_147' title='bbox 1473 2015 1637 2086; x_wconf 87' lang='lat' dir='ltr'><strong>tempore,</strong></span> <span class='ocrx_word' id='word_1_148' title='bbox 1660 2005 1751 2081; x_wconf 90' lang='lat' dir='ltr'><strong>loco,</strong></span> <span class='ocrx_word' id='word_1_149' title='bbox 1774 2026 1850 2086; x_wconf 89' lang='lat' dir='ltr'><strong>pcr-</strong></span> 
     </span>
     <span class='ocr_line' id='line_1_16' title="bbox 500 2093 1849 2180; baseline -0.004 -15"><span class='ocrx_word' id='word_1_150' title='bbox 500 2106 640 2178; x_wconf 79' lang='lat' dir='ltr'><strong>¹⁵sona,</strong></span> <span class='ocrx_word' id='word_1_151' title='bbox 664 2097 833 2180; x_wconf 89' lang='lat' dir='ltr'><strong>opinione:</strong></span> <span class='ocrx_word' id='word_1_152' title='bbox 869 2097 925 2157; x_wconf 91' lang='lat' dir='ltr'><strong>sed</strong></span> <span class='ocrx_word' id='word_1_153' title='bbox 949 2093 1051 2176; x_wconf 89' lang='lat' dir='ltr'><strong>ipsum</strong></span> <span class='ocrx_word' id='word_1_154' title='bbox 1073 2093 1194 2171; x_wconf 87' lang='lat' dir='ltr'><strong>simile,</strong></span> <span class='ocrx_word' id='word_1_155' title='bbox 1227 2097 1313 2178; x_wconf 84' lang='lat' dir='ltr'><strong>quod</strong></span> <span class='ocrx_word' id='word_1_156' title='bbox 1333 2117 1391 2178; x_wconf 91' lang='lat' dir='ltr'><strong>per</strong></span> <span class='ocrx_word' id='word_1_157' title='bbox 1413 2099 1490 2160; x_wconf 88' lang='lat' dir='ltr'><strong>hacc</strong></span> <span class='ocrx_word' id='word_1_158' title='bbox 1512 2118 1606 2178; x_wconf 88' lang='lat' dir='ltr'><strong>supra</strong></span> <span class='ocrx_word' id='word_1_159' title='bbox 1629 2097 1733 2178; x_wconf 89' lang='lat' dir='ltr'><strong>posita</strong></span> <span class='ocrx_word' id='word_1_160' title='bbox 1753 2097 1849 2160; x_wconf 87' lang='lat' dir='ltr'><strong>effici·</strong></span> 
     </span>
     <span class='ocr_line' id='line_1_17' title="bbox 541 2185 1849 2271; baseline -0.002 -14"><span class='ocrx_word' id='word_1_161' title='bbox 541 2207 612 2270; x_wconf 91' lang='lat' dir='ltr'><strong>tur,</strong></span> <span class='ocrx_word' id='word_1_162' title='bbox 645 2192 713 2255; x_wconf 91' lang='lat' dir='ltr'><strong>illic</strong></span> <span class='ocrx_word' id='word_1_163' title='bbox 737 2200 786 2252; x_wconf 90' lang='lat' dir='ltr'><strong>est</strong></span> <span class='ocrx_word' id='word_1_164' title='bbox 816 2189 847 2253; x_wconf 88' lang='lat' dir='ltr'><strong>in</strong></span> <span class='ocrx_word' id='word_1_165' title='bbox 878 2185 1045 2251; x_wconf 89' lang='lat' dir='ltr'><strong>contrariis</strong></span> <span class='ocrx_word' id='word_1_166' title='bbox 1070 2187 1225 2268; x_wconf 89' lang='lat' dir='ltr'><strong>partibus.</strong></span> <span class='ocrx_word' id='word_1_167' title='bbox 1269 2189 1312 2252; x_wconf 89' lang='lat' dir='ltr'><strong>Et</strong></span> <span class='ocrx_word' id='word_1_168' title='bbox 1343 2209 1425 2271; x_wconf 91' lang='lat' dir='ltr'><strong>quae</strong></span> <span class='ocrx_word' id='word_1_169' title='bbox 1452 2191 1511 2252; x_wconf 91' lang='lat' dir='ltr'><strong>sub</strong></span> <span class='ocrx_word' id='word_1_170' title='bbox 1538 2190 1665 2252; x_wconf 88' lang='lat' dir='ltr'><strong>eandem</strong></span> <span class='ocrx_word' id='word_1_171' title='bbox 1685 2188 1849 2254; x_wconf 78' lang='lat' dir='ltr'><strong>rationein</strong></span> 
     </span>
     <span class='ocr_line' id='line_1_18' title="bbox 541 2278 1454 2366; baseline -0.003 -16"><span class='ocrx_word' id='word_1_172' title='bbox 541 2289 676 2366; x_wconf 88' lang='lat' dir='ltr'><strong>cadunt,</strong></span> <span class='ocrx_word' id='word_1_173' title='bbox 700 2287 763 2347; x_wconf 89' lang='lat' dir='ltr'><strong>hoc</strong></span> <span class='ocrx_word' id='word_1_174' title='bbox 783 2280 956 2345; x_wconf 89' lang='lat' dir='ltr'><strong>distinctius</strong></span> <span class='ocrx_word' id='word_1_175' title='bbox 978 2278 1116 2363; x_wconf 88' lang='lat' dir='ltr'><strong>positum</strong></span> <span class='ocrx_word' id='word_1_176' title='bbox 1137 2291 1185 2345; x_wconf 87' lang='lat' dir='ltr'><strong>est</strong></span> <span class='ocrx_word' id='word_1_177' title='bbox 1204 2280 1236 2344; x_wconf 90' lang='lat' dir='ltr'><strong>in</strong></span> <span class='ocrx_word' id='word_1_178' title='bbox 1259 2281 1454 2346; x_wconf 80' lang='lat' dir='ltr'><strong>differentiis.</strong></span> 
     </span>
    </p>
   </div>
   <div class='ocr_carea' id='block_1_3' title="bbox 965 2417 1423 2486">
    <p class='ocr_par' dir='ltr' id='par_1_3' title="bbox 965 2417 1423 2486">
     <span class='ocr_line' id='line_1_19' title="bbox 965 2417 1423 2486; baseline 0.007 -4"><span class='ocrx_word' id='word_1_179' title='bbox 965 2418 1027 2482; x_wconf 87' lang='lat' dir='ltr'><strong>DE</strong></span> <span class='ocrx_word' id='word_1_180' title='bbox 1050 2417 1423 2486; x_wconf 82' lang='lat' dir='ltr'><strong>CONSECUTIONE.</strong></span> 
     </span>
    </p>
   </div>
   <div class='ocr_carea' id='block_1_4' title="bbox 498 2539 1849 3008">
    <p class='ocr_par' dir='ltr' id='par_1_4' title="bbox 623 2539 1848 2626">
     <span class='ocr_line' id='line_1_20' title="bbox 623 2539 1848 2626; baseline -0.002 -16"><span class='ocrx_word' id='word_1_181' title='bbox 623 2545 660 2610; x_wconf 88' lang='lat' dir='ltr'><strong>ln</strong></span> <span class='ocrx_word' id='word_1_182' title='bbox 688 2541 906 2626; x_wconf 90' lang='lat' dir='ltr'><strong>superioribus</strong></span> <span class='ocrx_word' id='word_1_183' title='bbox 934 2541 1059 2602; x_wconf 89' lang='lat' dir='ltr'><strong>duobus</strong></span> <span class='ocrx_word' id='word_1_184' title='bbox 1086 2541 1246 2604; x_wconf 79' lang='lat' dir='ltr'><strong>attributis</strong></span> <span class='ocrx_word' id='word_1_185' title='bbox 1277 2541 1408 2626; x_wconf 89' lang='lat' dir='ltr'><strong>negotio</strong></span> <span class='ocrx_word' id='word_1_186' title='bbox 1435 2539 1597 2626; x_wconf 84' lang='lat' dir='ltr'><strong>negotium</strong></span> <span class='ocrx_word' id='word_1_187' title='bbox 1629 2561 1722 2606; x_wconf 85' lang='lat' dir='ltr'><strong>omne</strong></span> <span class='ocrx_word' id='word_1_188' title='bbox 1746 2543 1848 2608; x_wconf 89' lang='lat' dir='ltr'><strong>teneri</strong></span> 
     </span>
    </p>

    <p class='ocr_par' dir='ltr' id='par_1_5' title="bbox 498 2630 1849 3008">
     <span class='ocr_line' id='line_1_21' title="bbox 498 2630 1849 2718; baseline -0.002 -17"><span class='ocrx_word' id='word_1_189' title='bbox 498 2653 532 2703; x_wconf 84' lang='lat' dir='ltr'><strong>at</strong></span> <span class='ocrx_word' id='word_1_190' title='bbox 541 2640 673 2704; x_wconf 83' lang='lat' dir='ltr'><strong>diximus</strong></span> <span class='ocrx_word' id='word_1_191' title='bbox 683 2635 838 2709; x_wconf 68' lang='lat' dir='ltr'><strong>:tertiuuu</strong></span> <span class='ocrx_word' id='word_1_192' title='bbox 847 2635 932 2718; x_wconf 89' lang='lat' dir='ltr'><strong>qood</strong></span> <span class='ocrx_word' id='word_1_193' title='bbox 940 2644 987 2696; x_wconf 89' lang='lat' dir='ltr'><strong>est</strong></span> <span class='ocrx_word' id='word_1_194' title='bbox 993 2630 1168 2696; x_wconf 88' lang='lat' dir='ltr'><strong>adiunctum</strong></span> <span class='ocrx_word' id='word_1_195' title='bbox 1174 2633 1317 2717; x_wconf 89' lang='lat' dir='ltr'><strong>negotio,</strong></span> <span class='ocrx_word' id='word_1_196' title='bbox 1324 2633 1421 2698; x_wconf 82' lang='lat' dir='ltr'><strong>veluti</strong></span> <span class='ocrx_word' id='word_1_197' title='bbox 1432 2645 1521 2698; x_wconf 88' lang='lat' dir='ltr'><strong>extra</strong></span> <span class='ocrx_word' id='word_1_198' title='bbox 1530 2655 1600 2698; x_wconf 88' lang='lat' dir='ltr'><strong>esse</strong></span> <span class='ocrx_word' id='word_1_199' title='bbox 1610 2635 1828 2718; x_wconf 79' lang='lat' dir='ltr'><strong>praecepimus</strong></span> <span class='ocrx_word' id='word_1_200' title='bbox 1840 2659 1849 2712; x_wconf 89' lang='lat'><strong>;</strong></span> 
     </span>
     <span class='ocr_line' id='line_1_22' title="bbox 540 2721 1847 2808; baseline -0.004 -11"><span class='ocrx_word' id='word_1_201' title='bbox 540 2736 596 2798; x_wconf 89' lang='lat' dir='ltr'><strong>sed</strong></span> <span class='ocrx_word' id='word_1_202' title='bbox 621 2729 804 2794; x_wconf 87' lang='lat' dir='ltr'><strong>naturaliter</strong></span> <span class='ocrx_word' id='word_1_203' title='bbox 821 2729 993 2790; x_wconf 90' lang='lat' dir='ltr'><strong>cohaerere</strong></span> <span class='ocrx_word' id='word_1_204' title='bbox 1011 2738 1101 2790; x_wconf 81' lang='lat' dir='ltr'><strong>extra</strong></span> <span class='ocrx_word' id='word_1_205' title='bbox 1122 2725 1220 2808; x_wconf 87' lang='lat' dir='ltr'><strong>ipsam</strong></span> <span class='ocrx_word' id='word_1_206' title='bbox 1240 2721 1404 2793; x_wconf 71' lang='grc' dir='ltr'><strong>ὑπόθεσιν</strong></span> <span class='ocrx_word' id='word_1_207' title='bbox 1425 2738 1477 2789; x_wconf 85' lang='lat' dir='ltr'><strong>aut</strong></span> <span class='ocrx_word' id='word_1_208' title='bbox 1498 2729 1538 2789; x_wconf 91' lang='lat' dir='ltr'><strong>ab</strong></span> <span class='ocrx_word' id='word_1_209' title='bbox 1560 2739 1689 2792; x_wconf 90' lang='lat' dir='ltr'><strong>oratore</strong></span> <span class='ocrx_word' id='word_1_210' title='bbox 1709 2729 1847 2792; x_wconf 83' lang='lat' dir='ltr'><strong>assumi:</strong></span> 
     </span>
     <span class='ocr_line' id='line_1_23' title="bbox 540 2819 1848 2913; baseline -0.004 -23"><span class='ocrx_word' id='word_1_211' title='bbox 540 2845 728 2913; x_wconf 82' lang='lat' dir='ltr'><strong>qsratnqnam</strong></span> <span class='ocrx_word' id='word_1_212' title='bbox 750 2833 781 2885; x_wconf 92' lang='lat' dir='ltr'><strong>et</strong></span> <span class='ocrx_word' id='word_1_213' title='bbox 802 2841 859 2894; x_wconf 90' lang='lat' dir='ltr'><strong>ea,</strong></span> <span class='ocrx_word' id='word_1_214' title='bbox 894 2839 975 2904; x_wconf 89' lang='lat' dir='ltr'><strong>quae</strong></span> <span class='ocrx_word' id='word_1_215' title='bbox 1004 2830 1094 2881; x_wconf 80' lang='lat' dir='ltr'><strong>extra</strong></span> <span class='ocrx_word' id='word_1_216' title='bbox 1117 2829 1207 2894; x_wconf 92' lang='lat' dir='ltr'><strong>sunt,</strong></span> <span class='ocrx_word' id='word_1_217' title='bbox 1242 2819 1426 2881; x_wconf 87' lang='lat' dir='ltr'><strong>naturaliter</strong></span> <span class='ocrx_word' id='word_1_218' title='bbox 1452 2820 1491 2882; x_wconf 93' lang='lat' dir='ltr'><strong>ab</strong></span> <span class='ocrx_word' id='word_1_219' title='bbox 1521 2831 1652 2884; x_wconf 89' lang='lat' dir='ltr'><strong>oratore</strong></span> <span class='ocrx_word' id='word_1_220' title='bbox 1672 2833 1848 2885; x_wconf 88' lang='lat' dir='ltr'><strong>sumantur.</strong></span> 
     </span>
     <span class='ocr_line' id='line_1_24' title="bbox 505 2911 1849 3008; baseline -0.003 -25"><span class='ocrx_word' id='word_1_221' title='bbox 505 2921 585 3008; x_wconf 43' lang='lat' dir='ltr'><strong>{Et</strong></span> <span class='ocrx_word' id='word_1_222' title='bbox 603 2922 641 2982; x_wconf 88' lang='lat' dir='ltr'><strong>de</strong></span> <span class='ocrx_word' id='word_1_223' title='bbox 664 2919 726 2980; x_wconf 88' lang='lat' dir='ltr'><strong>boc</strong></span> <span class='ocrx_word' id='word_1_224' title='bbox 746 2923 915 2998; x_wconf 89' lang='lat' dir='ltr'><strong>praecepta</strong></span> <span class='ocrx_word' id='word_1_225' title='bbox 931 2912 991 2974; x_wconf 88' lang='lat' dir='ltr'><strong>iam</strong></span> <span class='ocrx_word' id='word_1_226' title='bbox 1011 2912 1162 2975; x_wconf 88' lang='lat' dir='ltr'><strong>dedimus.</strong></span> <span class='ocrx_word' id='word_1_227' title='bbox 1207 2911 1328 2992; x_wconf 85' lang='lat' dir='ltr'><strong>Quarta</strong></span> <span class='ocrx_word' id='word_1_228' title='bbox 1353 2911 1539 2988; x_wconf 80' lang='lat' dir='ltr'><strong>attributio,</strong></span> <span class='ocrx_word' id='word_1_229' title='bbox 1563 2933 1643 2995; x_wconf 75' lang='lat' dir='ltr'><strong>quiae</strong></span> <span class='ocrx_word' id='word_1_230' title='bbox 1663 2919 1849 2980; x_wconf 84' lang='lat' dir='ltr'><strong>consecutio</strong></span> 
     </span>
    </p>
   </div>
   <div class='ocr_carea' id='block_1_5' title="bbox 498 3005 1850 4020">
    <p class='ocr_par' dir='ltr' id='par_1_6' title="bbox 498 3005 1850 4020">
     <span class='ocr_line' id='line_1_25' title="bbox 540 3005 1849 3091; baseline -0.003 -15"><span class='ocrx_word' id='word_1_231' title='bbox 540 3011 741 3085; x_wconf 87' lang='lat' dir='ltr'><strong>nominatur,</strong></span> <span class='ocrx_word' id='word_1_232' title='bbox 771 3007 891 3089; x_wconf 91' lang='lat' dir='ltr'><strong>etipsa</strong></span> <span class='ocrx_word' id='word_1_233' title='bbox 914 3025 951 3068; x_wconf 86' lang='lat' dir='ltr'><strong>ea</strong></span> <span class='ocrx_word' id='word_1_234' title='bbox 972 3015 1074 3084; x_wconf 86' lang='lat' dir='ltr'><strong>tenet,</strong></span> <span class='ocrx_word' id='word_1_235' title='bbox 1098 3026 1179 3091; x_wconf 89' lang='lat' dir='ltr'><strong>quae</strong></span> <span class='ocrx_word' id='word_1_236' title='bbox 1200 3016 1291 3068; x_wconf 84' lang='lat' dir='ltr'><strong>extra</strong></span> <span class='ocrx_word' id='word_1_237' title='bbox 1307 3016 1396 3081; x_wconf 78' lang='lat' dir='ltr'><strong>saint,</strong></span> <span class='ocrx_word' id='word_1_238' title='bbox 1419 3005 1616 3071; x_wconf 86' lang='lat' dir='ltr'><strong>adhaerentia</strong></span> <span class='ocrx_word' id='word_1_239' title='bbox 1632 3018 1734 3069; x_wconf 89' lang='lat' dir='ltr'><strong>tamen</strong></span> <span class='ocrx_word' id='word_1_240' title='bbox 1754 3011 1849 3072; x_wconf 88' lang='lat' dir='ltr'><strong>rebus</strong></span> 
     </span>
     <span class='ocr_line' id='line_1_26' title="bbox 498 3099 1850 3191; baseline -0.003 -23"><span class='ocrx_word' id='word_1_241' title='bbox 498 3105 679 3191; x_wconf 81' lang='lat' dir='ltr'><strong>asnegotii3</strong></span> <span class='ocrx_word' id='word_1_242' title='bbox 715 3121 796 3186; x_wconf 88' lang='lat' dir='ltr'><strong>quae</strong></span> <span class='ocrx_word' id='word_1_243' title='bbox 817 3121 883 3164; x_wconf 91' lang='lat' dir='ltr'><strong>non</strong></span> <span class='ocrx_word' id='word_1_244' title='bbox 903 3100 943 3160; x_wconf 88' lang='lat' dir='ltr'><strong>ab</strong></span> <span class='ocrx_word' id='word_1_245' title='bbox 966 3109 1096 3162; x_wconf 91' lang='lat' dir='ltr'><strong>oratore</strong></span> <span class='ocrx_word' id='word_1_246' title='bbox 1122 3119 1162 3161; x_wconf 84' lang='lat' dir='ltr'><strong>ex</strong></span> <span class='ocrx_word' id='word_1_247' title='bbox 1182 3099 1345 3160; x_wconf 90' lang='lat' dir='ltr'><strong>voluntate</strong></span> <span class='ocrx_word' id='word_1_248' title='bbox 1372 3110 1557 3174; x_wconf 79' lang='lat' dir='ltr'><strong>sumantur,</strong></span> <span class='ocrx_word' id='word_1_249' title='bbox 1594 3102 1649 3161; x_wconf 90' lang='lat' dir='ltr'><strong>sed</strong></span> <span class='ocrx_word' id='word_1_250' title='bbox 1670 3100 1850 3183; x_wconf 87' lang='lat' dir='ltr'><strong>quaeipsis</strong></span> 
     </span>
     <span class='ocr_line' id='line_1_27' title="bbox 539 3189 1848 3279; baseline -0.003 -17"><span class='ocrx_word' id='word_1_251' title='bbox 539 3200 636 3262; x_wconf 81' lang='lat' dir='ltr'><strong>rebus</strong></span> <span class='ocrx_word' id='word_1_252' title='bbox 660 3193 782 3279; x_wconf 89' lang='lat' dir='ltr'><strong>negotii</strong></span> <span class='ocrx_word' id='word_1_253' title='bbox 810 3189 1039 3256; x_wconf 87' lang='lat' dir='ltr'><strong>rationabiliter</strong></span> <span class='ocrx_word' id='word_1_254' title='bbox 1062 3190 1245 3254; x_wconf 88' lang='lat' dir='ltr'><strong>acciderint.</strong></span> <span class='ocrx_word' id='word_1_255' title='bbox 1288 3193 1339 3254; x_wconf 86' lang='lat' dir='ltr'><strong>Ac</strong></span> <span class='ocrx_word' id='word_1_256' title='bbox 1370 3211 1473 3272; x_wconf 89' lang='lat' dir='ltr'><strong>prope</strong></span> <span class='ocrx_word' id='word_1_257' title='bbox 1497 3211 1533 3254; x_wconf 91' lang='lat' dir='ltr'><strong>ea</strong></span> <span class='ocrx_word' id='word_1_258' title='bbox 1560 3191 1681 3267; x_wconf 89' lang='lat' dir='ltr'><strong>omnia,</strong></span> <span class='ocrx_word' id='word_1_259' title='bbox 1707 3215 1787 3278; x_wconf 86' lang='lat' dir='ltr'><strong>qnae</strong></span> <span class='ocrx_word' id='word_1_260' title='bbox 1815 3194 1848 3258; x_wconf 88' lang='lat' dir='ltr'><strong>in</strong></span> 
     </span>
     <span class='ocr_line' id='line_1_28' title="bbox 541 3282 1848 3374; baseline -0.002 -21"><span class='ocrx_word' id='word_1_261' title='bbox 541 3301 651 3374; x_wconf 84' lang='lat' dir='ltr'><strong>qrrarta</strong></span> <span class='ocrx_word' id='word_1_262' title='bbox 673 3285 876 3350; x_wconf 88' lang='lat' dir='ltr'><strong>attributione</strong></span> <span class='ocrx_word' id='word_1_263' title='bbox 898 3283 941 3362; x_wconf 89' lang='lat' dir='ltr'><strong>(in</strong></span> <span class='ocrx_word' id='word_1_264' title='bbox 957 3283 1195 3360; x_wconf 89' lang='lat' dir='ltr'><strong>consecutione)</strong></span> <span class='ocrx_word' id='word_1_265' title='bbox 1215 3295 1307 3360; x_wconf 73' lang='lat' dir='ltr'><strong>stunt,</strong></span> <span class='ocrx_word' id='word_1_266' title='bbox 1331 3282 1362 3346; x_wconf 84' lang='lat' dir='ltr'><strong>id</strong></span> <span class='ocrx_word' id='word_1_267' title='bbox 1379 3285 1522 3347; x_wconf 90' lang='lat' dir='ltr'><strong>videntur</strong></span> <span class='ocrx_word' id='word_1_268' title='bbox 1536 3305 1623 3361; x_wconf 88' lang='lat' dir='ltr'><strong>esse,</strong></span> <span class='ocrx_word' id='word_1_269' title='bbox 1647 3291 1734 3370; x_wconf 89' lang='lat' dir='ltr'><strong>quod</strong></span> <span class='ocrx_word' id='word_1_270' title='bbox 1749 3309 1848 3351; x_wconf 66' lang='lat' dir='ltr'><strong>eren»</strong></span> 
     </span>
     <span class='ocr_line' id='line_1_29' title="bbox 541 3375 1847 3452; baseline -0.001 -7"><span class='ocrx_word' id='word_1_271' title='bbox 541 3395 605 3445; x_wconf 89' lang='lat' dir='ltr'><strong>tus.</strong></span> <span class='ocrx_word' id='word_1_272' title='bbox 648 3382 771 3444; x_wconf 89' lang='lat' dir='ltr'><strong>Verum</strong></span> <span class='ocrx_word' id='word_1_273' title='bbox 792 3388 922 3441; x_wconf 86' lang='lat' dir='ltr'><strong>eventus</strong></span> <span class='ocrx_word' id='word_1_274' title='bbox 948 3375 1034 3440; x_wconf 91' lang='lat' dir='ltr'><strong>aliud</strong></span> <span class='ocrx_word' id='word_1_275' title='bbox 1055 3387 1122 3452; x_wconf 91' lang='lat' dir='ltr'><strong>est,</strong></span> <span class='ocrx_word' id='word_1_276' title='bbox 1148 3376 1232 3440; x_wconf 89' lang='lat' dir='ltr'><strong>aliud</strong></span> <span class='ocrx_word' id='word_1_277' title='bbox 1252 3377 1435 3442; x_wconf 88' lang='lat' dir='ltr'><strong>consecutio</strong></span> <span class='ocrx_word' id='word_1_278' title='bbox 1454 3378 1505 3442; x_wconf 89' lang='lat' dir='ltr'><strong>vel</strong></span> <span class='ocrx_word' id='word_1_279' title='bbox 1526 3399 1578 3442; x_wconf 90' lang='lat' dir='ltr'><strong>res</strong></span> <span class='ocrx_word' id='word_1_280' title='bbox 1600 3379 1847 3444; x_wconf 88' lang='lat' dir='ltr'><strong>consecutionis.</strong></span> 
     </span>
     <span class='ocr_line' id='line_1_30' title="bbox 542 3467 1849 3556; baseline 0 -20"><span class='ocrx_word' id='word_1_281' title='bbox 542 3472 667 3537; x_wconf 86' lang='lat' dir='ltr'><strong>Etenim</strong></span> <span class='ocrx_word' id='word_1_282' title='bbox 691 3482 822 3535; x_wconf 83' lang='lat' dir='ltr'><strong>eventus</strong></span> <span class='ocrx_word' id='word_1_283' title='bbox 842 3467 1053 3532; x_wconf 89' lang='lat' dir='ltr'><strong>consideratio</strong></span> <span class='ocrx_word' id='word_1_284' title='bbox 1076 3481 1125 3534; x_wconf 92' lang='lat' dir='ltr'><strong>est</strong></span> <span class='ocrx_word' id='word_1_285' title='bbox 1143 3491 1183 3532; x_wconf 82' lang='lat' dir='ltr'><strong>es</strong></span> <span class='ocrx_word' id='word_1_286' title='bbox 1208 3474 1340 3555; x_wconf 83' lang='lat' dir='ltr'><strong>qtradam</strong></span> <span class='ocrx_word' id='word_1_287' title='bbox 1363 3483 1473 3534; x_wconf 87' lang='lat' dir='ltr'><strong>natura</strong></span> <span class='ocrx_word' id='word_1_288' title='bbox 1495 3493 1618 3547; x_wconf 88' lang='lat' dir='ltr'><strong>rerum,</strong></span> <span class='ocrx_word' id='word_1_289' title='bbox 1642 3493 1703 3556; x_wconf 89' lang='lat' dir='ltr'><strong>qua</strong></span> <span class='ocrx_word' id='word_1_290' title='bbox 1722 3473 1849 3555; x_wconf 90' lang='lat' dir='ltr'><strong>perspi-</strong></span> 
     </span>
     <span class='ocr_line' id='line_1_31' title="bbox 500 3562 1849 3647; baseline 0.001 -20"><span class='ocrx_word' id='word_1_291' title='bbox 500 3591 532 3640; x_wconf 76' lang='lat'><strong>30</strong></span> <span class='ocrx_word' id='word_1_292' title='bbox 542 3567 641 3642; x_wconf 84' lang='lat' dir='ltr'><strong>citur,</strong></span> <span class='ocrx_word' id='word_1_293' title='bbox 664 3563 739 3647; x_wconf 89' lang='lat' dir='ltr'><strong>quid</strong></span> <span class='ocrx_word' id='word_1_294' title='bbox 762 3584 803 3626; x_wconf 83' lang='lat' dir='ltr'><strong>ex</strong></span> <span class='ocrx_word' id='word_1_295' title='bbox 824 3581 948 3645; x_wconf 87' lang='lat' dir='ltr'><strong>quaque</strong></span> <span class='ocrx_word' id='word_1_296' title='bbox 969 3581 1004 3623; x_wconf 86' lang='lat' dir='ltr'><strong>re</strong></span> <span class='ocrx_word' id='word_1_297' title='bbox 1025 3562 1185 3639; x_wconf 81' lang='lat' dir='ltr'><strong>evenerit,</strong></span> <span class='ocrx_word' id='word_1_298' title='bbox 1210 3564 1350 3641; x_wconf 83' lang='lat' dir='ltr'><strong>eveniat,</strong></span> <span class='ocrx_word' id='word_1_299' title='bbox 1379 3577 1562 3626; x_wconf 85' lang='lat' dir='ltr'><strong>eventurum</strong></span> <span class='ocrx_word' id='word_1_300' title='bbox 1580 3563 1635 3628; x_wconf 92' lang='lat' dir='ltr'><strong>sit.</strong></span> <span class='ocrx_word' id='word_1_301' title='bbox 1679 3567 1716 3628; x_wconf 90' lang='lat' dir='ltr'><strong>ln</strong></span> <span class='ocrx_word' id='word_1_302' title='bbox 1737 3587 1849 3630; x_wconf 88' lang='lat' dir='ltr'><strong>conse·</strong></span> 
     </span>
     <span class='ocr_line' id='line_1_32' title="bbox 542 3655 1849 3742; baseline -0.001 -21"><span class='ocrx_word' id='word_1_303' title='bbox 542 3658 669 3721; x_wconf 87' lang='lat' dir='ltr'><strong>cutione</strong></span> <span class='ocrx_word' id='word_1_304' title='bbox 699 3667 801 3718; x_wconf 90' lang='lat' dir='ltr'><strong>autem</strong></span> <span class='ocrx_word' id='word_1_305' title='bbox 832 3675 895 3716; x_wconf 91' lang='lat' dir='ltr'><strong>non</strong></span> <span class='ocrx_word' id='word_1_306' title='bbox 924 3673 964 3715; x_wconf 86' lang='lat' dir='ltr'><strong>ex</strong></span> <span class='ocrx_word' id='word_1_307' title='bbox 993 3655 1088 3715; x_wconf 91' lang='lat' dir='ltr'><strong>rebus</strong></span> <span class='ocrx_word' id='word_1_308' title='bbox 1124 3655 1199 3742; x_wconf 81' lang='lat' dir='ltr'><strong>qttid</strong></span> <span class='ocrx_word' id='word_1_309' title='bbox 1228 3658 1367 3733; x_wconf 83' lang='lat' dir='ltr'><strong>eveniat,</strong></span> <span class='ocrx_word' id='word_1_310' title='bbox 1406 3668 1520 3720; x_wconf 89' lang='lat' dir='ltr'><strong>tractat</strong></span> <span class='ocrx_word' id='word_1_311' title='bbox 1546 3669 1672 3732; x_wconf 85' lang='lat' dir='ltr'><strong>orator,</strong></span> <span class='ocrx_word' id='word_1_312' title='bbox 1696 3659 1752 3720; x_wconf 88' lang='lat' dir='ltr'><strong>sed</strong></span> <span class='ocrx_word' id='word_1_313' title='bbox 1773 3661 1849 3741; x_wconf 81' lang='lat' dir='ltr'><strong>qsrid</strong></span> 
     </span>
     <span class='ocr_line' id='line_1_33' title="bbox 537 3743 1849 3833; baseline -0.002 -16"><span class='ocrx_word' id='word_1_314' title='bbox 537 3745 641 3817; x_wconf 60' lang='lat' dir='ltr'><strong>&#39;rebus</strong></span> <span class='ocrx_word' id='word_1_315' title='bbox 664 3746 804 3822; x_wconf 84' lang='lat' dir='ltr'><strong>eveniat;</strong></span> <span class='ocrx_word' id='word_1_316' title='bbox 833 3746 952 3822; x_wconf 89' lang='lat' dir='ltr'><strong>idest,</strong></span> <span class='ocrx_word' id='word_1_317' title='bbox 977 3743 1051 3825; x_wconf 88' lang='lat' dir='ltr'><strong>quid</strong></span> <span class='ocrx_word' id='word_1_318' title='bbox 1071 3749 1168 3811; x_wconf 91' lang='lat' dir='ltr'><strong>rebus</strong></span> <span class='ocrx_word' id='word_1_319' title='bbox 1188 3750 1362 3833; x_wconf 87' lang='lat' dir='ltr'><strong>contingat.</strong></span> <span class='ocrx_word' id='word_1_320' title='bbox 1406 3749 1546 3825; x_wconf 82' lang='lat' dir='ltr'><strong>Deinde,</strong></span> <span class='ocrx_word' id='word_1_321' title='bbox 1571 3761 1657 3831; x_wconf 87' lang='lat' dir='ltr'><strong>qstod</strong></span> <span class='ocrx_word' id='word_1_322' title='bbox 1679 3750 1709 3812; x_wconf 92' lang='lat' dir='ltr'><strong>in</strong></span> <span class='ocrx_word' id='word_1_323' title='bbox 1731 3763 1849 3814; x_wconf 83' lang='lat' dir='ltr'><strong>eventu</strong></span> 
     </span>
     <span class='ocr_line' id='line_1_34' title="bbox 541 3839 1847 3922; baseline -0.003 -14"><span class='ocrx_word' id='word_1_324' title='bbox 541 3846 605 3908; x_wconf 89' lang='lat' dir='ltr'><strong>dno</strong></span> <span class='ocrx_word' id='word_1_325' title='bbox 627 3853 716 3915; x_wconf 90' lang='lat' dir='ltr'><strong>sunt;</strong></span> <span class='ocrx_word' id='word_1_326' title='bbox 750 3851 784 3903; x_wconf 95' lang='lat' dir='ltr'><strong>ut</strong></span> <span class='ocrx_word' id='word_1_327' title='bbox 806 3839 987 3922; x_wconf 88' lang='lat' dir='ltr'><strong>arrogantia</strong></span> <span class='ocrx_word' id='word_1_328' title='bbox 1007 3841 1183 3904; x_wconf 87' lang='lat' dir='ltr'><strong>etodium:</strong></span> <span class='ocrx_word' id='word_1_329' title='bbox 1220 3842 1251 3904; x_wconf 94' lang='lat' dir='ltr'><strong>in</strong></span> <span class='ocrx_word' id='word_1_330' title='bbox 1276 3846 1336 3905; x_wconf 87' lang='lat' dir='ltr'><strong>bac</strong></span> <span class='ocrx_word' id='word_1_331' title='bbox 1355 3843 1578 3910; x_wconf 89' lang='lat' dir='ltr'><strong>consecutione</strong></span> <span class='ocrx_word' id='word_1_332' title='bbox 1605 3864 1712 3906; x_wconf 82' lang='lat' dir='ltr'><strong>unuua.</strong></span> <span class='ocrx_word' id='word_1_333' title='bbox 1767 3845 1847 3906; x_wconf 79' lang='lat' dir='ltr'><strong>llam</strong></span> 
     </span>
     <span class='ocr_line' id='line_1_35' title="bbox 539 3933 1846 4020; baseline -0.003 -20"><span class='ocrx_word' id='word_1_334' title='bbox 539 3937 602 4020; x_wconf 89' lang='lat' dir='ltr'><strong>ipsi</strong></span> <span class='ocrx_word' id='word_1_335' title='bbox 619 3937 705 3998; x_wconf 83' lang='lat' dir='ltr'><strong>iacto</strong></span> <span class='ocrx_word' id='word_1_336' title='bbox 727 3933 910 3997; x_wconf 88' lang='lat' dir='ltr'><strong>consecutio</strong></span> <span class='ocrx_word' id='word_1_337' title='bbox 925 3943 991 4008; x_wconf 87' lang='lat' dir='ltr'><strong>cst,</strong></span> <span class='ocrx_word' id='word_1_338' title='bbox 1014 3935 1101 4017; x_wconf 89' lang='lat' dir='ltr'><strong>quod</strong></span> <span class='ocrx_word' id='word_1_339' title='bbox 1124 3937 1174 3998; x_wconf 84' lang='lat' dir='ltr'><strong>vel</strong></span> <span class='ocrx_word' id='word_1_340' title='bbox 1188 3957 1264 4000; x_wconf 90' lang='lat' dir='ltr'><strong>raro</strong></span> <span class='ocrx_word' id='word_1_341' title='bbox 1281 3938 1330 3999; x_wconf 86' lang='lat' dir='ltr'><strong>vel</strong></span> <span class='ocrx_word' id='word_1_342' title='bbox 1345 3935 1528 4019; x_wconf 75' lang='lat' dir='ltr'><strong>frequenter</strong></span> <span class='ocrx_word' id='word_1_343' title='bbox 1547 3935 1593 3998; x_wconf 87' lang='lat' dir='ltr'><strong>lit.</strong></span> <span class='ocrx_word' id='word_1_344' title='bbox 1638 3937 1727 3998; x_wconf 86' lang='lat' dir='ltr'><strong>Haec</strong></span> <span class='ocrx_word' id='word_1_345' title='bbox 1743 3946 1846 3997; x_wconf 87' lang='lat' dir='ltr'><strong>autem</strong></span> 
     </span>
    </p>
   </div>
   <div class='ocr_carea' id='block_1_6' title="bbox 500 4025 1955 4111">
    <p class='ocr_par' dir='ltr' id='par_1_7' title="bbox 500 4025 1955 4111">
     <span class='ocr_line' id='line_1_36' title="bbox 500 4025 1955 4111; baseline 0.001 -24"><span class='ocrx_word' id='word_1_346' title='bbox 500 4029 645 4094; x_wconf 76' lang='lat' dir='ltr'><strong>at&#39;osunia</strong></span> <span class='ocrx_word' id='word_1_347' title='bbox 666 4027 821 4092; x_wconf 88' lang='lat' dir='ltr'><strong>collocata</strong></span> <span class='ocrx_word' id='word_1_348' title='bbox 840 4025 956 4088; x_wconf 87' lang='lat' dir='ltr'><strong>suntin</strong></span> <span class='ocrx_word' id='word_1_349' title='bbox 974 4027 1034 4087; x_wconf 89' lang='lat' dir='ltr'><strong>bac</strong></span> <span class='ocrx_word' id='word_1_350' title='bbox 1055 4028 1293 4092; x_wconf 88' lang='lat' dir='ltr'><strong>consecutione.</strong></span> <span class='ocrx_word' id='word_1_351' title='bbox 1336 4032 1403 4093; x_wconf 88' lang='lat' dir='ltr'><strong>Aut</strong></span> <span class='ocrx_word' id='word_1_352' title='bbox 1419 4050 1532 4092; x_wconf 83' lang='lat' dir='ltr'><strong>nomen</strong></span> <span class='ocrx_word' id='word_1_353' title='bbox 1553 4027 1708 4111; x_wconf 87' lang='lat' dir='ltr'><strong>contingit</strong></span> <span class='ocrx_word' id='word_1_354' title='bbox 1730 4029 1846 4100; x_wconf 87' lang='lat' dir='ltr'><strong>rebus;</strong></span> <span class='ocrx_word' id='word_1_355' title='bbox 1954 4025 1955 4033; x_wconf 73' lang='grc'>’</span> 
     </span>
    </p>
   </div>
   <div class='ocr_carea' id='block_1_7' title="bbox 540 4119 1847 4298">
    <p class='ocr_par' dir='ltr' id='par_1_8' title="bbox 540 4119 1847 4298">
     <span class='ocr_line' id='line_1_37' title="bbox 540 4119 1847 4204; baseline -0.005 -17"><span class='ocrx_word' id='word_1_356' title='bbox 540 4124 717 4198; x_wconf 82' lang='lat' dir='ltr'><strong>imitator,</strong></span> <span class='ocrx_word' id='word_1_357' title='bbox 741 4120 915 4190; x_wconf 82' lang='lat' dir='ltr'><strong>inuentor·,·</strong></span> <span class='ocrx_word' id='word_1_358' title='bbox 937 4119 987 4181; x_wconf 87' lang='lat' dir='ltr'><strong>lex</strong></span> <span class='ocrx_word' id='word_1_359' title='bbox 1009 4122 1047 4181; x_wconf 91' lang='lat' dir='ltr'><strong>de</strong></span> <span class='ocrx_word' id='word_1_360' title='bbox 1072 4119 1140 4202; x_wconf 85' lang='lat' dir='ltr'><strong>ipsa</strong></span> <span class='ocrx_word' id='word_1_361' title='bbox 1161 4142 1214 4196; x_wconf 87' lang='lat' dir='ltr'><strong>re;</strong></span> <span class='ocrx_word' id='word_1_362' title='bbox 1238 4125 1451 4200; x_wconf 86' lang='lat' dir='ltr'><strong>consuetudo,</strong></span> <span class='ocrx_word' id='word_1_363' title='bbox 1475 4135 1618 4204; x_wconf 86' lang='lat' dir='ltr'><strong>paetum,</strong></span> <span class='ocrx_word' id='word_1_364' title='bbox 1642 4132 1676 4182; x_wconf 91' lang='lat' dir='ltr'><strong>ut</strong></span> <span class='ocrx_word' id='word_1_365' title='bbox 1696 4119 1847 4202; x_wconf 73' lang='lat' dir='ltr'><strong>frequen·</strong></span> 
     </span>
     <span class='ocr_line' id='line_1_38' title="bbox 540 4211 1846 4298; baseline -0.005 -19"><span class='ocrx_word' id='word_1_366' title='bbox 540 4229 590 4280; x_wconf 90' lang='lat' dir='ltr'><strong>ter</strong></span> <span class='ocrx_word' id='word_1_367' title='bbox 611 4217 665 4278; x_wconf 90' lang='lat' dir='ltr'><strong>liat</strong></span> <span class='ocrx_word' id='word_1_368' title='bbox 686 4214 738 4278; x_wconf 87' lang='lat' dir='ltr'><strong>vcl</strong></span> <span class='ocrx_word' id='word_1_369' title='bbox 762 4235 824 4276; x_wconf 92' lang='lat' dir='ltr'><strong>non</strong></span> <span class='ocrx_word' id='word_1_370' title='bbox 846 4211 1044 4295; x_wconf 77' lang='lat' dir='ltr'><strong>frequenter.</strong></span> <span class='ocrx_word' id='word_1_371' title='bbox 1087 4213 1213 4276; x_wconf 88' lang='lat' dir='ltr'><strong>Utilitas</strong></span> <span class='ocrx_word' id='word_1_372' title='bbox 1235 4215 1291 4298; x_wconf 87' lang='lat' dir='ltr'><strong>rel·</strong></span> <span class='ocrx_word' id='word_1_373' title='bbox 1304 4217 1454 4281; x_wconf 88' lang='lat' dir='ltr'><strong>honestas</strong></span> <span class='ocrx_word' id='word_1_374' title='bbox 1470 4225 1501 4277; x_wconf 93' lang='lat' dir='ltr'><strong>et</strong></span> <span class='ocrx_word' id='word_1_375' title='bbox 1522 4225 1628 4278; x_wconf 87' lang='lat' dir='ltr'><strong>cetera</strong></span> <span class='ocrx_word' id='word_1_376' title='bbox 1649 4234 1777 4298; x_wconf 87' lang='lat' dir='ltr'><strong>quoqne</strong></span> <span class='ocrx_word' id='word_1_377' title='bbox 1799 4215 1846 4290; x_wconf 92' lang='lat' dir='ltr'><strong>(ut</strong></span> 
     </span>
    </p>
   </div>
   <div class='ocr_carea' id='block_1_8' title="bbox 541 4306 1952 4390">
    <p class='ocr_par' dir='ltr' id='par_1_9' title="bbox 541 4306 1952 4390">
     <span class='ocr_line' id='line_1_39' title="bbox 541 4306 1952 4390; baseline -0.003 -18"><span class='ocrx_word' id='word_1_378' title='bbox 541 4310 619 4388; x_wconf 78' lang='lat' dir='ltr'><strong>dini)</strong></span> <span class='ocrx_word' id='word_1_379' title='bbox 631 4312 724 4372; x_wconf 89' lang='lat' dir='ltr'><strong>rebus</strong></span> <span class='ocrx_word' id='word_1_380' title='bbox 739 4306 903 4381; x_wconf 84' lang='lat' dir='ltr'><strong>accidunt;</strong></span> <span class='ocrx_word' id='word_1_381' title='bbox 925 4326 989 4369; x_wconf 90' lang='lat' dir='ltr'><strong>non</strong></span> <span class='ocrx_word' id='word_1_382' title='bbox 1003 4326 1044 4367; x_wconf 82' lang='lat' dir='ltr'><strong>ea</strong></span> <span class='ocrx_word' id='word_1_383' title='bbox 1059 4309 1153 4370; x_wconf 86' lang='lat' dir='ltr'><strong>rebus</strong></span> <span class='ocrx_word' id='word_1_384' title='bbox 1167 4306 1260 4389; x_wconf 87' lang='lat' dir='ltr'><strong>ipsis,</strong></span> <span class='ocrx_word' id='word_1_385' title='bbox 1277 4309 1332 4370; x_wconf 84' lang='lat' dir='ltr'><strong>sed</strong></span> <span class='ocrx_word' id='word_1_386' title='bbox 1344 4309 1382 4369; x_wconf 90' lang='lat' dir='ltr'><strong>ad</strong></span> <span class='ocrx_word' id='word_1_387' title='bbox 1394 4327 1445 4370; x_wconf 92' lang='lat' dir='ltr'><strong>res</strong></span> <span class='ocrx_word' id='word_1_388' title='bbox 1459 4307 1545 4389; x_wconf 90' lang='lat' dir='ltr'><strong>ipsas</strong></span> <span class='ocrx_word' id='word_1_389' title='bbox 1556 4309 1687 4390; x_wconf 88' lang='lat' dir='ltr'><strong>quadam</strong></span> <span class='ocrx_word' id='word_1_390' title='bbox 1704 4306 1847 4390; x_wconf 79' lang='lat' dir='ltr'><strong>gestione</strong></span> <span class='ocrx_word' id='word_1_391' title='bbox 1951 4373 1952 4389; x_wconf 59' lang='lat'><strong>.</strong></span> 
     </span>
    </p>
   </div>
   <div class='ocr_carea' id='block_1_9' title="bbox 541 4403 745 4486">
    <p class='ocr_par' dir='ltr' id='par_1_10' title="bbox 541 4403 745 4486">
     <span class='ocr_line' id='line_1_40' title="bbox 541 4403 745 4486; baseline 0 -22"><span class='ocrx_word' id='word_1_392' title='bbox 541 4403 745 4486; x_wconf 85' lang='lat' dir='ltr'><strong>proveniunt.</strong></span> 
     </span>
    </p>
   </div>
   <div class='ocr_carea' id='block_1_10' title="bbox 541 4506 1846 4958">
    <p class='ocr_par' dir='ltr' id='par_1_11' title="bbox 616 4506 1233 4582">
     <span class='ocr_line' id='line_1_41' title="bbox 616 4506 1233 4582; baseline -0.002 -21"><span class='ocrx_word' id='word_1_393' title='bbox 616 4518 661 4566; x_wconf 78' lang='lat'><strong>12.</strong></span> <span class='ocrx_word' id='word_1_394' title='bbox 681 4513 775 4582; x_wconf 84' lang='lat' dir='ltr'><strong>atque]</strong></span> <span class='ocrx_word' id='word_1_395' title='bbox 796 4509 865 4561; x_wconf 82' lang='lat' dir='ltr'><strong>eod.</strong></span> <span class='ocrx_word' id='word_1_396' title='bbox 886 4515 948 4561; x_wconf 79' lang='lat' dir='ltr'><strong>liat.</strong></span> <span class='ocrx_word' id='word_1_397' title='bbox 971 4535 1004 4550; x_wconf 91' lang='lat'>-</span> <span class='ocrx_word' id='word_1_398' title='bbox 1023 4515 1073 4558; x_wconf 81' lang='lat' dir='ltr'><strong>ant</strong></span> <span class='ocrx_word' id='word_1_399' title='bbox 1091 4506 1161 4560; x_wconf 79' lang='lat' dir='ltr'><strong>Edi.</strong></span> <span class='ocrx_word' id='word_1_400' title='bbox 1180 4508 1233 4560; x_wconf 86' lang='lat' dir='ltr'><strong>On.</strong></span> 
     </span>
    </p>

    <p class='ocr_par' dir='ltr' id='par_1_12' title="bbox 614 4578 1729 4654">
     <span class='ocr_line' id='line_1_42' title="bbox 614 4578 1729 4654; baseline 0.002 -21"><span class='ocrx_word' id='word_1_401' title='bbox 614 4589 660 4642; x_wconf 79' lang='lat'><strong>17.</strong></span> <span class='ocrx_word' id='word_1_402' title='bbox 679 4603 748 4653; x_wconf 76' lang='lat' dir='ltr'><strong>qnae</strong></span> <span class='ocrx_word' id='word_1_403' title='bbox 766 4583 816 4633; x_wconf 86' lang='lat' dir='ltr'><strong>snb</strong></span> <span class='ocrx_word' id='word_1_404' title='bbox 834 4579 949 4634; x_wconf 60' lang='lat' dir='ltr'><strong>eankrn</strong></span> <span class='ocrx_word' id='word_1_405' title='bbox 967 4588 1107 4634; x_wconf 83' lang='lat' dir='ltr'><strong>rationem</strong></span> <span class='ocrx_word' id='word_1_406' title='bbox 1125 4581 1240 4652; x_wconf 77' lang='lat' dir='ltr'><strong>cedreni]</strong></span> <span class='ocrx_word' id='word_1_407' title='bbox 1261 4583 1359 4654; x_wconf 78' lang='lat' dir='ltr'><strong>begere</strong></span> <span class='ocrx_word' id='word_1_408' title='bbox 1379 4579 1490 4634; x_wconf 81' lang='lat' dir='ltr'><strong>mallem</strong></span> <span class='ocrx_word' id='word_1_409' title='bbox 1510 4578 1623 4636; x_wconf 59' lang='lat' dir='ltr'><strong>edant.</strong></span> <span class='ocrx_word' id='word_1_410' title='bbox 1641 4578 1729 4636; x_wconf 76' lang='lat' dir='ltr'><strong>Cara.</strong></span> 
     </span>
    </p>

    <p class='ocr_par' dir='ltr' id='par_1_13' title="bbox 613 4654 1504 4730">
     <span class='ocr_line' id='line_1_43' title="bbox 613 4654 1504 4730; baseline -0.002 -20"><span class='ocrx_word' id='word_1_411' title='bbox 613 4665 659 4716; x_wconf 79' lang='grc'><strong>22.</strong></span> <span class='ocrx_word' id='word_1_412' title='bbox 679 4663 777 4726; x_wconf 73' lang='lat' dir='ltr'><strong>extra]</strong></span> <span class='ocrx_word' id='word_1_413' title='bbox 796 4656 864 4710; x_wconf 80' lang='lat' dir='ltr'><strong>cod.</strong></span> <span class='ocrx_word' id='word_1_414' title='bbox 884 4657 947 4710; x_wconf 84' lang='lat' dir='ltr'><strong>Bas.</strong></span> <span class='ocrx_word' id='word_1_415' title='bbox 969 4660 1031 4710; x_wconf 77' lang='lat' dir='ltr'><strong>Aac.</strong></span> <span class='ocrx_word' id='word_1_416' title='bbox 1051 4661 1091 4711; x_wconf 83' lang='lat' dir='ltr'><strong>St.</strong></span> <span class='ocrx_word' id='word_1_417' title='bbox 1112 4655 1174 4710; x_wconf 78' lang='lat' dir='ltr'><strong>nid.</strong></span> <span class='ocrx_word' id='word_1_418' title='bbox 1194 4683 1230 4699; x_wconf 89' lang='lat'>-</span> <span class='ocrx_word' id='word_1_419' title='bbox 1249 4667 1327 4708; x_wconf 82' lang='lat' dir='ltr'><strong>certa</strong></span> <span class='ocrx_word' id='word_1_420' title='bbox 1346 4657 1431 4730; x_wconf 89' lang='lat' dir='ltr'><strong>Capp.</strong></span> <span class='ocrx_word' id='word_1_421' title='bbox 1450 4654 1504 4708; x_wconf 82' lang='lat' dir='ltr'><strong>Oa.</strong></span> 
     </span>
    </p>

    <p class='ocr_par' dir='ltr' id='par_1_14' title="bbox 615 4729 1413 4798">
     <span class='ocr_line' id='line_1_44' title="bbox 615 4729 1413 4798; baseline 0 -14"><span class='ocrx_word' id='word_1_422' title='bbox 615 4739 661 4792; x_wconf 89' lang='grc'><strong>26.</strong></span> <span class='ocrx_word' id='word_1_423' title='bbox 680 4733 847 4798; x_wconf 82' lang='lat' dir='ltr'><strong>acciderint]</strong></span> <span class='ocrx_word' id='word_1_424' title='bbox 867 4730 935 4784; x_wconf 81' lang='lat' dir='ltr'><strong>eod.</strong></span> <span class='ocrx_word' id='word_1_425' title='bbox 954 4731 1017 4784; x_wconf 72' lang='lat' dir='ltr'><strong>Bra.</strong></span> <span class='ocrx_word' id='word_1_426' title='bbox 1039 4759 1070 4774; x_wconf 66' lang='grc' dir='ltr'><strong>σ-</strong></span> <span class='ocrx_word' id='word_1_427' title='bbox 1090 4731 1252 4782; x_wconf 80' lang='lat' dir='ltr'><strong>acciderunt</strong></span> <span class='ocrx_word' id='word_1_428' title='bbox 1271 4729 1339 4785; x_wconf 77' lang='lat' dir='ltr'><strong>Edd.</strong></span> <span class='ocrx_word' id='word_1_429' title='bbox 1360 4731 1413 4784; x_wconf 88' lang='lat' dir='ltr'><strong>Oa.</strong></span> 
     </span>
    </p>

    <p class='ocr_par' dir='ltr' id='par_1_15' title="bbox 541 4799 1846 4958">
     <span class='ocr_line' id='line_1_45' title="bbox 614 4799 1846 4879; baseline -0.002 -21"><span class='ocrx_word' id='word_1_430' title='bbox 614 4814 659 4864; x_wconf 82' lang='lat'><strong>27.</strong></span> <span class='ocrx_word' id='word_1_431' title='bbox 677 4826 746 4879; x_wconf 81' lang='lat' dir='ltr'><strong>quae</strong></span> <span class='ocrx_word' id='word_1_432' title='bbox 774 4811 804 4857; x_wconf 86' lang='lat' dir='ltr'><strong>t&#39;n</strong></span> <span class='ocrx_word' id='word_1_433' title='bbox 828 4814 931 4876; x_wconf 79' lang='lat' dir='ltr'><strong>quarto</strong></span> <span class='ocrx_word' id='word_1_434' title='bbox 958 4806 1141 4857; x_wconf 81' lang='lat' dir='ltr'><strong>attributione</strong></span> <span class='ocrx_word' id='word_1_435' title='bbox 1170 4811 1200 4857; x_wconf 90' lang='lat' dir='ltr'><strong>in</strong></span> <span class='ocrx_word' id='word_1_436' title='bbox 1224 4811 1415 4859; x_wconf 84' lang='lat' dir='ltr'><strong>consecutione</strong></span> <span class='ocrx_word' id='word_1_437' title='bbox 1441 4807 1516 4872; x_wconf 74' lang='lat' dir='ltr'><strong>arant]</strong></span> <span class='ocrx_word' id='word_1_438' title='bbox 1545 4799 1585 4862; x_wconf 79' lang='grc' dir='ltr'><strong>τὰ</strong></span> <span class='ocrx_word' id='word_1_439' title='bbox 1604 4807 1634 4854; x_wconf 83' lang='lat' dir='ltr'><strong>in</strong></span> <span class='ocrx_word' id='word_1_440' title='bbox 1653 4809 1846 4856; x_wconf 81' lang='lat' dir='ltr'><strong>consecratione</strong></span> 
     </span>
     <span class='ocr_line' id='line_1_46' title="bbox 541 4879 1846 4958; baseline -0.004 -23"><span class='ocrx_word' id='word_1_441' title='bbox 541 4886 677 4958; x_wconf 82' lang='lat' dir='ltr'><strong>glossema</strong></span> <span class='ocrx_word' id='word_1_442' title='bbox 706 4885 832 4954; x_wconf 82' lang='lat' dir='ltr'><strong>sapiunt,</strong></span> <span class='ocrx_word' id='word_1_443' title='bbox 865 4896 892 4932; x_wconf 84' lang='lat' dir='ltr'><strong>et</strong></span> <span class='ocrx_word' id='word_1_444' title='bbox 914 4897 1018 4948; x_wconf 75' lang='lat' dir='ltr'><strong>meram</strong></span> <span class='ocrx_word' id='word_1_445' title='bbox 1039 4885 1183 4932; x_wconf 84' lang='lat' dir='ltr'><strong>continent</strong></span> <span class='ocrx_word' id='word_1_446' title='bbox 1201 4879 1375 4956; x_wconf 70' lang='grc' dir='ltr'>ἓπεξήγησιν</span> <span class='ocrx_word' id='word_1_447' title='bbox 1393 4881 1453 4936; x_wconf 77' lang='grc' dir='ltr'><strong>τῶν</strong></span> <span class='ocrx_word' id='word_1_448' title='bbox 1471 4885 1501 4932; x_wconf 88' lang='lat' dir='ltr'><strong>in</strong></span> <span class='ocrx_word' id='word_1_449' title='bbox 1520 4885 1622 4948; x_wconf 77' lang='lat' dir='ltr'><strong>quarta</strong></span> <span class='ocrx_word' id='word_1_450' title='bbox 1640 4879 1846 4944; x_wconf 79' lang='lat' dir='ltr'><strong>attributione,</strong></span> 
     </span>
    </p>
   </div>
   <div class='ocr_carea' id='block_1_11' title="bbox 541 4953 1947 5102">
    <p class='ocr_par' dir='ltr' id='par_1_16' title="bbox 541 4953 1947 5102">
     <span class='ocr_line' id='line_1_47' title="bbox 541 4953 1947 5032; baseline -0.007 -20"><span class='ocrx_word' id='word_1_451' title='bbox 541 4975 572 5013; x_wconf 83' lang='lat' dir='ltr'><strong>su</strong></span> <span class='ocrx_word' id='word_1_452' title='bbox 590 4974 664 5032; x_wconf 85' lang='lat' dir='ltr'><strong>paret</strong></span> <span class='ocrx_word' id='word_1_453' title='bbox 687 4976 719 5009; x_wconf 82' lang='lat' dir='ltr'><strong>ea</strong></span> <span class='ocrx_word' id='word_1_454' title='bbox 738 4953 978 5028; x_wconf 74' lang='lat' dir='ltr'><strong>praecedentibus,</strong></span> <span class='ocrx_word' id='word_1_455' title='bbox 998 4955 1044 5008; x_wconf 88' lang='lat' dir='ltr'><strong>nbi</strong></span> <span class='ocrx_word' id='word_1_456' title='bbox 1065 4959 1116 5008; x_wconf 85' lang='lat' dir='ltr'><strong>ait:</strong></span> <span class='ocrx_word' id='word_1_457' title='bbox 1137 4955 1247 5024; x_wconf 82' lang='lat' dir='ltr'><strong>Quarta</strong></span> <span class='ocrx_word' id='word_1_458' title='bbox 1265 4955 1430 5019; x_wconf 80' lang='lat' dir='ltr'><strong>attributio,</strong></span> <span class='ocrx_word' id='word_1_459' title='bbox 1451 4971 1519 5024; x_wconf 81' lang='lat' dir='ltr'><strong>quoe</strong></span> <span class='ocrx_word' id='word_1_460' title='bbox 1538 4957 1694 5006; x_wconf 73' lang='lat' dir='ltr'><strong>consecutio</strong></span> <span class='ocrx_word' id='word_1_461' title='bbox 1713 4957 1847 5006; x_wconf 79' lang='lat' dir='ltr'><strong>nonina-</strong></span> <span class='ocrx_word' id='word_1_462' title='bbox 1946 4957 1947 4979; x_wconf 62' lang='lat'>³</span> 
     </span>
     <span class='ocr_line' id='line_1_48' title="bbox 541 5025 1946 5102; baseline -0.004 -18"><span class='ocrx_word' id='word_1_463' title='bbox 541 5043 598 5088; x_wconf 85' lang='lat' dir='ltr'><strong>tur.</strong></span> <span class='ocrx_word' id='word_1_464' title='bbox 639 5033 745 5086; x_wconf 83' lang='lat' dir='ltr'><strong>Servari</strong></span> <span class='ocrx_word' id='word_1_465' title='bbox 766 5045 857 5084; x_wconf 83' lang='lat' dir='ltr'><strong>tamen</strong></span> <span class='ocrx_word' id='word_1_466' title='bbox 883 5046 973 5101; x_wconf 84' lang='lat' dir='ltr'><strong>potest</strong></span> <span class='ocrx_word' id='word_1_467' title='bbox 993 5030 1100 5097; x_wconf 75' lang='lat' dir='ltr'><strong>vulgata</strong></span> <span class='ocrx_word' id='word_1_468' title='bbox 1120 5029 1219 5094; x_wconf 74' lang='lat' dir='ltr'><strong>lertio,</strong></span> <span class='ocrx_word' id='word_1_469' title='bbox 1251 5035 1274 5081; x_wconf 85' lang='lat' dir='ltr'><strong>sl</strong></span> <span class='ocrx_word' id='word_1_470' title='bbox 1295 5027 1465 5102; x_wconf 81' lang='lat' dir='ltr'><strong>parerulresia</strong></span> <span class='ocrx_word' id='word_1_471' title='bbox 1485 5043 1639 5100; x_wconf 86' lang='lat' dir='ltr'><strong>apponatur</strong></span> <span class='ocrx_word' id='word_1_472' title='bbox 1657 5043 1720 5100; x_wconf 86' lang='lat' dir='ltr'><strong>post</strong></span> <span class='ocrx_word' id='word_1_473' title='bbox 1740 5025 1775 5084; x_wconf 81' lang='lat' dir='ltr'><strong>sti</strong></span> <span class='ocrx_word' id='word_1_474' title='bbox 1793 5037 1848 5080; x_wconf 80' lang='lat' dir='ltr'><strong>at-</strong></span> <span class='ocrx_word' id='word_1_475' title='bbox 1945 5075 1946 5097; x_wconf 46' lang='lat'><strong>,</strong></span> 
     </span>
    </p>
   </div>
   <div class='ocr_carea' id='block_1_12' title="bbox 540 5103 1822 5312">
    <p class='ocr_par' dir='ltr' id='par_1_17' title="bbox 540 5103 1822 5312">
     <span class='ocr_line' id='line_1_49' title="bbox 540 5103 1816 5176; baseline -0.007 -15"><span class='ocrx_word' id='word_1_476' title='bbox 540 5109 692 5161; x_wconf 80' lang='lat' dir='ltr'><strong>tributione</strong></span> <span class='ocrx_word' id='word_1_477' title='bbox 711 5107 765 5158; x_wconf 82' lang='lat' dir='ltr'><strong>boc</strong></span> <span class='ocrx_word' id='word_1_478' title='bbox 785 5119 883 5176; x_wconf 79' lang='lat' dir='ltr'><strong>pacto:</strong></span> <span class='ocrx_word' id='word_1_479' title='bbox 902 5107 934 5155; x_wconf 81' lang='lat' dir='ltr'><strong>in</strong></span> <span class='ocrx_word' id='word_1_480' title='bbox 950 5113 1053 5174; x_wconf 79' lang='lat' dir='ltr'><strong>pasarta</strong></span> <span class='ocrx_word' id='word_1_481' title='bbox 1071 5103 1255 5156; x_wconf 80' lang='lat' dir='ltr'><strong>attributione</strong></span> <span class='ocrx_word' id='word_1_482' title='bbox 1275 5108 1316 5170; x_wconf 87' lang='lat' dir='ltr'><strong>(in</strong></span> <span class='ocrx_word' id='word_1_483' title='bbox 1331 5103 1534 5174; x_wconf 82' lang='lat' dir='ltr'><strong>consecutione)</strong></span> <span class='ocrx_word' id='word_1_484' title='bbox 1552 5109 1617 5153; x_wconf 82' lang='lat' dir='ltr'><strong>arent</strong></span> <span class='ocrx_word' id='word_1_485' title='bbox 1635 5117 1689 5154; x_wconf 86' lang='lat' dir='ltr'><strong>cet.</strong></span> <span class='ocrx_word' id='word_1_486' title='bbox 1707 5105 1789 5156; x_wconf 81' lang='lat' dir='ltr'><strong>Carr.</strong></span> <span class='ocrx_word' id='word_1_487' title='bbox 1812 5117 1816 5125; x_wconf 87' lang='grc'><em>“</em></span> 
     </span>
     <span class='ocr_line' id='line_1_50' title="bbox 617 5175 1822 5253; baseline -0.004 -16"><span class='ocrx_word' id='word_1_488' title='bbox 617 5185 662 5242; x_wconf 74' lang='grc'><strong>55,</strong></span> <span class='ocrx_word' id='word_1_489' title='bbox 675 5181 732 5253; x_wconf 78' lang='lat' dir='ltr'><strong>fit]</strong></span> <span class='ocrx_word' id='word_1_490' title='bbox 750 5178 784 5232; x_wconf 86' lang='lat' dir='ltr'><strong>de</strong></span> <span class='ocrx_word' id='word_1_491' title='bbox 802 5179 906 5233; x_wconf 74' lang='lat' dir='ltr'><strong>Batteu</strong></span> <span class='ocrx_word' id='word_1_492' title='bbox 926 5183 1000 5233; x_wconf 86' lang='lat' dir='ltr'><strong>roni.</strong></span> <span class='ocrx_word' id='word_1_493' title='bbox 1019 5205 1052 5220; x_wconf 96' lang='lat'>-</span> <span class='ocrx_word' id='word_1_494' title='bbox 1070 5184 1109 5229; x_wconf 82' lang='lat' dir='ltr'><strong>stt</strong></span> <span class='ocrx_word' id='word_1_495' title='bbox 1129 5179 1195 5232; x_wconf 85' lang='lat' dir='ltr'><strong>cod.</strong></span> <span class='ocrx_word' id='word_1_496' title='bbox 1215 5181 1278 5232; x_wconf 84' lang='lat' dir='ltr'><strong>Bar.</strong></span> <span class='ocrx_word' id='word_1_497' title='bbox 1300 5180 1339 5234; x_wconf 82' lang='lat' dir='ltr'><strong>St.</strong></span> <span class='ocrx_word' id='word_1_498' title='bbox 1359 5175 1421 5232; x_wconf 65' lang='lat' dir='ltr'><strong>ild.</strong></span> <span class='ocrx_word' id='word_1_499' title='bbox 1441 5177 1528 5251; x_wconf 84' lang='lat' dir='ltr'><strong>capp.</strong></span> <span class='ocrx_word' id='word_1_500' title='bbox 1550 5205 1586 5222; x_wconf 90' lang='lat'><em>-</em></span> <span class='ocrx_word' id='word_1_501' title='bbox 1606 5191 1663 5233; x_wconf 84' lang='lat' dir='ltr'><strong>cm.</strong></span> <span class='ocrx_word' id='word_1_502' title='bbox 1683 5183 1745 5232; x_wconf 77' lang='lat' dir='ltr'><strong>Aac.</strong></span> <span class='ocrx_word' id='word_1_503' title='bbox 1766 5175 1822 5232; x_wconf 87' lang='grc' dir='ltr'><strong>Οι.</strong></span> 
     </span>
     <span class='ocr_line' id='line_1_51' title="bbox 943 5285 1447 5312; baseline -0.01 -1"><span class='ocrx_word' id='word_1_504' title='bbox 943 5285 1447 5312; x_wconf 60' lang='grc' dir='ltr'><strong>-ψ-</strong></span> 
     </span>
    </p>
   </div>
   <div class='ocr_carea' id='block_1_13' title="bbox 0 0 2222 5959">
    <p class='ocr_par' dir='ltr' id='par_1_18' title="bbox 0 0 2222 5959">
     <span class='ocr_line' id='line_1_52' title="bbox 0 0 2222 5959; baseline 0 1"><span class='ocrx_word' id='word_1_505' title='bbox 0 0 2222 5959; x_wconf 95' lang='lat' dir='ltr'><strong> </strong></span> 
     </span>
    </p>
   </div>
  </div>
 </body>
</html>
