4434 5959
536 562 599 626 tta
1044 559 1335 628 vtctoultttts

534 700 612 777 sibi,
646 710 797 785 quantum
826 709 858 763 et
894 698 986 774 aliis,
1020 710 1076 762 ant
1102 698 1332 765 incommodum
1369 702 1467 767 maius
1502 724 1594 786 quarn
1627 708 1844 770 commodum.

535 794 664 861 Pariter
688 806 720 857 et
741 798 779 857 de
800 792 1006 857 incommodis
1022 792 1081 856 ists
1102 795 1262 867 dicentum
1284 796 1372 879 quod
1394 793 1509 859 dicitur
1530 796 1700 873 evitatum,
1723 798 1843 863 nullum

535 888 632 952 luisse
650 888 901 963 incommodum,
924 908 987 951 non
1006 898 1124 950 tantum
1145 886 1245 952 luisse
1267 892 1464 953 commodum
1486 910 1579 974 qnam
1598 892 1843 970 munimntum,

539 980 609 1044 aliis
632 979 732 1065 magis
754 980 851 1043 luisse
874 980 1129 1053 incommodum,
1154 990 1207 1042 aut
1228 990 1259 1043 et
1282 980 1350 1045 aliis
1372 992 1492 1045 tantum
1511 994 1660 1066 quantum
1682 986 1764 1063 sibi,
1789 999 1844 1051 aut

510 1074 634 1136 tmaius
656 1075 854 1138 commodum
876 1094 969 1158 quam
991 1075 1235 1137 incommodum.

617 1167 679 1232 Sin
698 1177 879 1229 accusator
898 1166 1029 1228 dixerit
1050 1163 1132 1243 cet.]
1183 1166 1218 1228 si
1241 1164 1272 1228 in
1288 1166 1534 1231 'rafiociuatione
1556 1168 1665 1250 opinio
1689 1182 1841 1251 ponetur,

533 1260 719 1324 infirmantis
739 1259 802 1322 loci
820 1269 894 1321 stant
919 1267 1086 1335 quattuor3
1109 1258 1254 1321 non-tale
1276 1278 1344 1322 esse
1367 1261 1418 1323 vel
1440 1264 1637 1325 commodum
1655 1264 1704 1325 rel
1718 1262 1842 1325 iucom-

519 1356 678 1437 modum,
701 1363 736 1414 ut
759 1351 861 1433 possit
878 1352 1012 1435 aliquem
1033 1350 1161 1426 fallere,
1193 1350 1324 1413 maxime
1347 1372 1381 1415 sc
1406 1373 1469 1415 non
1495 1354 1655 1433 potuisse:
1679 1358 1765 1437 quod
1784 1355 1843 1415 fir-

534 1444 671 1530 mabitur
690 1465 842 1526 persona.
886 1447 968 1508 Post
987 1444 1066 1505 haec
1086 1440 1190 1505 omnia
1216 1441 1366 1505 defensor
1389 1444 1433 1507 uti
1458 1446 1574 1526 poterit
1599 1446 1742 1509 omnibus
1762 1446 1842 1509 locis

492 1538 745 1615 suscensueris,
782 1538 808 1600 si
837 1538 868 1600 in
900 1536 980 1600 alios
1012 1536 1129 1599 crimen
1157 1536 1331 1598 transferre
1362 1536 1510 1600 voluerit.
1571 1540 1841 1618 Quemadmodum

533 1630 613 1692 euim
635 1642 802 1693 accusator
827 1652 923 1713 quum
946 1628 1134 1701 convincat,
1172 1626 1309 1691 defendit
1330 1628 1427 1705 alios,
1465 1640 1498 1693 et
1522 1632 1619 1694 utitur
1639 1632 1782 1712 partibus
1803 1652 1843 1693 ac

533 1722 612 1787 locis
634 1723 825 1796 defensoris3
858 1722 954 1784 itaet
978 1722 1145 1794 defensor,
1180 1731 1214 1782 ut
1239 1742 1274 1783 se
1300 1734 1436 1806 purget,
1474 1724 1632 1787 accusabit
1652 1723 1732 1803 alios
1753 1735 1784 1785 et
1809 1724 1841 1787 in

531 1816 596 1878 hoc
617 1826 722 1878 utetur
742 1814 884 1896 partibus
907 1832 944 1876 ac
960 1812 1042 1877 locis
1062 1812 1272 1878 accusatoris:
1308 1826 1361 1877 sut
1381 1814 1408 1878 si
1428 1814 1526 1880 luisse
1548 1820 1714 1893 concedet,
1751 1829 1842 1880 exte·

532 1908 658 1983 uitabit,
683 1908 755 1992 quia
776 1918 872 1991 stiget
893 1919 1073 1970 accusator.

490 2016 523 2066 ts
614 2006 675 2066 Ex
688 2020 848 2082 persona
868 2010 983 2063 autem
1003 1997 1199 2061 coniectura
1219 1997 1392 2080 capietur,
1423 2000 1456 2064 si
1475 2022 1535 2065 eae
1557 2023 1630 2077 rer,
1655 2022 1741 2085 quas
1761 2024 1842 2084 per·

531 2094 626 2157 sonis
646 2094 830 2159 attributae
853 2105 951 2167 sunt,
981 2091 1164 2175 diligenter
1190 2091 1509 2174 considerabuntur]
1553 2095 1718 2176 Explicitis
1746 2118 1844 2177 prae·

531 2187 631 2268 ceptis
656 2187 799 2251 omnibus
821 2188 861 2250 ad
881 2206 1006 2250 causant
1029 2182 1278 2266 pertinentibus,
1312 2185 1545 2269 subiunguntur
1570 2200 1738 2271 praecepta
1767 2208 1841 2271 per·

530 2300 627 2343 sonae
650 2278 821 2343 attributa:
844 2288 876 2342 et
896 2277 1155 2362 quemadmodum
1182 2275 1218 2337 iis
1240 2276 1284 2339 uti
1299 2276 1402 2358 possit
1424 2291 1612 2355 accusator,
1637 2284 1843 2362 quemadmo-

531 2375 602 2435 dum
632 2372 722 2434 etiam
759 2371 907 2435 defensor
940 2368 973 2433 in
1001 2367 1206 2433 coniecturali
1234 2369 1468 2434 constitutione.
1526 2372 1571 2435 Et
1602 2373 1681 2434 haec
1712 2375 1840 2455 quidem

487 2480 521 2531 an
531 2486 686 2548 personae
716 2466 883 2540 attributa,
919 2462 951 2526 in
973 2460 1077 2545 primo
1103 2460 1189 2525 libro
1218 2482 1407 2566 quamquam
1437 2463 1560 2547 singula
1588 2467 1775 2545 exposuerit
1809 2478 1842 2529 et

531 2557 714 2639 explicarit,
739 2558 790 2619 hle
808 2568 910 2619 tamen
926 2575 1009 2617 nunc
1029 2551 1172 2617 breviter
1187 2554 1323 2635 repetit,
1348 2574 1427 2637 qttae
1444 2555 1513 2636 ipsa
1533 2556 1594 2619 siut
1616 2567 1646 2623 et
1667 2555 1742 2640 quid
1756 2558 1838 2621 sint·

529 2660 605 2732 post
625 2662 864 2732 praecepturus,
888 2644 1190 2733 quemadmodum''
1170 2667 1208 2709 us
1238 2646 1282 2711 uti
1302 2646 1405 2729 possit
1425 2660 1610 2726 accusator,
1633 2654 1840 2735 quernadmo·

529 2746 601 2807 dum
624 2742 783 2805 deleusor.

611 2836 750 2921 Quoia
770 2854 896 2917 genere
916 2845 969 2897 est
989 2832 1114 2908 virtus,
1144 2831 1300 2913 ιιίιιιιίιι]
1344 2832 1382 2895 ld
1404 2844 1469 2908 cst,
1492 2834 1642 2899 stultitiae
1664 2836 1839 2901 contraria.

485 2946 518 2997 ts
610 2933 738 3003 Amor,
773 2924 973 3007 iracundia}
1009 2924 1150 2991 Affectio
1179 2923 1259 2988 enim
1281 2924 1376 2987 facile
1399 2938 1546 2989 eventum
1566 2949 1656 2992 suum
1676 2931 1838 2993 declarata

527 3022 685 3108 signoque
706 3019 785 3103 ipsa
798 3032 846 3084 est
868 3020 934 3082 eius
956 3018 1021 3094 rei,
1045 3039 1139 3103 quam
1162 3039 1203 3081 ex
1224 3038 1259 3081 se
1281 3018 1377 3099 parit.

609 3118 656 3181 Et
677 3115 831 3197 ipsorum
851 3113 917 3193 uis]
961 3111 1046 3193 Quid
1065 3112 1133 3192 ipsa
1155 3110 1296 3193 possint,
1319 3132 1384 3175 nou
1406 3112 1480 3197 quid
1502 3134 1600 3179 exse
1622 3112 1767 3199 gignant.

609 3212 657 3274 Et
680 3228 767 3291 quae
798 3228 854 3270 res
880 3208 1004 3269 harum
1030 3205 1183 3288 aliquam
1217 3226 1290 3267 rem
1321 3208 1585 3291 consequantur]
1630 3206 1715 3287 Quid
1742 3226 1784 3269 ex
1803 3228 1839 3273 se

529 3301 682 3387 gignant,
706 3320 770 3362 non
792 3296 867 3405 quid
890 3319 930 3361 ex
951 3320 985 3361 se
1007 3298 1093 3380 ipsae
1115 3296 1253 3380 possint.

485 3411 517 3460 to
609 3396 660 3457 Ac
676 3391 833 3475 personis
852 3391 989 3499 quidem
1001 3410 1132 3453 reseas
1152 3401 1232 3451 suut
1253 3389 1457 3464 attributae.
1481 3364 1664 3477 exquibus
1681 3393 1840 3457 simibus

403 3526 409 3533 ·
526 3507 633 3551 ιιιιιιιιι
654 3486 691 3547 iu
717 3488 828 3547 locum
853 3484 981 3546 coactis
1005 3482 1218 3545 sarmatario
1238 3480 1305 3547 erit
1335 3482 1583 3565 improbatione
1602 3486 1749 3549 hominis
1772 3484 1839 3567 uti]

527 3578 692 3662 Expositis
714 3578 858 3639 breviter
879 3576 1039 3639 attrtluuis
1061 3595 1237 3658 personae,
1268 3574 1340 3657 quia
1362 3576 1402 3638 ita
1428 3598 1480 3641 res
1504 3579 1637 3659 repetita
1661 3578 1836 3659 poscebat,

526 3677 579 3737 dat
601 3670 777 3735 accusatori
791 3690 832 3733 cx
853 3668 902 3730 his
916 3680 1140 3750 praeceptum,
1163 3677 1198 3729 ut
1211 3666 1349 3730 excultist
1363 3667 1457 3731 vitam
1479 3671 1694 3751 praeteritam.
1718 3672 1838 3733 Parum

525 3778 574 3831 est
595 3765 676 3829 cuim
704 3784 827 3826 caussam
853 3763 1088 3826 commendasse
1119 3760 1238 3835 solam,
1275 3760 1303 3821 si
1330 3780 1413 3835 non,
1449 3782 1529 3844 quae
1555 3765 1597 3824 ab
1626 3768 1686 3825 lrao
1717 3763 1839 3844 impelli

482 3894 513 3945 35
525 3869 653 3952 posset,
678 3877 814 3939 persona
835 3854 1022 3919 consentiet.
1065 3835 1158 3935 Ergo
1173 3863 1340 3915 accusator
1360 3872 1401 3915 ex
1417 3852 1479 3915 vita
1497 3853 1667 3937 praeterita
1686 3854 1837 3937 prolerre

525 3944 618 4015 debet
633 3949 743 4014 similia
756 3958 906 4031 peccata,
929 3945 1044 4011 similes
1059 3966 1187 4017 carues,
1211 3943 1241 4005 in
1256 3946 1352 4007 relatis
1368 3945 1417 4007 rel
1434 3946 1562 4052 paribus
1586 3950 1636 4010 rel
1659 3948 1836 4011 minoribus

525 4045 576 4108 vel
599 4044 790 4107 maioribus·
815 4041 883 4117 vel,
906 4039 934 4103 si
954 4039 1070 4102 similes
1091 4036 1241 4120 prolerre
1262 4057 1326 4100 non
1350 4037 1489 4119 poterit,
1512 4041 1653 4122 dispares
1676 4042 1835 4123 prolerat.

523 4139 633 4221 Atque
653 4137 732 4199 haec
751 4134 894 4212 nocentis
917 4132 1000 4195 vitae
1024 4142 1109 4193 sunt.
1155 4129 1220 4193 Si
1210 4150 1362 4201 innocens
1387 4131 1449 4193 vita
1471 4132 1642 4213 praeterita
1668 4146 1716 4195 est
1738 4134 1836 4208 illius,

524 4230 578 4313 qui
606 4251 679 4292 rens
709 4241 775 4305 est,
812 4230 902 4293 locus
931 4223 1104 4289 communis
1133 4221 1308 4287 inducitur:
1346 4224 1443 4288 vitam
1473 4226 1673 4307 praeteritam
1699 4226 1837 4309 spectari

480 4344 587 4398 aunon
610 4333 779 4405 oportere3
814 4321 900 4406 quod
928 4339 965 4380 ea
987 4315 1109 4400 poterit
1136 4336 1204 4379 esse
1234 4315 1358 4379 occulta
1385 4330 1440 4382 aut
1463 4318 1600 4385 tortasse
1632 4321 1673 4381 ad
1699 4338 1837 4399 peccan-

523 4417 595 4476 dum
627 4436 721 4499 quum
755 4413 876 4477 animus
907 4411 1022 4484 luserit,
1060 4407 1194 4472 deluerit
1229 4428 1321 4471 catus
1353 4412 1402 4474 vel
1434 4423 1575 4493 potestas
1609 4411 1660 4473 vel
1689 4410 1835 4475 occasio.

521 4506 645 4571 Deinde
667 4507 745 4569 alius
767 4508 856 4570 locus
874 4502 1065 4568 communis:
1088 4522 1152 4563 nnn
1175 4522 1216 4563 ex
1239 4501 1301 4563 vita
1321 4503 1491 4584 praeterita
1506 4522 1655 4585 praesens
1669 4502 1834 4577 iudicium,

520 4602 577 4664 sed
591 4621 633 4663 ex
651 4598 810 4682 praesenti
831 4597 945 4662 iudicio
963 4597 1058 4659 vitam
1071 4593 1208 4676 spectari
1228 4606 1393 4677 oportere.
1436 4597 1489 4661 Sin
1506 4608 1608 4659 autem
1624 4594 1686 4659 rita
1703 4596 1835 4658 alicuius

612 4853 855 4928 7r'.nfirmautis]
866 4850 935 4907 Cod.
954 4854 1017 4905 Bas.
1035 4880 1073 4896 -
1091 4849 1272 4922 infirmitatis
1289 4849 1359 4905 Edd.
1379 4851 1432 4905 On.

594 4934 640 4989 19.
659 4935 689 4981 tn
707 4927 890 4982 coniecturali
908 4930 1121 4996 constitutione]
1141 4927 1304 4980 Locutlonts
1325 4927 1438 4981 hutusce
1459 4944 1568 4981 sensum
1588 4930 1617 4981 ln
1636 4924 1835 4999 praecedeuti-

518 5004 570 5061 bos
590 5011 674 5060 uotls
684 5007 806 5076 exposui.
827 5005 907 5056 Care.

593 5085 640 5141 35.
659 5080 823 5145 consentiet}
845 5074 913 5133 cod.
930 5076 995 5131 Bas.
1013 5102 1051 5117 ·-
1068 5078 1226 5129 consentiat
1244 5071 1313 5129 ttdd.
1334 5074 1386 5131 Os.
