4434 5959
543 654 606 719 ssu
726 732 731 741 ‚
1076 652 1312 720 sonemus

543 798 619 860 Non
655 794 754 881 igitur
785 794 923 881 legatum
954 804 1007 857 stit
1034 792 1245 877 possessionis
1273 792 1409 858 retentio
1441 793 1647 858 substantiam
1677 792 1865 857 hereditatis

543 890 698 963 efficiunt,
733 888 851 973 qnippe
873 909 953 973 quae
976 888 1163 971 impedirent
1184 889 1223 950 ad
1244 886 1310 951 eius
1332 888 1539 951 substantiam
1561 890 1864 963 demonstrandam,

542 982 601 1045 nisi
620 996 876 1047 removerentur.
932 984 978 1047 At
1008 1003 1087 1046 vero
1117 1003 1176 1045 nec
1206 980 1334 1065 negatio
1363 981 1488 1065 quidem
1509 983 1692 1065 cuiusquam
1715 983 1866 1042 substan-

542 1074 616 1141 tiam
637 1077 779 1157 perlicit,
803 1078 858 1139 scd
880 1086 1016 1150 tantum,
1041 1076 1119 1160 quid
1136 1096 1201 1139 non
1221 1076 1280 1149 sit,
1304 1075 1454 1139 ostendit.
1499 1076 1644 1157 Quodsi
1668 1075 1812 1159 legatum
1834 1085 1867 1135 et

517 1169 755 1253 tpossessionis
782 1170 918 1233 retentio
941 1168 1126 1233 hereditatis
1159 1169 1363 1232 substantiam
1386 1190 1449 1233 non
1475 1172 1572 1234 modo
1592 1190 1656 1233 uon
1679 1168 1865 1249 complent,

542 1284 652 1325 verum
677 1261 770 1324 ctiam
792 1261 965 1344 impediunt
985 1274 1079 1347 atque
1099 1274 1327 1343 corrumpunt,
1365 1261 1424 1325 nisi
1444 1261 1566 1325 fuerint
1586 1260 1740 1325 disiuncta
1771 1274 1867 1344 atque

543 1354 703 1438 seposita;
741 1378 899 1445 qvttunque
928 1356 1038 1419 harum
1062 1355 1191 1437 negatio
1211 1352 1290 1416 nibil
1312 1376 1353 1417 ex
1372 1356 1553 1420 hereditatis
1570 1355 1745 1419 substantia
1772 1378 1866 1419 mon·

542 1460 641 1526 stret,
665 1452 720 1513 sed
736 1462 873 1527 tantmn,
899 1448 974 1533 quid
996 1448 1136 1523 nonsit,
1159 1450 1322 1511 ostendats
1344 1447 1537 1532 relinquitur
1550 1469 1625 1532 pars
1640 1446 1811 1530 superior,
1834 1450 1867 1512 id

541 1554 609 1616 est,
633 1542 765 1625 pecnnia
786 1555 888 1607 morte
900 1543 1033 1607 alicuius
1048 1544 1087 1605 ad
1107 1539 1287 1625 quetnpiam
1300 1538 1369 1604 iure
1383 1539 1592 1622 perveniens,
1615 1562 1697 1624 quae
1714 1544 1867 1605 substan·

497 1640 531 1694 ιι
545 1638 618 1700 tiam
644 1636 827 1699 hereditatis
849 1638 1012 1709 ostendat,
1037 1654 1138 1719 eaque
1155 1634 1195 1697 sit
1214 1633 1371 1716 explicata
1392 1634 1534 1697 delinitio
1555 1656 1573 1696 a
1594 1634 1775 1720 ceterisque
1801 1639 1866 1699 dis·

541 1728 659 1793 iuncta.
704 1730 767 1792 Sed
786 1728 935 1813 quoniam
959 1748 1087 1803 rursus,
1124 1738 1160 1788 ιιι
1181 1724 1389 1803 dictumest,
1426 1730 1580 1809 quaedam
1601 1741 1693 1801 sunt,
1717 1732 1758 1795 ad
1784 1732 1865 1815 quae

540 1821 677 1885 derivari
704 1822 795 1887 buius
822 1820 1012 1885 delinitionis
1039 1816 1246 1902 intelligentia
1269 1818 1395 1899 possit,
1431 1818 1553 1885 ideirco
1579 1822 1618 1883 ad
1638 1819 1866 1889 discretionem

540 1917 697 2001 integram
720 1914 963 1999 designandam,
987 1914 1109 1999 reliqua
1138 1932 1215 1994 pars
1238 1911 1374 1974 additur.
1418 1912 1531 1997 ltaque
1549 1912 1697 1998 quoniam
1722 1916 1784 1979 ista
1810 1922 1868 1979 de·

541 2022 718 2075 monstrant
741 2008 943 2075 hereditatem
966 2009 1168 2092 efficiuntque
1192 2004 1420 2083 substantiam,
1452 2007 1523 2071 iure
1548 2007 1663 2071 dictum
1690 2023 1759 2071 est:
1788 2014 1866 2075 Iaera

501 2112 564 2168 lto
584 2103 826 2167 comennnitntc
853 2122 908 2165 ves
933 2100 1105 2165 disiuncta
1122 2098 1274 2174 uidetur,
1298 2110 1337 2162 ut
1356 2100 1403 2163 sit
1426 2101 1603 2184 expellente
1615 2100 1777 2179 definitio
1797 2103 1866 2165 sic:

540 2196 725 2263 Hereditas
747 2206 798 2257 est
817 2194 982 2278 preconia,
1019 2215 1106 2279 quoe
1128 2208 1238 2257 morte
1258 2191 1407 2257 alicuius
1426 2194 1475 2257 nd
1493 2194 1688 2279 quempiam
1706 2196 1866 2277 peruenit

539 2291 628 2353 iure.
687 2289 751 2351 Sed
786 2288 933 2370 quoniam
962 2309 1073 2351 rursus
1105 2287 1158 2351 hic
1187 2286 1367 2350 intellectus
1395 2290 1434 2349 ad
1465 2289 1557 2371 plura
1578 2290 1661 2351 iutra
1690 2308 1725 2352 se
1758 2289 1864 2370 posita

540 2372 670 2465 pisterat
691 2380 883 2457 convenire,
908 2400 971 2445 uon
991 2380 1149 2444 immerito
1171 2379 1308 2445 additum
1330 2390 1401 2442 est:
1424 2384 1507 2445 Non
1529 2393 1581 2444 cst
1594 2381 1682 2445 sctis
1695 2394 1727 2445 et
1741 2395 1862 2454 cetera,

542 2496 623 2561 qnae
643 2475 782 2560 legatum
805 2486 836 2538 et
851 2473 1062 2556 possessionis
1077 2472 1286 2537 retentionem
1302 2473 1341 2535 ab
1356 2474 1537 2536 hereditatis
1554 2474 1738 2539 delinitione
1755 2477 1864 2539 seiun-

500 2574 634 2655 ttgunt.
680 2569 786 2631 Aede
809 2569 917 2650 priore
945 2568 1071 2653 quidem
1101 2566 1287 2629 hereditatis
1310 2568 1658 2647 escuiplobaecdieta
1680 2568 1757 2631 siut.
1813 2570 1866 2633 Aa

541 2662 632 2725 lmim
658 2681 737 2726 vero
766 2660 997 2725 similitudinem
1020 2662 1112 2723 etiam
1138 2661 1309 2723 secundum
1334 2671 1447 2722 tractat
1471 2662 1669 2747 eseniplmu,
1713 2665 1804 2745 quand
1825 2665 1864 2724 de

542 2755 725 2820 delinitione
745 2754 927 2839 gentilitatis
943 2765 992 2817 est
1009 2754 1161 2836 positum.
1207 2753 1349 2817 Gentiles
1375 2754 1458 2816 enim
1478 2766 1570 2829 stunt,
1595 2754 1650 2836 qui
1670 2756 1783 2817 eodem
1808 2778 1866 2818 uo·

541 2848 625 2913 minc
658 2850 740 2912 inter
771 2872 806 2911 se
841 2860 931 2925 sunt,
963 2858 998 2910 ιιι
1027 2838 1213 2929 Scipiones,
1249 2847 1342 2910 Bruti
1364 2858 1396 2910 et
1420 2846 1532 2910 ceteri.
1592 2847 1697 2927 Quid,
1729 2849 1757 2911 si
1780 2848 1867 2910 servi

540 2956 630 3020 saint,
654 2966 727 3006 num
748 2944 809 3007 ulla
834 2942 993 3027 gentilitas
1015 2962 1182 3004 servorum
1209 2962 1279 3005 esse
1301 2940 1431 3022 potest?
1452 2940 1600 3005 Minime.
1644 2941 1865 3005 Adiiciendum

501 3036 658 3122 anigitur:
697 3036 753 3121 qni
777 3039 817 3099 ab
839 3037 982 3121 ingenuis
1005 3036 1133 3099 oriundi
1152 3048 1237 3098 sunt.
1297 3035 1400 3116 Quid,
1435 3036 1461 3098 si
1483 3036 1702 3099 libertinorum
1728 3048 1864 3116 nepotes

541 3132 657 3193 civium
688 3132 906 3195 Romanorum
932 3133 1043 3194 eodem
1070 3128 1197 3191 nonrine
1230 3128 1473 3211 nuncupentur?
1510 3151 1582 3191 urim
1611 3130 1771 3212 gentilitas
1800 3128 1863 3192 ulla

437 3248 443 3265 ·
541 3222 612 3286 est?
636 3224 685 3285 Nc
707 3222 739 3285 id
762 3222 907 3307 quidem3
930 3222 1082 3305 quoniam·
1101 3224 1141 3285 ab
1158 3221 1342 3304 antiquitate
1362 3220 1572 3305 ingenuorum
1595 3222 1755 3306 gentilitas
1774 3222 1863 3283 duci·

543 3326 608 3379 tur.
665 3318 812 3379 Addatur
846 3316 966 3399 igitur:
1004 3336 1141 3401 quorum
1175 3314 1327 3377 maiorum
1368 3333 1462 3377 nemo
1496 3313 1680 3377 servitutem
1713 3315 1861 3378 servivit.

542 3408 645 3489 Quid,
670 3409 696 3473 si
718 3430 776 3490 per
799 3410 1001 3491 adoptionem
1019 3413 1051 3472 iu
1074 3407 1203 3471 alterius
1222 3408 1370 3470 seruilium
1394 3408 1558 3470 transcat?
1582 3411 1696 3483 'l'unc,
1720 3408 1862 3472 etiamsi

500 3502 610 3565 ³⁰eins
630 3500 749 3585 gentis,
787 3506 826 3564 ad
848 3524 939 3585 quam
959 3502 1125 3587 migravit,
1163 3500 1524 3582 nonninenuncupetur,
1563 3496 1635 3564 licet
1658 3504 1697 3563 ab
1714 3501 1860 3587 ingenuis

541 3608 572 3659 et
605 3597 644 3657 ab
673 3595 709 3657 iis
741 3608 830 3659 ortus
853 3597 1036 3677 parentibus
1069 3596 1132 3669 sit,
1168 3593 1224 3676 qui
1259 3614 1415 3672 nunquam
1447 3594 1631 3657 servitutem
1667 3596 1858 3671 servierint,

539 3700 662 3763 tamen,
701 3688 849 3772 quioniam
881 3688 911 3751 in
944 3689 1058 3752 lainilia
1090 3688 1195 3771 gentis
1221 3708 1296 3750 sirac
1323 3709 1387 3750 nou
1412 3701 1532 3766 manet,
1568 3710 1606 3751 ne
1628 3689 1659 3752 in
1683 3690 1861 3773 gentilitate

540 3780 665 3865 quidem
690 3802 815 3845 nianere
834 3792 952 3863 potest.
1007 3784 1196 3845 Addendum
1219 3780 1409 3863 igiturest:
1433 3804 1535 3865 neque
1549 3783 1653 3865 capite
1676 3796 1751 3846 snut
1769 3783 1860 3846 dimi·

540 3874 620 3939 niati.
664 3877 739 3940 Hoc
768 3876 925 3951 fortasse,
963 3876 1083 3959 inquit,
1122 3874 1197 3937 satis
1221 3886 1269 3937 est
1293 3878 1464 3939 secundum
1491 3878 1665 3940 Scaevolae
1689 3878 1860 3942 Pontifieis

502 3969 771 4044 ttdelinitioucm3
795 3970 870 4033 nihil
887 3968 969 4031 enim
992 3968 1125 4033 ulterius
1146 3968 1281 4045 adiecit,
1305 3980 1340 4033 nt
1357 3968 1398 4031 sit
1413 3970 1554 4033 delinitio
1576 3971 1736 4053 gentilium
1758 3973 1856 4033 haec:

541 4063 684 4127 Gentiles
705 4074 795 4137 sunt,
834 4062 888 4147 qui
912 4060 994 4125 inter
1019 4082 1054 4125 se
1075 4064 1186 4125 eodem
1209 4075 1282 4125 snut
1309 4062 1452 4137 nomine,
1486 4066 1524 4125 ab
1540 4062 1691 4147 ’ingenuis
1714 4064 1856 4139 oriundi,

538 4180 674 4240 quorum
700 4156 852 4221 rniaiormu
876 4177 969 4220 nenio
999 4156 1181 4219 servitutem
1210 4156 1365 4232 servivit,
1404 4168 1436 4219 et
1461 4159 1513 4220 ubi
1539 4156 1745 4241 gentilitatem
1774 4160 1857 4220 nialla

538 4248 649 4331 capitis
671 4250 834 4315 diminutio
853 4248 1021 4313 destruxit.
1081 4250 1174 4312 Haec
1194 4270 1324 4333 quoque
1350 4250 1491 4313 delinitio
1504 4250 1600 4339 ⁴laeta
1625 4262 1673 4313 est
1694 4272 1735 4313 ex
1758 4251 1859 4331 pluri·

538 4344 597 4405 bus
623 4342 900 4406 communitatibus
929 4341 961 4407 in
994 4364 1088 4404 unum
1118 4342 1351 4407 confluentibus
1377 4356 1472 4429 atque
1509 4366 1600 4407 sinam
1627 4345 1857 4425 proprietatem

496 4436 604 4499 eteius
626 4438 689 4517 rei,
713 4458 793 4522 quae
813 4437 1041 4510 definiebatur,
1065 4434 1097 4497 id
1112 4447 1177 4511 est,
1203 4436 1409 4520 gentilitatis,
1433 4437 1635 4501 iacientibus.
1680 4437 1743 4501 liic
1759 4438 1857 4521 igitur

538 4528 726 4593 delinitionis
748 4533 859 4593 modus
877 4528 909 4592 in
932 4541 1070 4612 utroque
1093 4550 1209 4614 genere
1227 4549 1334 4592 rernm
1358 4530 1458 4603 valet,
1483 4530 1552 4593 sive
1572 4553 1652 4614 quae
1673 4542 1765 4603 siunt,
1789 4531 1856 4595 sive

538 4644 619 4707 quae
642 4644 705 4687 non
728 4633 820 4700 sunt,
857 4623 889 4688 id
908 4635 976 4701 est,
1004 4622 1073 4686 sive
1095 4622 1330 4705 corporalium,
1354 4622 1423 4686 sive
1446 4623 1708 4706 incorporalium.
1754 4628 1854 4697 Nam,

537 4727 573 4778 ιιι
591 4716 736 4799 superins
758 4730 918 4781 ostensum
939 4726 1005 4794 cst,
1031 4716 1063 4778 id
1084 4737 1154 4780 esse
1179 4714 1297 4781 Cicero
1316 4716 1410 4791 dicit,
1434 4720 1521 4801 quod
1545 4720 1714 4801 corporale
1736 4720 1797 4795 sit,
1826 4720 1856 4782 id

538 4830 601 4874 non
630 4830 718 4885 csse,
757 4813 844 4895 quod
871 4822 924 4880 est
939 4811 1158 4891 incorporale.
1215 4810 1268 4873 Ac
1285 4821 1449 4891 postremo
1477 4810 1617 4875 omnium
1640 4812 1854 4877 definitionum

494 4906 649 4967 ⁴⁵modus
670 4902 723 4967 bic
748 4915 813 4981 cst,
851 4914 885 4969 ut
914 4926 955 4968 ca
983 4902 1127 4987 pluribus
1148 4904 1424 4969 communitatibus
1449 4904 1553 4989 aliqua
1581 4904 1767 4987 proprietas
1790 4906 1853 4971 liat.

539 4996 602 5059 Sed
620 4997 735 5061 distant
757 5019 774 5062 a
796 5020 830 5063 sc
857 4996 1081 5075 definitiones,
1105 4998 1194 5083 quod
1211 5018 1286 5073 eae,
1309 5020 1389 5082 qnae
1411 4999 1546 5082 proprie
1568 4998 1768 5063 definitiones
1800 5021 1855 5063 vo·

539 5102 670 5173 cantur,
704 5114 745 5157 ex
764 5091 803 5159 iis
824 5091 1100 5160 communitatibus
1122 5091 1379 5179 coniunguntur,
1403 5116 1484 5179 quae
1507 5092 1732 5161 substantiales
1758 5106 1854 5171 sunt,
