4434 5959
877 562 985 632 CAP.
1007 565 1110 630 Vlll.
1133 563 1201 630 lX.

743 759 809 825 tx.
831 759 894 826 nn
915 731 1339 828 unctocrnnrtonn.
1450 747 1452 752 ·
1559 699 1564 718 ’

469 896 705 976 Ratiocinatio,
727 897 846 976 idest,
869 901 1090 988 syllogismus,
1114 900 1291 964 est-oratio
1317 922 1356 964 ex
1382 900 1451 983 ipsa
1475 921 1510 964 ro
1530 898 1699 983 probabile

381 988 502 1074 aliquid
519 991 663 1068 eliciens,
687 995 775 1078 qttod
792 994 970 1076 expositum
984 1006 1016 1056 et
1035 1015 1094 1076 per
1115 993 1326 1077 recognitum
1344 1015 1399 1056 sua
1421 1014 1455 1056 se
1480 993 1510 1055 ri
1524 1004 1556 1056 et
1573 993 1697 1058 ratione

376 1084 565 1149 confirmet.
622 1087 809 1172 syllogismi
834 1090 971 1151 membra
1003 1100 1076 1150 stant
1097 1087 1296 1167 enthymema·
1317 1097 1349 1149 et
1378 1084 1582 1168 epichirema.
1626 1086 1699 1166 Syl-

382 1177 540 1262 logismos
568 1193 694 1246 constat
712 1182 854 1261 partibus
876 1180 1110 1263 complurimis,
1145 1179 1314 1265 aliqnando
1339 1178 1497 1264 qttiuque,
1530 1178 1723 1262 aliquandos

383 1271 470 1347 lV.,
507 1271 674 1358 aliquando
696 1276 763 1339 111.
806 1277 1021 1359 Plerumque,
1051 1273 1198 1355 quotiens
1230 1274 1369 1359 quinque
1390 1272 1531 1354 partibus
1552 1285 1697 1348 constat,

374 1364 487 1448 prima
508 1378 558 1429 est
585 1368 788 1450 propositio,
825 1389 887 1452 qnia
912 1365 1084 1449 exponitur
1110 1380 1228 1428 summa
1250 1363 1531 1450 argumentationis
1553 1367 1699 1430 adhunc

383 1459 531 1524 modiana
560 1461 681 1524 melius
709 1462 939 1536 adnotantur,
974 1481 1061 1544 qucoe
1081 1458 1227 1523 consilio
1253 1471 1445 1543 germuur,
1477 1481 1581 1544 quarn
1610 1481 1698 1545 quoe

382 1550 459 1614 sine
478 1553 624 1618 consilio
646 1556 945 1619 administrantur.
990 1555 1132 1616 Semnus
1154 1564 1201 1616 nst
1222 1552 1423 1617 confirmatio
1447 1551 1697 1636 propositionis,

384 1667 467 1728 qnae
488 1644 665 1710 rationibus
686 1648 782 1712 variis
812 1661 843 1720 et
862 1669 957 1730 ostam
981 1645 1211 1729 copiosissimis
1233 1649 1393 1729 approbat
1413 1647 1614 1730 superiorem
1635 1647 1740 1712 hoctt

375 1742 503 1804 'sinodos
531 1740 654 1804 domus
676 1763 738 1816 en,
769 1763 859 1826 puae
880 1741 1015 1805 ratione
1045 1739 1200 1824 geritur,
1235 1739 1392 1804 omnibus
1418 1753 1471 1804 est
1496 1740 1699 1806 instructior

375 1833 487 1897 'rebus
508 1844 541 1896 et
560 1835 782 1916 apparatior,
805 1855 909 1920 quam
924 1855 991 1909 ea,
1014 1856 1102 1918 quae
1122 1845 1250 1898 temere
1264 1847 1298 1897 et
1317 1837 1411 1898 nullo
1425 1833 1568 1898 consilio
1587 1833 1697 1898 admi·

382 1926 567 1990 nistratur.
623 1928 811 2015 Emeruitus
837 1928 886 2004 is,
922 1929 978 1991 oui
998 1929 1223 2011 praepositus
1252 1940 1303 1990 est
1331 1927 1469 2010 sapiens
1493 1940 1526 1992 et
1554 1927 1698 1990 collidus

382 2020 589 2101 imperator,
610 2021 822 2084 commodius
841 2021 995 2105 regitur,
1018 2043 1122 2106 quam
1137 2021 1195 2105 qui
1208 2021 1357 2084 stultitia
1375 2032 1410 2084 et
1431 2021 1622 2085 temeritate
1635 2021 1698 2084 ad·

383 2113 616 2176 ministratur.
659 2114 770 2179 Nauis
792 2115 920 2197 optime
935 2135 1076 2196 cursum
1095 2112 1256 2189 confecit,
1280 2135 1368 2198 quae
1385 2113 1613 2178 scientissimo
1632 2133 1697 2197 gu·
1711 2124 1740 2173 ts

382 2208 568 2270 bernatore
594 2207 716 2270 retitrtr.
772 2208 882 2270 Tertia
903 2218 952 2270 est
972 2205 1162 2288 assumptio,
1194 2228 1274 2288 qttae
1295 2207 1349 2282 id,
1384 2210 1470 2292 qttotl
1493 2205 1570 2271 velit
1591 2217 1698 2268 osteo·

383 2303 480 2375 dero,
512 2303 640 2363 assumit
662 2301 724 2362 hac
744 2311 861 2382 pacto:
895 2301 991 2364 nasis
1014 2312 1131 2363 aroem
1153 2301 1271 2364 melius
1290 2323 1395 2384 quam
1418 2301 1538 2365 omnis·
1551 2300 1698 2366 mentm

379 2392 673 2455 administratur?
708 2393 827 2472 Quarta
849 2405 909 2467 est,
934 2415 1014 2476 quae
1035 2395 1195 2474 approbat
1221 2393 1463 2476 assumptionem
1490 2387 1554 2458 hnc
1581 2395 1696 2458 modo:

382 2507 466 2548 nom
486 2497 519 2546 et
540 2484 722 2568 signorum
744 2498 842 2549 ortus
863 2496 894 2549 et
917 2487 1030 2550 obitus
1050 2486 1233 2564 definitum
1254 2487 1423 2572 quendam
1443 2485 1600 2550 ordinem
1625 2507 1697 2549 ser-

381 2589 482 2653 uant,
518 2589 552 2640 et
572 2599 708 2640 onnreae
733 2578 1016 2644 commutationes
1042 2594 1109 2642 non
1139 2579 1241 2643 modo
1261 2603 1308 2642 ex
1330 2579 1528 2644 necessitate
1549 2577 1740 2663 quadorum

381 2692 519 2753 semper
531 2671 649 2734 eodem
670 2672 772 2736 modo
785 2671 909 2750 fiunt,
932 2672 1168 2740 verumetiam
1189 2673 1236 2736 ad
1250 2673 1422 2738 utilitates,
1433 2694 1565 2758 petoque
1580 2693 1697 2734 rerum

383 2764 540 2828 omnium
571 2777 653 2828 sunt
675 2767 969 2829 accommodatae:
990 2778 1025 2830 et
1049 2765 1195 2828 dironae
1216 2777 1469 2850 nocturnaeque
1491 2763 1696 2827 uicissitudi-

381 2879 444 2922 nes
468 2860 564 2921 nulla
591 2881 629 2921 re
656 2881 808 2944 unquam
828 2872 998 2934 mmotae,
1035 2859 1239 2942 signiserant
1268 2881 1336 2924 uon
1358 2858 1521 2924 mediocri
1549 2857 1698 2940 quodam

381 2951 525 3015 consilio
546 2964 710 3019 naturam
740 2953 859 3018 mundi
878 2952 1130 3016 administrari.
1189 2952 1305 3032 Qtlinta
1329 2963 1377 3015 est
1399 2950 1582 3024 conclusio,
1615 2969 1697 3032 quiae

382 3045 416 3109 id
437 3046 552 3121 inlert,
577 3050 663 3128 quod
684 3069 725 3110 ex
747 3047 891 3110 omnibus
911 3044 1056 3130 partibus
1074 3045 1221 3130 cogitur,
1246 3047 1307 3110 hoc
1328 3047 1442 3109 modo:
1466 3043 1609 3132 consilii?
1631 3041 1696 3126 igi·
1708 3045 1739 3094 ²⁵

380 3152 444 3204 tur
463 3139 611 3203 mundus
631 3139 908 3206 adnumerum.
963 3141 1053 3203 Haec
1074 3149 1122 3202 est
1149 3136 1350 3203 ratiocinatio
1374 3140 1403 3202 in
1429 3135 1567 3223 quinique
1591 3147 1697 3215 prutes

381 3232 575 3308 distributa,
611 3255 704 3314 qttam
736 3255 844 3298 omnes
873 3235 914 3296 ab
942 3233 1117 3297 Aristotele
1145 3244 1177 3296 et
1212 3233 1438 3314 'l'lreophrasto
1465 3229 1603 3312 prolecti
1633 3249 1697 3289 toa·

380 3327 467 3390 xime
488 3325 589 3389 scritti
611 3325 703 3390 sunt:
739 3339 775 3390 ut
794 3327 879 3390 illam
901 3347 959 3408 per
979 3323 1192 3390 inductionem
1215 3325 1365 3390 Socrates
1397 3337 1427 3390 st
1454 3321 1609 3394 Socratici
1633 3332 1697 3382 tra·

380 3430 568 3482 maneronta
599 3430 629 3482 et
651 3440 729 3480 mox
752 3432 898 3484 oratores
922 3420 963 3481 ab
983 3418 1127 3502 utrisque
1149 3419 1389 3483 transtulerunt.
1444 3419 1488 3482 Et
1512 3427 1616 3478 tameo
1641 3413 1698 3476 ali·

381 3514 511 3596 quando
531 3522 580 3574 est
601 3511 829 3596 quadripertita
852 3511 1070 3588 ratiocinatio,
1107 3534 1204 3597 qtittm
1233 3522 1285 3575 aut
1307 3509 1536 3594 proponimus,
1575 3519 1628 3570 ant
1649 3519 1741 3568 anst

378 3603 531 3667 sumimus
551 3604 620 3668 sine
640 3604 884 3685 approbatione.
934 3604 974 3668 lt
995 3617 1098 3670 autem
1120 3605 1187 3669 lieri
1210 3607 1322 3681 debet,
1353 3627 1448 3694 quum
1471 3615 1525 3666 attt
1547 3599 1697 3683 proposi·

379 3696 430 3760 tio
458 3718 499 3760 cn
526 3717 561 3760 sc
592 3695 800 3780 intelligitur,
838 3708 897 3775 aut
926 3699 1099 3782 assumptio
1133 3699 1247 3764 nullius
1276 3695 1523 3782 ¹approbationis
1566 3694 1696 3776 indiget·

380 3793 464 3856 ltem
486 3802 535 3856 est
555 3803 588 3852 et
608 3789 765 3872 tripertita
795 3791 1017 3868 ratiocinatio,
1047 3791 1167 3868 idest,
1200 3792 1293 3856 trium
1317 3791 1450 3874 partium
1473 3786 1695 3872 syllogismus,

367 3883 437 3964 ,qui
457 3894 582 3947 constat
603 3882 849 3965 propositione,
873 3884 1133 3962 ratiocinatione,
1157 3885 1376 3950 conclusione.
1420 3883 1480 3958 Ut,
1505 3883 1630 3946 botrum
1647 3890 1697 3940 est

378 3977 511 4050 virtum
545 3997 626 4042 nam
653 3977 691 4040 id
717 3976 853 4040 demum
873 3977 1007 4045 bonum,
1020 3993 1090 4055 est,
1127 4003 1195 4065 quo
1222 4002 1321 4044 nemo
1350 3981 1437 4042 male
1475 3975 1528 4066 uti
1560 3983 1739 4056 pole-⁹335

380 4070 512 4149 nt'rtute⁴
534 4082 649 4134 atatem
675 4091 775 4136 nemo
808 4073 895 4133 male
923 4072 975 4134 uti
998 4085 1134 4156 potest,·
1161 4075 1285 4140 bonum
1307 4069 1607 4156 regnamundus.
1654 4065 1696 4126 Et

380 4173 494 4226 contu
515 4160 596 4226 idern
619 4163 842 4247 syllogismus:
880 4185 949 4226 non
966 4178 1018 4229 est
1039 4166 1164 4230 bonum
1184 4165 1350 4248 pecunia3
1371 4185 1440 4226 non
1461 4161 1551 4226 enim
1571 4161 1697 4222 burricus

378 4268 451 4332 est,
473 4279 542 4340 quo
562 4259 639 4342 puis
661 4260 748 4322 male
768 4259 822 4322 uti
839 4269 971 4341 potest:
987 4260 1137 4341 mannia
1157 4271 1272 4322 autem
1291 4270 1402 4342 potest
1425 4256 1501 4342 picis
1518 4256 1603 4318 rnale
1627 4251 1693 4323 uti;

380 4371 451 4414 non
473 4351 583 4432 igitur·
610 4351 736 4415 bouum
756 4364 809 4415 est
824 4351 986 4435 pecunia.
1045 4351 1309 4435 Syllogismortuu
1339 4349 1519 4432 propositio
1543 4357 1595 4408 aot
1618 4367 1694 4404 ron-

378 4443 465 4508 iessa
486 4454 534 4506 est
555 4440 610 4508 aut
631 4447 817 4527 probanda:
853 4444 1021 4520 consessa,
1057 4456 1108 4518 ut,
1143 4439 1261 4508 omnei
1293 4445 1427 4508 beatam
1455 4442 1559 4503 vitam
1588 4439 1697 4501 uiuere
1709 4441 1741 4490 tt

379 4538 510 4600 volunt.
561 4537 714 4623 Sequitur
737 4559 818 4624 ergo
840 4537 1071 4624 argumentatio
1092 4549 1125 4602 et
1145 4537 1308 4602 conclusio
1331 4537 1516 4618 probantu
1551 4547 1601 4607 ut,
1639 4531 1698 4616 qui

380 4631 518 4692 beatam
539 4621 643 4703 ritum
664 4631 774 4694 ninere
795 4635 898 4707 volet,
931 4631 1194 4714 philosophetur
1216 4641 1362 4714 oportet.
1421 4631 1495 4692 Non
1517 4629 1597 4689 onitu
1620 4646 1697 4689 con·

380 4723 515 4800 ceditur,
539 4723 596 4786 nisi
618 4722 802 4788 confirmata
824 4723 934 4788 luerit.
964 4724 1151 4808 Assumptio
1174 4745 1301 4810 quinque
1323 4721 1447 4786 interint
1464 4721 1606 4784 confessa
1630 4730 1695 4792 est;

451 4974 463 5020 l
470 4975 493 5020 l.
512 4975 572 5034 Lep.
583 4977 692 5036 rrgitor.
707 4977 777 5022 llam.
799 4973 840 5021 tt.
851 4975 910 5035 Lag.
924 4975 995 5021 notu
1000 4983 1082 5021 autern
1091 4999 1119 5010 -
1131 4974 1334 5022 administratur.
1349 4975 1420 5022 Bur.
1433 4973 1475 5022 21.
1484 4975 1545 5022 Cael.
1557 4971 1694 5020 tristatur.

455 5120 483 5170 t·
502 5115 563 5167 Cic.
582 5111 617 5167 tle
635 5115 740 5172 mneos
760 5112 783 5168 l.
803 5117 849 5173 Sl·
869 5117 914 5174 35.
933 5116 981 5174 58·
1001 5113 1120 5186 Qutnttt
1141 5113 1173 5171 tt.
1194 5113 1239 5172 tl.
