4434 5959
865 619 973 688 CAP.
996 619 1098 685 xm.
1125 617 1227 685 XIV.
1620 618 1684 682 239

772 788 872 855 xlv.
899 789 961 856 DE
983 787 1288 857 PARTITIONE.

420 945 438 1000 .’
459 933 503 996 Ει
533 935 572 996 de
599 929 773 1013 partitione
808 930 985 1015 quaesitum
1018 941 1086 1005 est,
1123 948 1162 992 an
1197 949 1234 994 ea
1261 945 1387 1011 semper
1415 939 1497 994 esset
1525 931 1685 1003 utendum,

375 1026 513 1090 Partitio
534 1037 637 1088 sertem
665 1038 712 1088 est
735 1034 914 1086 nostrarum
943 1033 996 1087 aut
1026 1020 1199 1086 adversarii
1226 1020 1479 1104 propositionum
1512 1033 1566 1084 aut
1594 1034 1685 1087 utro·

375 1140 510 1203 rumque
530 1118 563 1181 in
584 1118 725 1181 ordinem
747 1117 904 1182 collocata
927 1115 1136 1181 enrrmeratio.
1179 1116 1252 1180 Hae
1275 1115 1442 1200 aliquando
1457 1118 1603 1179 utendum
1620 1137 1683 1179 uon

375 1222 437 1274 est.
480 1213 622 1274 Primum
644 1214 717 1295 quia
739 1213 890 1293 pleraque
913 1210 1056 1296 gratiora
1078 1220 1168 1285 suut,
1191 1208 1219 1272 si
1235 1208 1359 1273 inventa
1381 1209 1488 1276 subito
1513 1229 1571 1273 nee
1588 1211 1709 1272 domo⁵

376 1306 499 1378 adlata,
537 1308 592 1367 sed
611 1305 693 1367 inter
721 1305 884 1367 dicendum
908 1326 949 1369 ex
974 1301 1094 1385 reipsa
1117 1313 1188 1366 nata
1211 1301 1387 1367 videantur.
1430 1305 1523 1370 Unde
1546 1303 1600 1367 illa
1620 1324 1686 1367 non

376 1398 544 1460 iniucunda
567 1399 744 1461 schemata:
765 1418 873 1478 poem
889 1398 1019 1461 excidit
1037 1396 1139 1467 mihi,-
1159 1408 1192 1459 et
1200 1395 1359 1486 fugerat
1380 1418 1451 1469 me,·
1471 1408 1503 1460 et
1516 1409 1606 1461 reete
1621 1397 1685 1460 ad-

377 1513 507 1553 mones.
561 1491 683 1555 Deinde
710 1494 797 1573 quod
822 1493 977 1554 interdum
1007 1492 1098 1553 etiam
1129 1490 1286 1557 fallendus
1314 1502 1362 1553 est
1385 1491 1499 1567 index,
1538 1502 1573 1555 ιιι
1600 1490 1686 1554 aliud

377 1584 430 1665 agi
453 1604 545 1667 quant
567 1587 654 1666 quod
675 1583 807 1665 petimus
827 1595 930 1666 putet.
974 1586 1054 1647 Nam
1075 1593 1123 1645 est
1144 1602 1366 1666 nonnunquam
1389 1585 1466 1645 dura
1489 1584 1682 1665 propositio,

376 1698 471 1760 quarn
491 1676 586 1741 iudex
603 1677 631 1740 si
651 1677 828 1758 praevidit,
862 1697 924 1739 nou
947 1677 1039 1739 aliter
1056 1675 1262 1751 reformidat,
1287 1698 1380 1753 quam
1401 1675 1457 1759 qui
1475 1676 1592 1740 lerrum
1619 1697 1682 1741 ure·
1696 1684 1727 1733 ιθ

377 1770 439 1833 diei
468 1771 576 1852 prius,
612 1791 704 1851 quam
730 1783 876 1845 curetur,
914 1769 1053 1852 aspexit.
1098 1771 1145 1832 At
1169 1768 1196 1832 si
1224 1772 1262 1831 de
1280 1790 1315 1832 re
1340 1790 1402 1832 nou
1425 1782 1496 1832 ante
1516 1772 1685 1853 proposita

377 1885 521 1926 securum
540 1886 577 1926 ae
597 1864 680 1925 nulla
700 1864 937 1928 densentiatione
956 1864 1035 1926 inse
1055 1882 1245 1925 conversum
1266 1863 1390 1926 intrarit
1409 1862 1533 1937 oratio,
1558 1862 1683 1936 efficiet,

377 1960 464 2039 quod
496 1955 690 2037 promittenti
718 1978 781 2020 noo
810 1960 1007 2019 crederetur.
1060 1955 1185 2019 Deinde
1220 1957 1405 2038 refugienda
1434 1958 1588 2019 interdum
1622 1976 1686 2017 nou

379 2053 475 2113 modo
497 2049 625 2130 partitio
646 2050 880 2131 quaestionum,
898 2051 953 2112 sed
971 2048 1101 2112 omnino
1124 2049 1270 2113 tractatio
1288 2062 1354 2124 est,
1377 2060 1409 2111 et
1432 2048 1596 2111 affectibus
1618 2060 1686 2111 mr-

379 2145 499 2206 baudus
521 2155 552 2203 et
574 2145 613 2203 ab
636 2142 807 2205 intentione
830 2144 1019 2207 auferendus
1044 2140 1181 2204 eruditor.
1238 2144 1314 2205 Non
1337 2140 1545 2205 eninr‘solnm
1577 2152 1727 2204 orato-15

378 2258 431 2299 res
449 2239 581 2308 dooere,
615 2238 668 2296 sed
692 2257 912 2321 nonnunquam
934 2236 1005 2318 plus
1035 2238 1149 2297 debent
1172 2256 1313 2299 movere.
1373 2234 1434 2299 Cui
1456 2233 1615 2298 contraria
1638 2244 1688 2296 est

380 2328 511 2390 maxime
533 2327 634 2389 tenuis
656 2328 707 2389 illa
722 2342 754 2390 et
775 2330 962 2410 scrupulosa
985 2328 1136 2411 partitio:
1167 2331 1253 2412 quod
1271 2328 1445 2403 interdum,
1469 2351 1550 2411 quae
1572 2351 1632 2411 per
1651 2349 1687 2391 se

379 2422 461 2483 levia
482 2432 553 2483 sunt
575 2433 605 2482 et
623 2421 765 2496 infirma,
802 2426 1002 2506 congerenda
1024 2433 1096 2491 sunt
1118 2433 1151 2485 et
1171 2425 1263 2486 turb'a
1290 2423 1414 2498 valent,
1449 2434 1483 2486 ut
1505 2423 1592 2485 velut
1614 2442 1688 2485 eru·

379 2514 488 2596 ptione
515 2525 694 2597 pugnetur,
732 2518 818 2599 quod
850 2527 952 2578 tamen
977 2536 1082 2578 rurum
1105 2536 1174 2579 esse
1197 2518 1290 2578 debet
1311 2526 1342 2577 et
1360 2535 1399 2577 ex
1425 2514 1612 2581 necessitate
1631 2516 1687 2577 de-

378 2629 484 2681 mmu3
516 2630 611 2689 quum
638 2609 700 2671 boe
726 2608 849 2689 ipsum,
887 2612 975 2695 quod
1006 2608 1154 2671 dissimile
1181 2607 1298 2672 rationi
1327 2618 1391 2682 est,
1422 2608 1567 2691 ooiigerit
1588 2606 1729 2670 radoan

379 2701 513 2764 Praeter
531 2702 609 2763 baec
628 2701 660 2763 in
679 2703 763 2766 omni
782 2704 952 2783 partitione
970 2714 1019 2766 est
1040 2702 1148 2785 utique
1169 2701 1289 2787 aliquid
1309 2700 1575 2784 potentissimum,
1600 2702 1687 2784 quod

379 2814 473 2875 quirun
505 2794 635 2864 audierit
662 2794 769 2869 iudex,
805 2807 910 2859 cetera
942 2810 1096 2879 tamquam
1126 2817 1323 2877 supervacua
1348 2795 1475 2891 grauari
1497 2795 1591 2858 solet.
1636 2794 1686 2857 De

379 2887 435 2949 illo
457 2908 584 2970 quoque
606 2908 724 2971 genere
746 2888 938 2953 defensionis
959 2893 1144 2973 plerumque
1163 2889 1342 2953 dubitatur:
1377 2889 1409 2952 ai
1428 2887 1558 2961 occidi,
1596 2899 1687 2950 reete

366 2977 469 3071 f001'3
502 2980 650 3043 sednon
672 2981 794 3044 occidi.
853 2983 926 3063 Quo
948 2986 1028 3048 enim
1051 2984 1188 3066 pertinet
1203 2983 1310 3065 prius,
1341 2982 1368 3048 si
1386 3002 1522 3064 sequens
1545 2980 1686 3043 liruussi·

380 3096 462 3135 mum
486 3072 557 3136 est?
577 3084 726 3157 sequente
748 3074 847 3152 enim,
880 3075 1023 3141 simodo
1045 3076 1249 3144 indubitabile
1270 3089 1335 3151 est,
1360 3078 1431 3141 solo
1452 3076 1597 3138 utendum
1624 3086 1685 3137 est.
1697 3080 1728 3129 25

380 3170 503 3230 Verum
522 3169 664 3229 tamensi
678 3168 753 3250 quid
771 3168 802 3230 in
824 3190 886 3243 eo,
909 3174 998 3253 quod
1012 3183 1058 3233 est
1077 3170 1212 3245 fortius,
1238 3170 1432 3258 timebimus,
1456 3178 1589 3251 utraque
1608 3189 1686 3249 pro·

379 3261 508 3323 batione
526 3262 673 3324 nitamur.
729 3263 821 3325 Alius
844 3263 925 3325 enim
948 3264 1011 3327 alio
1038 3265 1160 3328 moveri
1177 3264 1273 3327 solet.
1318 3265 1360 3327 Et
1383 3262 1437 3347 qui
1456 3260 1574 3325 lacteum
1597 3273 1687 3343 puta·

380 3352 445 3427 bit,
480 3353 594 3417 iustum
615 3357 746 3418 eredere
774 3366 897 3437 potest;
928 3368 959 3419 et
981 3357 1034 3438 qui
1053 3370 1207 3440 tamquam
1230 3355 1313 3422 iusto
1331 3377 1394 3420 nou
1413 3355 1613 3430 movebitur,
1636 3355 1686 3418 ln·

380 3456 464 3508 etum
485 3447 623 3511 fortasse
650 3470 714 3511 non
740 3454 858 3511 credet.
916 3450 960 3513 Ut
982 3462 1067 3512 certa
1094 3471 1202 3511 manuus
1226 3470 1289 3513 uuo
1311 3451 1375 3513 telo
1395 3459 1501 3531 potest
1523 3467 1592 3516 esse
1610 3469 1688 3511 eon-

379 3550 484 3615 tenta,
507 3542 625 3604 ineerta
645 3543 736 3624 plura
756 3544 932 3625 spargenda
953 3553 1047 3616 sunt,
1078 3554 1112 3604 ut
1133 3542 1174 3605 sit
1196 3554 1227 3605 et
1248 3542 1395 3606 fortunae
1417 3542 1520 3605 loeus.
1564 3542 1609 3605 Ut
1627 3561 1687 3622 pro
1699 3545 1730 3594 3⁰

379 3632 506 3695 Milone
530 3634 743 3698 insidiatorem
773 3635 906 3715 priumm
928 3635 1066 3697 ostendit
1089 3635 1256 3709 Clodium
1286 3646 1349 3696 turn
1371 3654 1413 3697 ex
1438 3634 1605 3697 abundanti
1634 3636 1690 3695 ad·

379 3726 478 3801 didit,
502 3728 593 3790 etiam
613 3734 641 3792 si
659 3729 690 3791 id
713 3750 776 3792 non
796 3728 920 3803 luisset,
958 3730 1051 3791 talem
1072 3730 1174 3791 civem
1196 3750 1266 3790 eum
1292 3747 1403 3809 magna
1421 3726 1538 3790 virtute
1557 3726 1688 3790 iuterfe-

378 3820 478 3883 etoris
500 3820 607 3885 necari
629 3823 784 3905 potuisse.
829 3820 983 3902 Quotiens
1002 3831 1104 3884 tameo
1120 3824 1179 3885 beo
1200 3819 1316 3903 duplici
1337 3819 1518 3884 defensione
1540 3822 1689 3882 utendum

379 3924 444 3991 est,
468 3913 627 3980 nitendum
648 3929 714 3989 est,
737 3931 771 3979 ιιι
792 3918 823 3979 in
845 3918 929 3980 illam
950 3927 1073 4000 partem
1097 3927 1279 4000 sequentem
1300 3914 1378 3976 fides
1401 3935 1441 3976 ex
1462 3912 1570 3995 priore
1591 3914 1687 3976 duca·

378 4016 445 4071 tur.
497 4010 614 4074 Potest
635 4011 718 4074 enim
740 4010 857 4087 videri,
895 4011 948 4096 qui
970 4022 1040 4075 uuo
1064 4009 1155 4073 etiam
1182 4009 1382 4073 confessurus
1405 4006 1485 4083 luit,
1523 4004 1732 4070 mentiendi³⁵

382 4120 508 4166 caluam
536 4102 569 4166 in
595 4108 741 4190 negando
772 4128 836 4170 non
864 4108 994 4170 habere.
1051 4105 1095 4168 Et
1124 4103 1200 4167 illud
1226 4102 1333 4187 utique
1355 4099 1529 4165 laciendum
1551 4111 1625 4174 est,
1655 4109 1691 4162 ut

383 4194 532 4277 quotiens
550 4199 743 4281 suspicamur
756 4200 889 4263 iudieern
900 4200 991 4263 aliam
1009 4196 1229 4282 probationem
1247 4194 1442 4268 desiderare,
1466 4215 1557 4278 quam
1575 4194 1613 4256 de
1629 4211 1692 4276 que

382 4284 562 4377 loquimur,
585 4292 804 4374 promittamus
826 4315 885 4357 nos
906 4293 1010 4357 statim
1031 4293 1124 4374 plene
1143 4290 1218 4354 satis
1236 4310 1307 4352 esse
1326 4288 1482 4351 factm-os.
1525 4287 1693 4369 Frequen-

383 4394 435 4444 ter
453 4394 555 4447 autem
579 4387 749 4467 urseipitur
767 4408 861 4450 earrsa
884 4407 995 4470 parum
1020 4386 1215 4459 verecunda,
1237 4385 1293 4446 sed
1313 4380 1382 4446 iure
1405 4391 1489 4454 tuta,
1511 4381 1551 4442 de
1570 4398 1636 4461 quo
1652 4399 1692 4442 ne

384 4472 474 4539 inviti
495 4477 612 4543 iudices
639 4483 784 4554 audiant,
816 4480 1012 4566 frequentius
1034 4491 1106 4543 sunt
1130 4476 1315 4542 admonendi
1335 4488 1510 4540 secuturam
1532 4472 1747 4537 defensio-⁴⁰*

384 4588 455 4632 nem
476 4574 662 4653 probitatis,
686 4586 721 4639 ut
742 4588 927 4659 exspectent
941 4586 972 4636 et
993 4573 1045 4656 agi
1063 4574 1176 4637 ordine
1194 4571 1308 4636 sinant.
1352 4570 1513 4651 Quaedam
1533 4587 1594 4631 nos
1612 4565 1694 4630 invi·

384 4662 425 4725 tis
450 4663 663 4749 litigatoribus
677 4668 881 4733 simulandum
903 4680 951 4735 est
964 4668 1082 4731 dicere.
1125 4669 1377 4748 Nonnunquam,
1399 4663 1426 4727 si
1443 4662 1692 4744 interpellamur,

385 4755 426 4816 ab
452 4754 501 4819 bis
519 4758 710 4823 subsistere:
733 4783 827 4845 saepe
849 4763 1019 4827 avertenda
1043 4762 1082 4823 ad
1099 4762 1187 4843 ipsos
1206 4760 1328 4825 oratio:
1353 4757 1497 4823 hortandi
1523 4752 1635 4829 etiam,
1658 4763 1695 4815 ut

386 4850 488 4915 sinant
509 4874 568 4917 nos
597 4853 644 4917 uti
666 4866 777 4919 nostro
805 4854 951 4920 consilio.
995 4856 1047 4918 lta
1067 4864 1250 4937 surrepetur
1270 4851 1375 4917 animo
1396 4850 1529 4927 iudicis,
1566 4860 1598 4911 et
1621 4850 1693 4911 dum

1620 4969 1691 4979 —

459 5018 484 5067 7.
503 5020 641 5083 redemero]
660 5025 694 5069 lta
713 5022 737 5068 2.
758 5037 843 5080 uranu
870 5028 895 5070 at
912 5023 932 5070 l.
951 5030 1076 5079 sermore,
1105 5030 1131 5069 at
1153 5024 1214 5081 opud
1233 5025 1387 5070 Frontonem.
1426 5018 1467 5066 ll.
1487 5020 1548 5066 (lod.
1568 5025 1693 5063 curratur.

524 5093 570 5137 Sed
595 5099 659 5139 reete
687 5095 786 5151 Quintil.
815 5096 858 5139 lv.
884 5092 909 5140 6.
946 5091 988 5144 42.
1013 5094 1073 5153 Les.
1097 5096 1171 5155 queri
1190 5094 1376 5153 interpellemur
1396 5092 1424 5136 ab
1444 5088 1503 5145 dir,
1527 5089 1597 5135 suba.
1622 5090 1693 5134 Barr.

524 5158 568 5207 44.
586 5164 725 5223 surripitur
742 5163 786 5208 Ed.
806 5163 876 5208 Rom.
1282 5179 1293 5198 ⁰
1602 5172 1607 5181 '
