4434 5959
927 634 1017 702 tut.
1038 634 1088 701 11.
1243 582 1245 587 ⁵
1611 636 1670 701 tat

354 772 431 851 atis,
454 794 536 857 quae
555 772 587 837 io
604 772 709 857 primo
729 775 910 859 plenissima
928 786 1061 839 tractata
1083 786 1149 850 est,
1172 776 1227 837 sed
1247 776 1285 837 de
1307 770 1500 857 argumentis
1522 773 1672 857 loquatur

352 866 390 929 io
408 888 625 951 unoquoque
648 890 969 953 genet-ecattsarttm3
1002 869 1120 945 idest,
1158 868 1191 931 in
1212 869 1425 943 coniectura,
1441 867 1539 944 sute,
1562 866 1672 950 quali·

354 970 453 1035 tate,
474 960 718 1034 translations,
747 973 779 1024 et
799 963 914 1025 ceteris
939 963 987 1025 his
1008 960 1228 1024 incidentibus.
1274 962 1318 1025 Et
1342 962 1444 1041 potuit
1467 960 1588 1042 quidem
1610 962 1672 1023 hoc

353 1073 432 1115 esse
455 1064 643 1127 contentus,
675 1061 712 1116 ui
731 1054 910 1135 specialiter
936 1056 975 1117 dc
995 1052 1271 1117 constitutionibus
1289 1052 1407 1115 diceret
1429 1053 1459 1115 iu
1482 1074 1671 1137 quocunque

355 1166 482 1228 genere
501 1168 683 1221 cattsarum3
712 1169 794 1231 quae
819 1158 923 1211 essent
944 1146 1148 1211 confirmandi
1179 1157 1365 1227 praecepta,
1398 1168 1478 1230 quoe
1497 1149 1705 1229 reprobet-i*

355 1238 468 1301 deodi.
514 1239 637 1301 Verum
660 1240 807 1323 quoniam
833 1240 901 1322 ipsa
931 1259 1058 1325 quoque
1091 1260 1206 1321 genera
1236 1260 1397 1301 cattsarum
1432 1252 1567 1322 propter
1596 1261 1671 1304 auos

354 1332 442 1393 lines
467 1330 613 1394 diversos
641 1332 765 1395 diversa
795 1346 961 1415 praecepta
994 1333 1190 1407 desiderant,
1232 1353 1326 1415 qutun
1364 1332 1536 1395 iudicialis
1558 1334 1672 1395 habeat

355 1424 571 1506 aequitatem,
600 1425 846 1488 demonstratio
867 1428 1078 1501 honestatem,
1110 1425 1309 1489 deliberatio
1331 1426 1525 1487 honestatem
1555 1436 1587 1487 et
1609 1424 1671 1487 uti·

355 1516 501 1591 litatem
533 1518 740 1580 confirmandi
768 1530 800 1581 et
825 1519 1074 1600 reprehendendi
1094 1531 1282 1601 praecepta,
1312 1518 1476 1599 quaesiui
1498 1518 1528 1579 in
1551 1517 1671 1579 consti·

356 1610 503 1672 tutiones
533 1611 687 1693 singulas,
723 1610 828 1673 divisit
855 1612 886 1673 in
908 1613 1061 1675 iudiciali
1087 1634 1203 1694 genere
1239 1632 1421 1673 cotteanum:
1457 1611 1488 1673 iu
1511 1624 1669 1693 postrema
1684 1630 1713 1681 to

357 1702 437 1764 libri
454 1712 547 1784 parte
571 1706 609 1766 de
632 1702 888 1767 deliberatione'
904 1716 937 1768 ei
956 1706 1245 1769 demonstratione
1267 1716 1400 1785 propter
1420 1704 1497 1768 lines
1519 1704 1672 1785 proprios

356 1794 468 1878 aliqua
483 1805 686 1860 tractaturus.
731 1797 892 1878 Exposita
912 1817 1046 1880 genere3
1070 1799 1172 1880 (quod
1194 1796 1374 1880 eloquentia
1389 1816 1498 1879 magna
1520 1807 1551 1857 et
1569 1796 1671 1877 ampla

355 1908 438 1970 pars
469 1900 517 1950 est
544 1888 648 1951 civilis
668 1889 826 1952 ettiusdam
855 1890 1019 1968 rationis):
1055 1888 1212 1973 [officio];
1250 1889 1398 1970 (officium
1428 1890 1494 1951 citts
1521 1890 1597 1951 artis
1624 1900 1672 1951 est

357 1981 468 2042 dicere
489 1979 635 2062 apposite
657 1984 697 2044 ad
718 1984 994 2063 persuadendum);
1019 1984 1128 2065 [linc]:
1151 1983 1255 2060 (linis,
1287 1983 1474 2065 persuadere
1497 1980 1669 2055 dictiouet)

358 2074 516 2146 materia,
545 2074 648 2155 (quod
676 2070 840 2152 ὑπόθεσις
866 2075 924 2140 sit:
960 2098 1023 2140 nort
1050 2090 1153 2139 autem
1181 2077 1302 2153 omnia,
1339 2088 1374 2141 ut
1401 2074 1503 2137 voluit
1532 2072 1671 2156 Gorgias
1684 2083 1714 2132 ti

358 2165 563 2227 Leontinus:
587 2176 640 2227 aut
661 2166 753 2229 etiam
777 2172 893 2243 θέσις,
917 2180 951 2230 ut
965 2169 1066 2233 voluit
1080 2172 1329 2249 Hermagoras)t
1354 2167 1517 2250 partibus,
1548 2166 1672 2243 (inven-

358 2256 430 2332 tio,
453 2257 639 2338 dispositio,
663 2258 823 2335 elocutio,
849 2260 1017 2335 memoria,
1041 2261 1276 2342 pronuntiatio:
1300 2281 1415 2345 genera
1436 2259 1672 2323 controversia·

360 2370 454 2425 rum,
476 2350 510 2412 id
534 2364 592 2426 est,
615 2373 732 2435 genera
750 2375 933 2429 eattsarttm3
955 2355 1135 2429 iudiciale,
1159 2354 1434 2428 deliberativum,
1458 2354 1671 2417 demonstra-

359 2442 503 2522 tt'tntm).·
529 2442 733 2508 inventione:
756 2448 840 2526 (nato
863 2449 902 2509 tle
922 2447 1060 2533 quinque
1086 2447 1230 2530 partibus
1251 2447 1352 2511 solam
1375 2445 1587 2510 inventionem
1606 2457 1672 2509 tra·

362 2830 392 2885 h
439 2759 709 2885 Ἀεὶίιῆωπίειεισα]
739 2756 805 2819 ¹Sive
834 2765 916 2809 stata
940 2758 1137 2820 coniecturalis
1173 2758 1254 2833 vulgo
1282 2772 1383 2813 vocant
1412 2762 1599 2831 quaestionem
1638 2754 1672 2811 dc'

392 2846 449 2886 cto.
544 2869 551 2886 .

437 2905 510 2961 ibid.
522 2904 601 2980 fine]
632 2908 694 2960 Siue
716 2914 794 2959 statu
811 2903 978 2979 definitiva,
1005 2906 1053 2961 ubl
1077 2912 1218 2981 quaedum
1240 2924 1295 2979 quo
1320 2910 1433 2961 nomios
1459 2922 1521 2973 res,
1550 2906 1618 2977 qna'e
1642 2908 1672 2959 itt

363 2978 492 3037 confesso
511 2998 564 3047 est,
586 2980 744 3053 appellanda
764 2987 810 3035 sit.
830 2984 912 3034 Care.

439 3062 467 3117 ὅ.
485 3056 683 3124 translatione]
714 3057 776 3109 Sive
794 3057 1071 3118 statutrenslatiuor
1089 3054 1169 3128 volgo
1188 3055 1284 3111 dicunt
1307 3058 1552 3129 praescriptionem
1577 3066 1606 3107 et
1627 3071 1674 3107 ex·
1748 3106 1754 3116 ,

363 3137 520 3207 ceptionem
541 3132 636 3185 iudicii
656 3130 873 3185 declinamriam.
893 3132 975 3185 Cirr.

440 3214 485 3263 10.
505 3211 536 3257 in
554 3209 780 3275 constitutiones]
799 3206 875 3261 Alias
893 3205 1024 3260 dicuntur
1041 3220 1129 3259 statos
1142 3208 1332 3277 quaestionum
1346 3208 1548 3271 oratoriarum,
1568 3204 1673 3259 Graece

365 3282 641 3425 aeneisqupiithn
667 3355 760 3407 civilis
782 3352 926 3407 enittsdant
952 3356 1083 3421 rationis]
1119 3356 1264 3425 Perperam
1291 3350 1431 3425 legebatur
1456 3368 1552 3419 antea,
1580 3354 1674 3405 civilis

362 3428 507 3484 eniudmn
535 3434 688 3488 orationiss
718 3428 765 3483 sed
789 3428 934 3501 legendnm
959 3446 1018 3481 esse
1043 3434 1179 3493 rationis,
1209 3428 1296 3500 liquet
1323 3448 1356 3481 ex
1376 3429 1450 3482 hisce
1478 3445 1558 3501 sopra
1580 3429 1672 3482 relatis

363 3505 449 3558 Tullii
470 3503 575 3558 serbis:
594 3504 688 3556 civilis
702 3502 837 3574 quaedam
859 3510 935 3555 ratio
953 3511 1014 3568 est,
1031 3522 1101 3575 quae
1114 3506 1210 3556 multis
1226 3511 1254 3556 et
1273 3508 1386 3572 magnis
1401 3522 1437 3554 ea·
1459 3504 1541 3554 rebus
1553 3512 1673 3559 canstat.

362 3578 434 3632 Eitea
452 3577 587 3651 quaedam
604 3596 711 3646 magna
729 3586 759 3629 et
775 3581 869 3649 ampla
885 3596 956 3649 pars
974 3586 1019 3629 est
1035 3577 1195 3650 artificiosa
1218 3580 1383 3651 eloquentia.
1412 3579 1498 3635 Cart.
1536 3580 1603 3651 (Pro
1623 3596 1674 3631 ra-

363 3660 451 3709 tionis
469 3652 519 3709 Cd.
538 3656 598 3707 Bas.
619 3662 679 3707 Aac.
699 3653 740 3709 St.
758 3653 834 3708 Attin
854 3683 891 3697 -
909 3657 1087 3724 quaestionis.
1114 3652 1180 3726 Oe.)
1755 3716 1760 3723 Ι

439 3728 483 3785 tls.
508 3736 536 3780 et
555 3725 668 3800 officia]
690 3728 763 3781 llaec
786 3726 882 3793 uerba,
902 3744 971 3799 quae
993 3732 1021 3781 itt
1044 3729 1217 3801 praecedenti
1237 3724 1358 3784 editione
1378 3724 1615 3791 desiderabantur,
1642 3746 1675 3780 ex

363 3804 431 3857 edit.
468 3802 619 3858 Basilceosi
644 3808 824 3858 restituimus.
853 3804 937 3858 Cart.
975 3799 1135 3857 Stalticiebat
1162 3800 1273 3876 afficio.
1310 3802 1446 3857 Similiter
1474 3819 1538 3855 mox
1569 3806 1672 3856 inserui

402 3896 460 3933 ne.
483 3876 539 3931 Oa.

365 3876 404 3947 [fi
437 3880 487 4011 ii·
505 3956 641 4017 materia,
666 3950 741 4021 quod
765 3948 912 4017 ὑπόθεσις
937 3952 992 4023 stt]
1031 3952 1065 4007 lo
1086 3951 1154 4007 edit.
1190 3950 1276 4007 Basil.
1300 3951 1474 4023 quodcunque
1496 3956 1526 4004 in
1547 3950 1675 4005 civiit‘dtss

364 4031 490 4099 negotiis
508 4031 656 4095 reperitur.
676 4027 759 4079 Care.

439 4106 484 4162 16.
502 4110 554 4153 atet
572 4106 658 4152 etiarn
676 4101 774 4169 dioto]
795 4102 828 4154 in
846 4098 913 4154 edit.
932 4099 1015 4155 uasti.
1040 4102 1101 4155 Nee
1118 4106 1203 4153 etiarn
1215 4117 1316 4153 eamus
1327 4108 1356 4153 et
1375 4104 1548 4169 quaestiones
1565 4118 1675 4163 omnes,-

364 4175 414 4231 abl
432 4194 484 4251 pro
504 4177 547 4247 τῷ
565 4192 666 4227 missas
682 4172 825 4249 legendum
845 4176 950 4229 ridetur
969 4193 1078 4229 causae.
1098 4176 1182 4231 Cane.

439 4251 484 4308 lb.
512 4249 646 4303 Partibus
664 4254 817 4317 (inventio,
836 4250 984 4320 dispositio
1003 4250 1086 4325 cet.)]
1126 4249 1175 4303 vel
1194 4248 1269 4304 deest
1288 4244 1323 4307 τὸ
1343 4268 1411 4321 qim
1430 4257 1510 4315 tunt,
1531 4248 1572 4302 rel
1592 4248 1673 4302 verba

365 4325 435 4381 haec
456 4330 597 4386 inventio,
616 4325 762 4396 dispositio
780 4341 834 4380 cet.
853 4343 869 4377 e
887 4330 1011 4400 margine
1030 4330 1059 4380 ln
1077 4340 1236 4379 contextum
1262 4329 1438 4397 irrepserunt.
1487 4326 1616 4378 Ceterum
1644 4329 1674 4379 in
1713 4369 1716 4378 .

367 4400 433 4455 edit.
452 4399 538 4454 Basil.
556 4400 672 4475 legitur:
687 4408 787 4471 partes
804 4408 898 4453 autent
916 4406 975 4453 eius
992 4409 1075 4459 sunit
1100 4405 1243 4465 inventia,
1263 4397 1408 4468 dispositio
1427 4414 1481 4453 cet.
1503 4416 1571 4470 quae
1591 4400 1674 4453 lectio

367 4472 519 4550 spernenda
538 4492 595 4529 aon
615 4491 672 4535 ests
700 4490 759 4529 eam
777 4491 869 4528 tamen
888 4480 916 4527 in
934 4490 1092 4528 contextam
1112 4493 1167 4528 non
1187 4478 1358 4545 recepimus,
1383 4491 1414 4527 eo
1441 4472 1514 4545 quod
1533 4473 1676 4549 perturba·

368 4567 410 4605 ret
430 4550 504 4603 itane
516 4554 650 4604 orationis
670 4550 876 4603 Victorinianae
898 4555 1015 4604 seriem:
1034 4554 1163 4622 exposita
1182 4566 1312 4619 genere.
1332 4555 1506 4604 ..materia
1526 4587 1534 4603 .
1554 4587 1561 4603 .
1583 4568 1677 4623 ‚par-

368 4626 442 4679 tues
459 4660 581 4681 .....
617 4630 787 4678 inventione.
806 4626 891 4679 Care.

443 4699 682 4767 19.1nuenttone]
716 4701 861 4772 Perpetem
881 4698 1021 4771 legebatur
1039 4704 1135 4768 (ettam
1155 4704 1185 4755 itt
1203 4699 1254 4754 Cd.
1280 4694 1355 4771 Bas.)
1379 4702 1564 4756 inventiones.
1602 4700 1675 4754 Natu

369 4772 423 4827 ltoc
440 4790 543 4827 noman
563 4772 679 4828 refertor
699 4774 731 4827 sd
760 4774 968 4829 antecedentem
986 4776 1063 4829 illam
1081 4776 1265 4829 locutionem:
1297 4772 1433 4846 Exposita
1458 4792 1575 4843 genere,-
1606 4774 1676 4827 adeo

370 4864 400 4904 ttt
415 4865 511 4903 sestam
528 4852 582 4902 alt:
602 4855 733 4919 exposita
752 4856 837 4902 etiam
855 4855 1022 4903 inventione.
1042 4854 1124 4905 Care.

442 4923 486 4981 ti.
510 4922 544 4975 de
566 4928 683 4994 quinque
698 4924 839 4995 partibas]
873 4930 956 4977 Antea
975 4922 1130 4997 legebatur:
1157 4926 1254 4997 (ctiam
1281 4927 1308 4975 io
1328 4921 1397 4979 cod.
1417 4922 1491 4990 Bas.)
1510 4922 1544 4974 de
1561 4928 1693 4993 quinque*

369 5000 498 5067 pertitus
515 5003 673 5061 orationis,-
705 4998 752 5053 sed
781 5004 917 5073 genitivus
943 4999 989 5053 iile
1018 5002 1159 5052 orationis
1183 5014 1324 5072 perperam
1347 4998 1400 5051 litte
1423 5002 1543 5052 intrusus
1566 5014 1624 5051 etat
1645 5016 1677 5049 ex

370 5092 446 5127 sessu
464 5078 653 5147 consequenti.
691 5076 762 5129 itam
792 5078 930 5140 intentio,
961 5072 1125 5145 dispositio,
1144 5075 1265 5129 elocutio
1292 5089 1345 5127 cet.
1374 5089 1438 5129 tunt
1455 5072 1566 5146 quidem
1586 5088 1676 5147 partct

372 5151 423 5223 τῆς
439 5154 622 5229 ρητορικῆς,
640 5164 698 5205 stoa
717 5166 808 5205 sutem
829 5154 975 5206 orationis.
996 5152 1080 5205 Cere.
