<?xml version="1.0" encoding="UTF-8"?>
<!DOCTYPE html PUBLIC "-//W3C//DTD XHTML 1.0 Transitional//EN"
    "http://www.w3.org/TR/xhtml1/DTD/xhtml1-transitional.dtd">
<html xmlns="http://www.w3.org/1999/xhtml" xml:lang="en" lang="en">
 <head>
  <title>
</title>
<meta http-equiv="Content-Type" content="text/html;charset=utf-8" />
  <meta name='ocr-system' content='tesseract 3.04.00' />
  <meta name='ocr-capabilities' content='ocr_page ocr_carea ocr_par ocr_line ocrx_word'/>
</head>
<body>
  <div class='ocr_page' id='page_1' title='image "./operaquaesupers09halmgoog/operaquaesupers09halmgoog_0089.png"; bbox 0 0 4434 5959; ppageno 0'>
   <div class='ocr_carea' id='block_1_1' title="bbox 960 541 1677 606">
    <p class='ocr_par' dir='ltr' id='par_1_1' title="bbox 960 541 1677 606">
     <span class='ocr_line' id='line_1_1' title="bbox 960 541 1677 606; baseline -0.003 0"><span class='ocrx_word' id='word_1_1' title='bbox 960 541 1051 606; x_wconf 91' lang='lat' dir='ltr'>LlB.</span> <span class='ocrx_word' id='word_1_2' title='bbox 1075 541 1104 604; x_wconf 87' lang='lat' dir='ltr'>l.</span> <span class='ocrx_word' id='word_1_3' title='bbox 1640 541 1677 604; x_wconf 79' lang='lat' dir='ltr'>tt</span> 
     </span>
    </p>
   </div>
   <div class='ocr_carea' id='block_1_2' title="bbox 285 679 1726 3844">
    <p class='ocr_par' dir='ltr' id='par_1_2' title="bbox 285 679 1724 2349">
     <span class='ocr_line' id='line_1_2' title="bbox 369 679 1678 763; baseline -0.004 -18"><span class='ocrx_word' id='word_1_4' title='bbox 369 679 497 745; x_wconf 77' lang='lat' dir='ltr'>viventi</span> <span class='ocrx_word' id='word_1_5' title='bbox 520 691 765 761; x_wconf 77' lang='lat' dir='ltr'>praeceptores,</span> <span class='ocrx_word' id='word_1_6' title='bbox 798 683 854 743; x_wconf 84' lang='lat' dir='ltr'>sed</span> <span class='ocrx_word' id='word_1_7' title='bbox 875 702 956 763; x_wconf 82' lang='lat' dir='ltr'>quos</span> <span class='ocrx_word' id='word_1_8' title='bbox 977 679 1141 755; x_wconf 74' lang='lat' dir='ltr'>habuerit,</span> <span class='ocrx_word' id='word_1_9' title='bbox 1178 683 1400 763; x_wconf 85' lang='lat' dir='ltr'>quaerendum.</span> <span class='ocrx_word' id='word_1_10' title='bbox 1444 680 1566 744; x_wconf 83' lang='lat' dir='ltr'>Deinde</span> <span class='ocrx_word' id='word_1_11' title='bbox 1588 681 1678 744; x_wconf 87' lang='lat' dir='ltr'>etiam</span> 
     </span>
     <span class='ocr_line' id='line_1_3' title="bbox 368 775 1683 857; baseline -0.002 -19"><span class='ocrx_word' id='word_1_12' title='bbox 368 778 422 838; x_wconf 78' lang='lat' dir='ltr'>hic</span> <span class='ocrx_word' id='word_1_13' title='bbox 444 775 739 837; x_wconf 78' lang='lat' dir='ltr'>animadvertendus</span> <span class='ocrx_word' id='word_1_14' title='bbox 759 777 840 838; x_wconf 89' lang='lat' dir='ltr'>ordo</span> <span class='ocrx_word' id='word_1_15' title='bbox 862 788 932 851; x_wconf 84' lang='lat' dir='ltr'>est,</span> <span class='ocrx_word' id='word_1_16' title='bbox 957 788 1121 857; x_wconf 81' lang='lat' dir='ltr'>postquam</span> <span class='ocrx_word' id='word_1_17' title='bbox 1145 775 1250 836; x_wconf 86' lang='lat' dir='ltr'>literas</span> <span class='ocrx_word' id='word_1_18' title='bbox 1272 775 1341 857; x_wconf 91' lang='lat' dir='ltr'>quis</span> <span class='ocrx_word' id='word_1_19' title='bbox 1358 775 1499 836; x_wconf 77' lang='lat' dir='ltr'>didicerit</span> <span class='ocrx_word' id='word_1_20' title='bbox 1515 787 1546 836; x_wconf 85' lang='lat' dir='ltr'>et</span> <span class='ocrx_word' id='word_1_21' title='bbox 1567 788 1683 836; x_wconf 87' lang='lat' dir='ltr'>certam</span> 
     </span>
     <span class='ocr_line' id='line_1_4' title="bbox 368 867 1682 950; baseline 0 -20"><span class='ocrx_word' id='word_1_22' title='bbox 368 868 499 932; x_wconf 76' lang='lat' dir='ltr'>rivcudi</span> <span class='ocrx_word' id='word_1_23' title='bbox 521 869 679 950; x_wconf 83' lang='lat' dir='ltr'>acceperit</span> <span class='ocrx_word' id='word_1_24' title='bbox 701 867 912 949; x_wconf 77' lang='lat' dir='ltr'>disciplinam,</span> <span class='ocrx_word' id='word_1_25' title='bbox 936 880 1010 930; x_wconf 88' lang='lat' dir='ltr'>tunc</span> <span class='ocrx_word' id='word_1_26' title='bbox 1028 890 1153 931; x_wconf 82' lang='lat' dir='ltr'>neccsse</span> <span class='ocrx_word' id='word_1_27' title='bbox 1176 881 1245 942; x_wconf 88' lang='lat' dir='ltr'>cst,</span> <span class='ocrx_word' id='word_1_28' title='bbox 1270 879 1303 928; x_wconf 90' lang='lat' dir='ltr'>ut</span> <span class='ocrx_word' id='word_1_29' title='bbox 1323 870 1440 930; x_wconf 88' lang='lat' dir='ltr'>habere</span> <span class='ocrx_word' id='word_1_30' title='bbox 1458 867 1586 950; x_wconf 77' lang='lat' dir='ltr'>incipiat</span> <span class='ocrx_word' id='word_1_31' title='bbox 1606 868 1682 930; x_wconf 83' lang='lat' dir='ltr'>ami·</span> 
     </span>
     <span class='ocr_line' id='line_1_5' title="bbox 368 959 1683 1044; baseline -0.002 -20"><span class='ocrx_word' id='word_1_32' title='bbox 368 983 451 1035; x_wconf 81' lang='lat' dir='ltr'>cos3</span> <span class='ocrx_word' id='word_1_33' title='bbox 483 964 542 1024; x_wconf 85' lang='lat' dir='ltr'>aed</span> <span class='ocrx_word' id='word_1_34' title='bbox 563 962 774 1044; x_wconf 78' lang='lat' dir='ltr'>quiaercndum</span> <span class='ocrx_word' id='word_1_35' title='bbox 798 973 861 1036; x_wconf 87' lang='lat' dir='ltr'>cst,</span> <span class='ocrx_word' id='word_1_36' title='bbox 885 963 1040 1044; x_wconf 80' lang='lat' dir='ltr'>qualibus</span> <span class='ocrx_word' id='word_1_37' title='bbox 1062 959 1181 1022; x_wconf 87' lang='lat' dir='ltr'>amicis</span> <span class='ocrx_word' id='word_1_38' title='bbox 1204 971 1342 1022; x_wconf 79' lang='lat' dir='ltr'>utatur:</span> <span class='ocrx_word' id='word_1_39' title='bbox 1370 959 1485 1022; x_wconf 82' lang='lat' dir='ltr'>amicus</span> <span class='ocrx_word' id='word_1_40' title='bbox 1508 961 1587 1022; x_wconf 84' lang='lat' dir='ltr'>euim</span> <span class='ocrx_word' id='word_1_41' title='bbox 1610 961 1683 1024; x_wconf 80' lang='lat' dir='ltr'>inihi</span> 
     </span>
     <span class='ocr_line' id='line_1_6' title="bbox 368 1051 1711 1136; baseline -0.004 -18"><span class='ocrx_word' id='word_1_42' title='bbox 368 1077 439 1118; x_wconf 80' lang='lat' dir='ltr'>esse</span> <span class='ocrx_word' id='word_1_43' title='bbox 461 1075 528 1116; x_wconf 88' lang='lat' dir='ltr'>noa</span> <span class='ocrx_word' id='word_1_44' title='bbox 551 1065 657 1134; x_wconf 88' lang='lat' dir='ltr'>potest</span> <span class='ocrx_word' id='word_1_45' title='bbox 678 1053 737 1114; x_wconf 84' lang='lat' dir='ltr'>nisi</span> <span class='ocrx_word' id='word_1_46' title='bbox 758 1052 866 1116; x_wconf 79' lang='lat' dir='ltr'>similis</span> <span class='ocrx_word' id='word_1_47' title='bbox 889 1055 962 1116; x_wconf 91' lang='lat' dir='ltr'>mci.</span> <span class='ocrx_word' id='word_1_48' title='bbox 1016 1052 1138 1116; x_wconf 82' lang='lat' dir='ltr'>Deinde</span> <span class='ocrx_word' id='word_1_49' title='bbox 1160 1072 1226 1135; x_wconf 85' lang='lat' dir='ltr'>quo</span> <span class='ocrx_word' id='word_1_50' title='bbox 1248 1051 1283 1112; x_wconf 88' lang='lat' dir='ltr'>in</span> <span class='ocrx_word' id='word_1_51' title='bbox 1305 1053 1462 1134; x_wconf 77' lang='lat' dir='ltr'>negotia,</span> <span class='ocrx_word' id='word_1_52' title='bbox 1486 1065 1629 1136; x_wconf 81' lang='lat' dir='ltr'>quaestu</span> <span class='ocrx_word' id='word_1_53' title='bbox 1649 1063 1711 1124; x_wconf 42' lang='lat' dir='ltr'>ets,</span> 
     </span>
     <span class='ocr_line' id='line_1_7' title="bbox 364 1146 1681 1231; baseline -0.005 -18"><span class='ocrx_word' id='word_1_54' title='bbox 364 1149 529 1226; x_wconf 72' lang='lat' dir='ltr'>artificio</span> <span class='ocrx_word' id='word_1_55' title='bbox 559 1149 605 1212; x_wconf 86' lang='lat' dir='ltr'>ait</span> <span class='ocrx_word' id='word_1_56' title='bbox 634 1159 833 1230; x_wconf 79' lang='lat' dir='ltr'>occupatas,</span> <span class='ocrx_word' id='word_1_57' title='bbox 869 1149 1099 1231; x_wconf 68' lang='lat' dir='ltr'>quaerendum</span> <span class='ocrx_word' id='word_1_58' title='bbox 1134 1166 1262 1208; x_wconf 84' lang='lat' dir='ltr'>uecessc</span> <span class='ocrx_word' id='word_1_59' title='bbox 1293 1156 1339 1206; x_wconf 87' lang='lat' dir='ltr'>est</span> <span class='ocrx_word' id='word_1_60' title='bbox 1369 1146 1467 1218; x_wconf 87' lang='lat' dir='ltr'>enim,</span> <span class='ocrx_word' id='word_1_61' title='bbox 1503 1157 1536 1207; x_wconf 89' lang='lat' dir='ltr'>ut</span> <span class='ocrx_word' id='word_1_62' title='bbox 1565 1147 1595 1208; x_wconf 90' lang='lat' dir='ltr'>in</span> <span class='ocrx_word' id='word_1_63' title='bbox 1618 1146 1681 1208; x_wconf 83' lang='lat' dir='ltr'>rita</span> 
     </span>
     <span class='ocr_line' id='line_1_8' title="bbox 366 1238 1681 1325; baseline -0.003 -21"><span class='ocrx_word' id='word_1_64' title='bbox 366 1257 478 1305; x_wconf 85' lang='lat' dir='ltr'>nostra</span> <span class='ocrx_word' id='word_1_65' title='bbox 508 1241 627 1322; x_wconf 89' lang='lat' dir='ltr'>aliquid</span> <span class='ocrx_word' id='word_1_66' title='bbox 656 1261 801 1325; x_wconf 80' lang='lat' dir='ltr'>agamus,</span> <span class='ocrx_word' id='word_1_67' title='bbox 839 1262 903 1323; x_wconf 92' lang='lat' dir='ltr'>quo</span> <span class='ocrx_word' id='word_1_68' title='bbox 935 1261 994 1302; x_wconf 89' lang='lat' dir='ltr'>nos</span> <span class='ocrx_word' id='word_1_69' title='bbox 1025 1259 1227 1318; x_wconf 83' lang='lat' dir='ltr'>occupemus.</span> <span class='ocrx_word' id='word_1_70' title='bbox 1284 1238 1326 1300; x_wconf 88' lang='lat' dir='ltr'>Et</span> <span class='ocrx_word' id='word_1_71' title='bbox 1353 1238 1405 1300; x_wconf 92' lang='lat' dir='ltr'>hic</span> <span class='ocrx_word' id='word_1_72' title='bbox 1435 1249 1521 1300; x_wconf 87' lang='lat' dir='ltr'>actus</span> <span class='ocrx_word' id='word_1_73' title='bbox 1550 1238 1582 1301; x_wconf 87' lang='lat' dir='ltr'>io</span> <span class='ocrx_word' id='word_1_74' title='bbox 1616 1239 1681 1300; x_wconf 81' lang='lat' dir='ltr'>vita</span> 
     </span>
     <span class='ocr_line' id='line_1_9' title="bbox 366 1330 1682 1418; baseline -0.002 -22"><span class='ocrx_word' id='word_1_75' title='bbox 366 1335 486 1416; x_wconf 88' lang='lat' dir='ltr'>aliquid</span> <span class='ocrx_word' id='word_1_76' title='bbox 510 1335 667 1418; x_wconf 82' lang='lat' dir='ltr'>agentiiun</span> <span class='ocrx_word' id='word_1_77' title='bbox 687 1335 802 1414; x_wconf 82' lang='lat' dir='ltr'>triplex</span> <span class='ocrx_word' id='word_1_78' title='bbox 825 1346 892 1408; x_wconf 79' lang='lat' dir='ltr'>est3</span> <span class='ocrx_word' id='word_1_79' title='bbox 927 1355 996 1396; x_wconf 86' lang='lat' dir='ltr'>nam</span> <span class='ocrx_word' id='word_1_80' title='bbox 1018 1341 1071 1392; x_wconf 91' lang='lat' dir='ltr'>aut</span> <span class='ocrx_word' id='word_1_81' title='bbox 1092 1330 1255 1414; x_wconf 81' lang='lat' dir='ltr'>negotium</span> <span class='ocrx_word' id='word_1_82' title='bbox 1279 1343 1343 1405; x_wconf 91' lang='lat' dir='ltr'>est,</span> <span class='ocrx_word' id='word_1_83' title='bbox 1374 1343 1408 1393; x_wconf 92' lang='lat' dir='ltr'>ut</span> <span class='ocrx_word' id='word_1_84' title='bbox 1430 1343 1622 1407; x_wconf 83' lang='lat' dir='ltr'>mercatura,</span> <span class='ocrx_word' id='word_1_85' title='bbox 1648 1342 1682 1394; x_wconf 93' lang='lat' dir='ltr'>ut</span> 
     </span>
     <span class='ocr_line' id='line_1_10' title="bbox 365 1426 1680 1510; baseline -0.003 -21"><span class='ocrx_word' id='word_1_86' title='bbox 365 1429 496 1503; x_wconf 78' lang='lat' dir='ltr'>militia,</span> <span class='ocrx_word' id='word_1_87' title='bbox 521 1437 557 1489; x_wconf 90' lang='lat' dir='ltr'>ut</span> <span class='ocrx_word' id='word_1_88' title='bbox 578 1426 768 1510; x_wconf 77' lang='lat' dir='ltr'>agricultura</span> <span class='ocrx_word' id='word_1_89' title='bbox 791 1439 823 1490; x_wconf 89' lang='lat' dir='ltr'>et</span> <span class='ocrx_word' id='word_1_90' title='bbox 846 1438 969 1499; x_wconf 79' lang='lat' dir='ltr'>cetera3</span> <span class='ocrx_word' id='word_1_91' title='bbox 993 1434 1047 1486; x_wconf 91' lang='lat' dir='ltr'>aut</span> <span class='ocrx_word' id='word_1_92' title='bbox 1068 1435 1215 1506; x_wconf 87' lang='lat' dir='ltr'>quaestus</span> <span class='ocrx_word' id='word_1_93' title='bbox 1237 1433 1301 1496; x_wconf 90' lang='lat' dir='ltr'>est,</span> <span class='ocrx_word' id='word_1_94' title='bbox 1327 1435 1358 1486; x_wconf 93' lang='lat' dir='ltr'>ut</span> <span class='ocrx_word' id='word_1_95' title='bbox 1374 1444 1511 1504; x_wconf 86' lang='lat' dir='ltr'>praeco,</span> <span class='ocrx_word' id='word_1_96' title='bbox 1535 1435 1569 1485; x_wconf 93' lang='lat' dir='ltr'>ut</span> <span class='ocrx_word' id='word_1_97' title='bbox 1588 1445 1680 1504; x_wconf 85' lang='lat' dir='ltr'>para-</span> 
     </span>
     <span class='ocr_line' id='line_1_11' title="bbox 365 1517 1724 1601; baseline -0.004 -19"><span class='ocrx_word' id='word_1_98' title='bbox 365 1522 465 1595; x_wconf 82' lang='lat' dir='ltr'>situs,</span> <span class='ocrx_word' id='word_1_99' title='bbox 489 1530 525 1581; x_wconf 89' lang='lat' dir='ltr'>ut</span> <span class='ocrx_word' id='word_1_100' title='bbox 548 1521 689 1582; x_wconf 85' lang='lat' dir='ltr'>scenicus</span> <span class='ocrx_word' id='word_1_101' title='bbox 710 1529 763 1580; x_wconf 92' lang='lat' dir='ltr'>aut</span> <span class='ocrx_word' id='word_1_102' title='bbox 786 1519 915 1594; x_wconf 65' lang='lat' dir='ltr'>similium</span> <span class='ocrx_word' id='word_1_103' title='bbox 939 1530 991 1581; x_wconf 91' lang='lat' dir='ltr'>aut</span> <span class='ocrx_word' id='word_1_104' title='bbox 1012 1517 1198 1592; x_wconf 80' lang='lat' dir='ltr'>artificium,</span> <span class='ocrx_word' id='word_1_105' title='bbox 1221 1527 1255 1578; x_wconf 91' lang='lat' dir='ltr'>ut</span> <span class='ocrx_word' id='word_1_106' title='bbox 1277 1527 1375 1578; x_wconf 86' lang='lat' dir='ltr'>artem</span> <span class='ocrx_word' id='word_1_107' title='bbox 1398 1517 1518 1580; x_wconf 83' lang='lat' dir='ltr'>scilicet</span> <span class='ocrx_word' id='word_1_108' title='bbox 1547 1517 1679 1601; x_wconf 87' lang='lat' dir='ltr'>aliquam</span> <span class='ocrx_word' id='word_1_109' title='bbox 1693 1538 1724 1588; x_wconf 76' lang='grc' dir='ltr'>ιο</span> 
     </span>
     <span class='ocr_line' id='line_1_12' title="bbox 366 1610 1680 1696; baseline -0.005 -20"><span class='ocrx_word' id='word_1_110' title='bbox 366 1617 459 1696; x_wconf 87' lang='lat' dir='ltr'>plene</span> <span class='ocrx_word' id='word_1_111' title='bbox 484 1615 646 1692; x_wconf 73' lang='lat' dir='ltr'>cognitam</span> <span class='ocrx_word' id='word_1_112' title='bbox 669 1624 722 1673; x_wconf 84' lang='lat' dir='ltr'>uu</span> <span class='ocrx_word' id='word_1_113' title='bbox 745 1633 895 1675; x_wconf 79' lang='lat' dir='ltr'>exerceas</span> <span class='ocrx_word' id='word_1_114' title='bbox 914 1623 968 1674; x_wconf 91' lang='lat' dir='ltr'>aut</span> <span class='ocrx_word' id='word_1_115' title='bbox 988 1612 1110 1685; x_wconf 81' lang='lat' dir='ltr'>tradas,</span> <span class='ocrx_word' id='word_1_116' title='bbox 1149 1620 1184 1670; x_wconf 93' lang='lat' dir='ltr'>ut</span> <span class='ocrx_word' id='word_1_117' title='bbox 1208 1621 1339 1684; x_wconf 85' lang='lat' dir='ltr'>orator,</span> <span class='ocrx_word' id='word_1_118' title='bbox 1378 1623 1412 1672; x_wconf 92' lang='lat' dir='ltr'>ut</span> <span class='ocrx_word' id='word_1_119' title='bbox 1436 1612 1547 1674; x_wconf 80' lang='lat' dir='ltr'>rhetor</span> <span class='ocrx_word' id='word_1_120' title='bbox 1569 1623 1600 1674; x_wconf 89' lang='lat' dir='ltr'>ct</span> <span class='ocrx_word' id='word_1_121' title='bbox 1622 1610 1680 1672; x_wconf 88' lang='lat' dir='ltr'>alia</span> 
     </span>
     <span class='ocr_line' id='line_1_13' title="bbox 368 1703 1680 1787; baseline -0.006 -16"><span class='ocrx_word' id='word_1_122' title='bbox 368 1707 569 1771; x_wconf 83' lang='lat' dir='ltr'>huiusmodi.</span> <span class='ocrx_word' id='word_1_123' title='bbox 614 1705 747 1786; x_wconf 85' lang='lat' dir='ltr'>Alioqui</span> <span class='ocrx_word' id='word_1_124' title='bbox 779 1705 861 1767; x_wconf 85' lang='lat' dir='ltr'>scire</span> <span class='ocrx_word' id='word_1_125' title='bbox 890 1705 1005 1787; x_wconf 88' lang='lat' dir='ltr'>aliquid</span> <span class='ocrx_word' id='word_1_126' title='bbox 1033 1703 1174 1785; x_wconf 82' lang='lat' dir='ltr'>perfecte</span> <span class='ocrx_word' id='word_1_127' title='bbox 1202 1711 1234 1764; x_wconf 88' lang='lat' dir='ltr'>et</span> <span class='ocrx_word' id='word_1_128' title='bbox 1263 1725 1412 1766; x_wconf 88' lang='lat' dir='ltr'>exercere</span> <span class='ocrx_word' id='word_1_129' title='bbox 1443 1705 1525 1766; x_wconf 89' lang='lat' dir='ltr'>nolle</span> <span class='ocrx_word' id='word_1_130' title='bbox 1559 1704 1680 1765; x_wconf 84' lang='lat' dir='ltr'>habitus</span> 
     </span>
     <span class='ocr_line' id='line_1_14' title="bbox 368 1795 1680 1880; baseline -0.003 -16"><span class='ocrx_word' id='word_1_131' title='bbox 368 1811 436 1874; x_wconf 65' lang='grc' dir='ltr'>αις</span> <span class='ocrx_word' id='word_1_132' title='bbox 472 1801 585 1862; x_wconf 89' lang='lat' dir='ltr'>deinde</span> <span class='ocrx_word' id='word_1_133' title='bbox 616 1796 735 1880; x_wconf 89' lang='lat' dir='ltr'>aliquid</span> <span class='ocrx_word' id='word_1_134' title='bbox 763 1818 826 1861; x_wconf 87' lang='lat' dir='ltr'>aon</span> <span class='ocrx_word' id='word_1_135' title='bbox 847 1799 941 1879; x_wconf 85' lang='lat' dir='ltr'>plene</span> <span class='ocrx_word' id='word_1_136' title='bbox 969 1797 1073 1871; x_wconf 84' lang='lat' dir='ltr'>scire,</span> <span class='ocrx_word' id='word_1_137' title='bbox 1107 1817 1208 1878; x_wconf 88' lang='lat' dir='ltr'>neque</span> <span class='ocrx_word' id='word_1_138' title='bbox 1237 1795 1267 1856; x_wconf 92' lang='lat' dir='ltr'>id</span> <span class='ocrx_word' id='word_1_139' title='bbox 1294 1799 1503 1879; x_wconf 89' lang='lat' dir='ltr'>quodcunque</span> <span class='ocrx_word' id='word_1_140' title='bbox 1532 1817 1680 1860; x_wconf 81' lang='lat' dir='ltr'>exercere</span> 
     </span>
     <span class='ocr_line' id='line_1_15' title="bbox 285 1889 1680 1973; baseline -0.004 -15"><span class='ocrx_word' id='word_1_141' title='bbox 285 1902 286 1929; x_wconf 35' lang='lat' dir='ltr'>l</span> <span class='ocrx_word' id='word_1_142' title='bbox 368 1895 500 1958; x_wconf 84' lang='lat' dir='ltr'>affectio</span> <span class='ocrx_word' id='word_1_143' title='bbox 534 1906 601 1968; x_wconf 86' lang='lat' dir='ltr'>est;</span> <span class='ocrx_word' id='word_1_144' title='bbox 633 1913 741 1954; x_wconf 83' lang='lat' dir='ltr'>verum</span> <span class='ocrx_word' id='word_1_145' title='bbox 768 1891 856 1954; x_wconf 83' lang='lat' dir='ltr'>tinius</span> <span class='ocrx_word' id='word_1_146' title='bbox 883 1892 1031 1973; x_wconf 85' lang='lat' dir='ltr'>cuiusque</span> <span class='ocrx_word' id='word_1_147' title='bbox 1053 1889 1100 1952; x_wconf 91' lang='lat' dir='ltr'>rei</span> <span class='ocrx_word' id='word_1_148' title='bbox 1121 1900 1153 1971; x_wconf 76' lang='lat' dir='ltr'>pt</span> <span class='ocrx_word' id='word_1_149' title='bbox 1174 1889 1299 1950; x_wconf 87' lang='lat' dir='ltr'>habitus</span> <span class='ocrx_word' id='word_1_150' title='bbox 1332 1900 1362 1950; x_wconf 91' lang='lat' dir='ltr'>et</span> <span class='ocrx_word' id='word_1_151' title='bbox 1389 1891 1518 1952; x_wconf 83' lang='lat' dir='ltr'>affectus</span> <span class='ocrx_word' id='word_1_152' title='bbox 1537 1889 1565 1952; x_wconf 81' lang='lat' dir='ltr'>si</span> <span class='ocrx_word' id='word_1_153' title='bbox 1587 1911 1680 1953; x_wconf 84' lang='lat' dir='ltr'>exer·</span> 
     </span>
     <span class='ocr_line' id='line_1_16' title="bbox 285 1983 1722 2067; baseline -0.003 -17"><span class='ocrx_word' id='word_1_154' title='bbox 285 2018 286 2023; x_wconf 43' lang='lat'>¹</span> <span class='ocrx_word' id='word_1_155' title='bbox 369 2001 480 2050; x_wconf 81' lang='lat' dir='ltr'>ceatur</span> <span class='ocrx_word' id='word_1_156' title='bbox 502 1997 535 2050; x_wconf 84' lang='lat' dir='ltr'>et</span> <span class='ocrx_word' id='word_1_157' title='bbox 561 1985 594 2048; x_wconf 92' lang='lat' dir='ltr'>in</span> <span class='ocrx_word' id='word_1_158' title='bbox 620 1996 692 2046; x_wconf 89' lang='lat' dir='ltr'>actu</span> <span class='ocrx_word' id='word_1_159' title='bbox 722 1985 778 2060; x_wconf 85' lang='lat' dir='ltr'>sit,</span> <span class='ocrx_word' id='word_1_160' title='bbox 818 1984 918 2046; x_wconf 83' lang='lat' dir='ltr'>victua</span> <span class='ocrx_word' id='word_1_161' title='bbox 949 1995 1006 2050; x_wconf 83' lang='lat' dir='ltr'>cst.</span> <span class='ocrx_word' id='word_1_162' title='bbox 1054 1983 1401 2058; x_wconf 80' lang='lat' dir='ltr'>Animadvertendum,</span> <span class='ocrx_word' id='word_1_163' title='bbox 1435 1983 1551 2067; x_wconf 89' lang='lat' dir='ltr'>inquit,</span> <span class='ocrx_word' id='word_1_164' title='bbox 1589 1983 1722 2046; x_wconf 81' lang='lat' dir='ltr'>etiamtt</span> 
     </span>
     <span class='ocr_line' id='line_1_17' title="bbox 369 2075 1681 2167; baseline -0.004 -24"><span class='ocrx_word' id='word_1_165' title='bbox 369 2081 542 2164; x_wconf 83' lang='lat' dir='ltr'>quomodo</span> <span class='ocrx_word' id='word_1_166' title='bbox 555 2101 628 2144; x_wconf 86' lang='lat' dir='ltr'>rem</span> <span class='ocrx_word' id='word_1_167' title='bbox 637 2077 861 2167; x_wconf 83' lang='lat' dir='ltr'>familiarem</span> <span class='ocrx_word' id='word_1_168' title='bbox 880 2077 1114 2151; x_wconf 74' lang='lat' dir='ltr'>administret,</span> <span class='ocrx_word' id='word_1_169' title='bbox 1145 2099 1213 2160; x_wconf 83' lang='lat' dir='ltr'>qua</span> <span class='ocrx_word' id='word_1_170' title='bbox 1234 2076 1475 2142; x_wconf 84' lang='lat' dir='ltr'>consuetudine</span> <span class='ocrx_word' id='word_1_171' title='bbox 1498 2075 1681 2140; x_wconf 87' lang='lat' dir='ltr'>domestica</span> 
     </span>
     <span class='ocr_line' id='line_1_18' title="bbox 370 2167 1680 2254; baseline -0.004 -17"><span class='ocrx_word' id='word_1_172' title='bbox 370 2177 431 2246; x_wconf 74' lang='lat' dir='ltr'>ait,-</span> <span class='ocrx_word' id='word_1_173' title='bbox 464 2196 507 2237; x_wconf 83' lang='lat' dir='ltr'>ex</span> <span class='ocrx_word' id='word_1_174' title='bbox 534 2175 632 2236; x_wconf 86' lang='lat' dir='ltr'>rebus</span> <span class='ocrx_word' id='word_1_175' title='bbox 656 2172 737 2234; x_wconf 88' lang='lat' dir='ltr'>euim</span> <span class='ocrx_word' id='word_1_176' title='bbox 765 2172 897 2254; x_wconf 83' lang='lat' dir='ltr'>privatis</span> <span class='ocrx_word' id='word_1_177' title='bbox 925 2183 958 2234; x_wconf 94' lang='lat' dir='ltr'>et</span> <span class='ocrx_word' id='word_1_178' title='bbox 988 2169 1187 2246; x_wconf 80' lang='lat' dir='ltr'>domesticis,</span> <span class='ocrx_word' id='word_1_179' title='bbox 1219 2172 1478 2252; x_wconf 87' lang='lat' dir='ltr'>quemadmodum</span> <span class='ocrx_word' id='word_1_180' title='bbox 1501 2168 1569 2254; x_wconf 88' lang='lat' dir='ltr'>quis</span> <span class='ocrx_word' id='word_1_181' title='bbox 1591 2167 1622 2231; x_wconf 89' lang='lat' dir='ltr'>in</span> <span class='ocrx_word' id='word_1_182' title='bbox 1645 2191 1680 2232; x_wconf 87' lang='lat' dir='ltr'>re</span> 
     </span>
     <span class='ocr_line' id='line_1_19' title="bbox 369 2266 1140 2349; baseline -0.003 -21"><span class='ocrx_word' id='word_1_183' title='bbox 369 2268 497 2349; x_wconf 85' lang='lat' dir='ltr'>publica</span> <span class='ocrx_word' id='word_1_184' title='bbox 519 2267 629 2342; x_wconf 83' lang='lat' dir='ltr'>vivat,</span> <span class='ocrx_word' id='word_1_185' title='bbox 653 2266 744 2328; x_wconf 90' lang='lat' dir='ltr'>facile</span> <span class='ocrx_word' id='word_1_186' title='bbox 763 2285 930 2347; x_wconf 78' lang='lat' dir='ltr'>possumus</span> <span class='ocrx_word' id='word_1_187' title='bbox 952 2283 1140 2347; x_wconf 77' lang='lat' dir='ltr'>agnoscere.</span> 
     </span>
    </p>

    <p class='ocr_par' dir='ltr' id='par_1_3' title="bbox 285 2355 1726 3844">
     <span class='ocr_line' id='line_1_20' title="bbox 453 2355 1681 2450; baseline 0.001 -30"><span class='ocrx_word' id='word_1_188' title='bbox 453 2365 497 2428; x_wconf 84' lang='lat' dir='ltr'>ln</span> <span class='ocrx_word' id='word_1_189' title='bbox 507 2358 669 2450; x_wconf 84' lang='lat' dir='ltr'>fortuna</span> <span class='ocrx_word' id='word_1_190' title='bbox 696 2357 874 2441; x_wconf 85' lang='lat' dir='ltr'>quaeritur</span> <span class='ocrx_word' id='word_1_191' title='bbox 895 2378 1014 2420; x_wconf 81' lang='lat' dir='ltr'>seruus</span> <span class='ocrx_word' id='word_1_192' title='bbox 1033 2356 1096 2433; x_wconf 84' lang='lat' dir='ltr'>ait,</span> <span class='ocrx_word' id='word_1_193' title='bbox 1125 2376 1171 2418; x_wconf 91' lang='lat' dir='ltr'>an</span> <span class='ocrx_word' id='word_1_194' title='bbox 1194 2356 1292 2436; x_wconf 86' lang='lat' dir='ltr'>liber]</span> <span class='ocrx_word' id='word_1_195' title='bbox 1343 2355 1417 2419; x_wconf 89' lang='lat' dir='ltr'>Hoc</span> <span class='ocrx_word' id='word_1_196' title='bbox 1439 2356 1527 2440; x_wconf 88' lang='lat' dir='ltr'>quasi</span> <span class='ocrx_word' id='word_1_197' title='bbox 1552 2368 1681 2421; x_wconf 85' lang='lat' dir='ltr'>natiuae</span> 
     </span>
     <span class='ocr_line' id='line_1_21' title="bbox 372 2449 1723 2536; baseline -0.006 -18"><span class='ocrx_word' id='word_1_198' title='bbox 372 2475 439 2518; x_wconf 82' lang='lat' dir='ltr'>esse</span> <span class='ocrx_word' id='word_1_199' title='bbox 472 2453 575 2536; x_wconf 84' lang='lat' dir='ltr'>magis</span> <span class='ocrx_word' id='word_1_200' title='bbox 608 2453 749 2526; x_wconf 84' lang='lat' dir='ltr'>videtur,</span> <span class='ocrx_word' id='word_1_201' title='bbox 788 2460 822 2513; x_wconf 94' lang='lat' dir='ltr'>ut</span> <span class='ocrx_word' id='word_1_202' title='bbox 854 2471 964 2514; x_wconf 84' lang='lat' dir='ltr'>servus</span> <span class='ocrx_word' id='word_1_203' title='bbox 992 2449 1081 2534; x_wconf 88' lang='lat' dir='ltr'>quis,</span> <span class='ocrx_word' id='word_1_204' title='bbox 1119 2471 1158 2512; x_wconf 90' lang='lat' dir='ltr'>an</span> <span class='ocrx_word' id='word_1_205' title='bbox 1190 2450 1270 2512; x_wconf 89' lang='lat' dir='ltr'>liber</span> <span class='ocrx_word' id='word_1_206' title='bbox 1298 2449 1357 2512; x_wconf 85' lang='lat' dir='ltr'>sit:</span> <span class='ocrx_word' id='word_1_207' title='bbox 1388 2449 1472 2512; x_wconf 87' lang='lat' dir='ltr'>servi</span> <span class='ocrx_word' id='word_1_208' title='bbox 1491 2451 1568 2514; x_wconf 87' lang='lat' dir='ltr'>enim</span> <span class='ocrx_word' id='word_1_209' title='bbox 1588 2460 1723 2532; x_wconf 81' lang='lat' dir='ltr'>saepeto</span> 
     </span>
     <span class='ocr_line' id='line_1_22' title="bbox 371 2543 1678 2625; baseline -0.003 -17"><span class='ocrx_word' id='word_1_210' title='bbox 371 2559 562 2609; x_wconf 77' lang='lat' dir='ltr'>nascuntur:</span> <span class='ocrx_word' id='word_1_211' title='bbox 595 2547 651 2608; x_wconf 82' lang='lat' dir='ltr'>scd</span> <span class='ocrx_word' id='word_1_212' title='bbox 679 2556 712 2606; x_wconf 94' lang='lat' dir='ltr'>ut</span> <span class='ocrx_word' id='word_1_213' title='bbox 744 2556 917 2620; x_wconf 85' lang='lat' dir='ltr'>taceamus,</span> <span class='ocrx_word' id='word_1_214' title='bbox 953 2555 988 2606; x_wconf 90' lang='lat' dir='ltr'>ut</span> <span class='ocrx_word' id='word_1_215' title='bbox 1016 2543 1105 2607; x_wconf 89' lang='lat' dir='ltr'>multi</span> <span class='ocrx_word' id='word_1_216' title='bbox 1139 2563 1233 2625; x_wconf 84' lang='lat' dir='ltr'>saepe</span> <span class='ocrx_word' id='word_1_217' title='bbox 1259 2566 1299 2606; x_wconf 87' lang='lat' dir='ltr'>ex</span> <span class='ocrx_word' id='word_1_218' title='bbox 1325 2544 1462 2608; x_wconf 85' lang='lat' dir='ltr'>fortuna</span> <span class='ocrx_word' id='word_1_219' title='bbox 1491 2543 1577 2606; x_wconf 87' lang='lat' dir='ltr'>servi</span> <span class='ocrx_word' id='word_1_220' title='bbox 1598 2543 1678 2618; x_wconf 87' lang='lat' dir='ltr'>siut,</span> 
     </span>
     <span class='ocr_line' id='line_1_23' title="bbox 372 2635 1680 2721; baseline -0.002 -19"><span class='ocrx_word' id='word_1_221' title='bbox 372 2639 463 2702; x_wconf 84' lang='lat' dir='ltr'>etiam</span> <span class='ocrx_word' id='word_1_222' title='bbox 497 2638 571 2702; x_wconf 84' lang='lat' dir='ltr'>illos</span> <span class='ocrx_word' id='word_1_223' title='bbox 604 2637 659 2721; x_wconf 91' lang='lat' dir='ltr'>qui</span> <span class='ocrx_word' id='word_1_224' title='bbox 687 2647 887 2713; x_wconf 81' lang='lat' dir='ltr'>nascuntur,</span> <span class='ocrx_word' id='word_1_225' title='bbox 924 2659 965 2700; x_wconf 84' lang='lat' dir='ltr'>ex</span> <span class='ocrx_word' id='word_1_226' title='bbox 990 2637 1119 2701; x_wconf 79' lang='lat' dir='ltr'>fortuma</span> <span class='ocrx_word' id='word_1_227' title='bbox 1148 2659 1261 2702; x_wconf 78' lang='lat' dir='ltr'>servos</span> <span class='ocrx_word' id='word_1_228' title='bbox 1294 2659 1362 2700; x_wconf 86' lang='lat' dir='ltr'>esse</span> <span class='ocrx_word' id='word_1_229' title='bbox 1395 2635 1589 2698; x_wconf 84' lang='lat' dir='ltr'>manifestum</span> <span class='ocrx_word' id='word_1_230' title='bbox 1620 2647 1680 2700; x_wconf 87' lang='lat' dir='ltr'>est.</span> 
     </span>
     <span class='ocr_line' id='line_1_24' title="bbox 373 2730 1678 2814; baseline -0.004 -18"><span class='ocrx_word' id='word_1_231' title='bbox 373 2735 497 2796; x_wconf 82' lang='lat' dir='ltr'>Etenim</span> <span class='ocrx_word' id='word_1_232' title='bbox 520 2753 560 2794; x_wconf 80' lang='lat' dir='ltr'>ex</span> <span class='ocrx_word' id='word_1_233' title='bbox 578 2730 712 2813; x_wconf 82' lang='lat' dir='ltr'>captivis</span> <span class='ocrx_word' id='word_1_234' title='bbox 734 2730 866 2811; x_wconf 89' lang='lat' dir='ltr'>primum</span> <span class='ocrx_word' id='word_1_235' title='bbox 892 2730 978 2808; x_wconf 77' lang='lat' dir='ltr'>servi</span> <span class='ocrx_word' id='word_1_236' title='bbox 996 2731 1073 2795; x_wconf 88' lang='lat' dir='ltr'>facti</span> <span class='ocrx_word' id='word_1_237' title='bbox 1094 2741 1188 2796; x_wconf 81' lang='lat' dir='ltr'>sunt:</span> <span class='ocrx_word' id='word_1_238' title='bbox 1212 2731 1376 2814; x_wconf 84' lang='lat' dir='ltr'>captivitas</span> <span class='ocrx_word' id='word_1_239' title='bbox 1395 2730 1500 2803; x_wconf 89' lang='lat' dir='ltr'>bello;</span> <span class='ocrx_word' id='word_1_240' title='bbox 1524 2730 1553 2790; x_wconf 88' lang='lat' dir='ltr'>in</span> <span class='ocrx_word' id='word_1_241' title='bbox 1573 2730 1678 2804; x_wconf 85' lang='lat' dir='ltr'>bello,</span> 
     </span>
     <span class='ocr_line' id='line_1_25' title="bbox 285 2821 1680 2908; baseline -0.004 -20"><span class='ocrx_word' id='word_1_242' title='bbox 285 2866 286 2873; x_wconf 29' lang='grc' dir='ltr'>ι</span> <span class='ocrx_word' id='word_1_243' title='bbox 372 2825 518 2890; x_wconf 76' lang='lat' dir='ltr'>non⁸nisi</span> <span class='ocrx_word' id='word_1_244' title='bbox 540 2827 659 2888; x_wconf 87' lang='lat' dir='ltr'>incerta</span> <span class='ocrx_word' id='word_1_245' title='bbox 682 2826 827 2898; x_wconf 62' lang='lat' dir='ltr'>fortuitu</span> <span class='ocrx_word' id='word_1_246' title='bbox 857 2825 962 2908; x_wconf 88' lang='lat' dir='ltr'>itaque</span> <span class='ocrx_word' id='word_1_247' title='bbox 985 2847 1111 2887; x_wconf 82' lang='lat' dir='ltr'>servum</span> <span class='ocrx_word' id='word_1_248' title='bbox 1133 2845 1202 2888; x_wconf 86' lang='lat' dir='ltr'>esse</span> <span class='ocrx_word' id='word_1_249' title='bbox 1223 2825 1370 2900; x_wconf 84' lang='lat' dir='ltr'>fortunae</span> <span class='ocrx_word' id='word_1_250' title='bbox 1392 2834 1450 2886; x_wconf 85' lang='lat' dir='ltr'>est.</span> <span class='ocrx_word' id='word_1_251' title='bbox 1495 2821 1569 2886; x_wconf 91' lang='lat' dir='ltr'>Hoc</span> <span class='ocrx_word' id='word_1_252' title='bbox 1590 2821 1680 2884; x_wconf 86' lang='lat' dir='ltr'>ctiatu</span> 
     </span>
     <span class='ocr_line' id='line_1_26' title="bbox 370 2914 1726 2998; baseline -0.006 -16"><span class='ocrx_word' id='word_1_253' title='bbox 370 2919 551 2982; x_wconf 86' lang='lat' dir='ltr'>infortuna</span> <span class='ocrx_word' id='word_1_254' title='bbox 572 2919 853 2992; x_wconf 85' lang='lat' dir='ltr'>considerandum,</span> <span class='ocrx_word' id='word_1_255' title='bbox 884 2919 1093 2998; x_wconf 78' lang='lat' dir='ltr'>pecwtioaua</span> <span class='ocrx_word' id='word_1_256' title='bbox 1118 2919 1179 2995; x_wconf 84' lang='lat' dir='ltr'>sit,</span> <span class='ocrx_word' id='word_1_257' title='bbox 1208 2939 1254 2980; x_wconf 85' lang='lat' dir='ltr'>an</span> <span class='ocrx_word' id='word_1_258' title='bbox 1274 2917 1405 2990; x_wconf 75' lang='lat' dir='ltr'>temris,-</span> <span class='ocrx_word' id='word_1_259' title='bbox 1433 2914 1606 2998; x_wconf 85' lang='lat' dir='ltr'>privatus,</span> <span class='ocrx_word' id='word_1_260' title='bbox 1636 2927 1726 2998; x_wconf 70' lang='lat' dir='ltr'>anet</span> 
     </span>
     <span class='ocr_line' id='line_1_27' title="bbox 372 3010 1681 3096; baseline -0.004 -20"><span class='ocrx_word' id='word_1_261' title='bbox 372 3035 449 3076; x_wconf 84' lang='lat' dir='ltr'>cum</span> <span class='ocrx_word' id='word_1_262' title='bbox 471 3023 656 3096; x_wconf 72' lang='lat' dir='ltr'>potestate.</span> <span class='ocrx_word' id='word_1_263' title='bbox 698 3014 761 3075; x_wconf 83' lang='lat' dir='ltr'>Sed</span> <span class='ocrx_word' id='word_1_264' title='bbox 781 3010 851 3096; x_wconf 89' lang='lat' dir='ltr'>quia</span> <span class='ocrx_word' id='word_1_265' title='bbox 878 3032 942 3076; x_wconf 88' lang='lat' dir='ltr'>non</span> <span class='ocrx_word' id='word_1_266' title='bbox 971 3032 1035 3076; x_wconf 90' lang='lat' dir='ltr'>uuo</span> <span class='ocrx_word' id='word_1_267' title='bbox 1063 3014 1159 3078; x_wconf 87' lang='lat' dir='ltr'>modo</span> <span class='ocrx_word' id='word_1_268' title='bbox 1183 3011 1323 3093; x_wconf 86' lang='lat' dir='ltr'>capimus</span> <span class='ocrx_word' id='word_1_269' title='bbox 1353 3020 1558 3091; x_wconf 87' lang='lat' dir='ltr'>potestatem,</span> <span class='ocrx_word' id='word_1_270' title='bbox 1595 3018 1681 3072; x_wconf 86' lang='lat' dir='ltr'>reete</span> 
     </span>
     <span class='ocr_line' id='line_1_28' title="bbox 376 3100 1681 3188; baseline -0.001 -20"><span class='ocrx_word' id='word_1_271' title='bbox 376 3105 513 3182; x_wconf 86' lang='lat' dir='ltr'>addidit,</span> <span class='ocrx_word' id='word_1_272' title='bbox 545 3105 578 3168; x_wconf 86' lang='lat' dir='ltr'>ai</span> <span class='ocrx_word' id='word_1_273' title='bbox 602 3126 679 3166; x_wconf 88' lang='lat' dir='ltr'>cum</span> <span class='ocrx_word' id='word_1_274' title='bbox 702 3116 887 3188; x_wconf 81' lang='lat' dir='ltr'>potestate,</span> <span class='ocrx_word' id='word_1_275' title='bbox 927 3105 1022 3181; x_wconf 84' lang='lat' dir='ltr'>iure,</span> <span class='ocrx_word' id='word_1_276' title='bbox 1060 3125 1106 3166; x_wconf 91' lang='lat' dir='ltr'>an</span> <span class='ocrx_word' id='word_1_277' title='bbox 1128 3105 1269 3168; x_wconf 87' lang='lat' dir='ltr'>iniuria.</span> <span class='ocrx_word' id='word_1_278' title='bbox 1313 3107 1387 3169; x_wconf 91' lang='lat' dir='ltr'>Hoc</span> <span class='ocrx_word' id='word_1_279' title='bbox 1415 3105 1508 3169; x_wconf 88' lang='lat' dir='ltr'>etiam</span> <span class='ocrx_word' id='word_1_280' title='bbox 1534 3100 1681 3167; x_wconf 84' lang='lat' dir='ltr'>fortunae</span> 
     </span>
     <span class='ocr_line' id='line_1_29' title="bbox 373 3196 1682 3288; baseline -0.003 -26"><span class='ocrx_word' id='word_1_281' title='bbox 373 3211 436 3274; x_wconf 81' lang='lat' dir='ltr'>eat,</span> <span class='ocrx_word' id='word_1_282' title='bbox 472 3211 507 3261; x_wconf 90' lang='lat' dir='ltr'>ut</span> <span class='ocrx_word' id='word_1_283' title='bbox 539 3200 714 3274; x_wconf 83' lang='lat' dir='ltr'>rideamus,</span> <span class='ocrx_word' id='word_1_284' title='bbox 739 3196 982 3288; x_wconf 77' lang='lat' dir='ltr'>atrwnfetioe,</span> <span class='ocrx_word' id='word_1_285' title='bbox 1013 3199 1425 3275; x_wconf 61' lang='lat' dir='ltr'>ermamenarii.</span> <span class='ocrx_word' id='word_1_286' title='bbox 1471 3197 1682 3266; x_wconf 77' lang='lat' dir='ltr'>considerare</span> 
     </span>
     <span class='ocr_line' id='line_1_30' title="bbox 375 3290 1682 3376; baseline -0.002 -22"><span class='ocrx_word' id='word_1_287' title='bbox 375 3293 465 3354; x_wconf 89' lang='lat' dir='ltr'>etiam</span> <span class='ocrx_word' id='word_1_288' title='bbox 483 3294 647 3366; x_wconf 83' lang='lat' dir='ltr'>debemus,</span> <span class='ocrx_word' id='word_1_289' title='bbox 671 3313 733 3356; x_wconf 89' lang='lat' dir='ltr'>ooo</span> <span class='ocrx_word' id='word_1_290' title='bbox 752 3303 856 3355; x_wconf 88' lang='lat' dir='ltr'>utrum</span> <span class='ocrx_word' id='word_1_291' title='bbox 881 3290 1001 3354; x_wconf 85' lang='lat' dir='ltr'>liberos</span> <span class='ocrx_word' id='word_1_292' title='bbox 1019 3293 1150 3367; x_wconf 85' lang='lat' dir='ltr'>habeat,</span> <span class='ocrx_word' id='word_1_293' title='bbox 1175 3295 1261 3376; x_wconf 92' lang='lat' dir='ltr'>quod</span> <span class='ocrx_word' id='word_1_294' title='bbox 1284 3305 1411 3358; x_wconf 87' lang='lat' dir='ltr'>naturae</span> <span class='ocrx_word' id='word_1_295' title='bbox 1431 3308 1494 3373; x_wconf 89' lang='lat' dir='ltr'>est,</span> <span class='ocrx_word' id='word_1_296' title='bbox 1522 3295 1576 3358; x_wconf 86' lang='lat' dir='ltr'>sed</span> <span class='ocrx_word' id='word_1_297' title='bbox 1599 3312 1682 3376; x_wconf 82' lang='lat' dir='ltr'>qua·</span> 
     </span>
     <span class='ocr_line' id='line_1_31' title="bbox 373 3383 1724 3469; baseline 0.004 -23"><span class='ocrx_word' id='word_1_298' title='bbox 373 3387 420 3448; x_wconf 81' lang='lat' dir='ltr'>les</span> <span class='ocrx_word' id='word_1_299' title='bbox 441 3385 568 3448; x_wconf 80' lang='lat' dir='ltr'>liberos</span> <span class='ocrx_word' id='word_1_300' title='bbox 589 3386 729 3460; x_wconf 83' lang='lat' dir='ltr'>lrabeat,</span> <span class='ocrx_word' id='word_1_301' title='bbox 752 3396 789 3448; x_wconf 91' lang='lat' dir='ltr'>ut</span> <span class='ocrx_word' id='word_1_302' title='bbox 812 3395 860 3447; x_wconf 84' lang='lat' dir='ltr'>est</span> <span class='ocrx_word' id='word_1_303' title='bbox 878 3383 954 3446; x_wconf 91' lang='lat' dir='ltr'>illud</span> <span class='ocrx_word' id='word_1_304' title='bbox 975 3385 1006 3446; x_wconf 88' lang='lat' dir='ltr'>in</span> <span class='ocrx_word' id='word_1_305' title='bbox 1031 3385 1192 3469; x_wconf 84' lang='lat' dir='ltr'>Virgilio:</span> <span class='ocrx_word' id='word_1_306' title='bbox 1216 3388 1315 3466; x_wconf 84' lang='lat' dir='ltr'>(Aen.</span> <span class='ocrx_word' id='word_1_307' title='bbox 1346 3388 1409 3454; x_wconf 86' lang='grc' dir='ltr'><strong>ΙΙΙ.</strong></span> <span class='ocrx_word' id='word_1_308' title='bbox 1433 3390 1521 3469; x_wconf 74' lang='lat'>480.)</span> <span class='ocrx_word' id='word_1_309' title='bbox 1567 3386 1724 3460; x_wconf 81' lang='lat' dir='ltr'>Vade,3⁰</span> 
     </span>
     <span class='ocr_line' id='line_1_32' title="bbox 373 3476 1682 3568; baseline -0.001 -28"><span class='ocrx_word' id='word_1_310' title='bbox 373 3479 440 3553; x_wconf 86' lang='lat' dir='ltr'>ait,</span> <span class='ocrx_word' id='word_1_311' title='bbox 469 3476 607 3568; x_wconf 74' lang='lat' dir='ltr'>ofelia</span> <span class='ocrx_word' id='word_1_312' title='bbox 631 3478 704 3540; x_wconf 89' lang='lat' dir='ltr'>nati</span> <span class='ocrx_word' id='word_1_313' title='bbox 719 3478 861 3560; x_wconf 84' lang='lat' dir='ltr'>pietate.</span> <span class='ocrx_word' id='word_1_314' title='bbox 905 3478 980 3541; x_wconf 85' lang='lat' dir='ltr'>Non</span> <span class='ocrx_word' id='word_1_315' title='bbox 1002 3491 1076 3543; x_wconf 90' lang='lat' dir='ltr'>nato</span> <span class='ocrx_word' id='word_1_316' title='bbox 1094 3481 1192 3558; x_wconf 83' lang='lat' dir='ltr'>felix,</span> <span class='ocrx_word' id='word_1_317' title='bbox 1217 3484 1271 3546; x_wconf 88' lang='lat' dir='ltr'>sed</span> <span class='ocrx_word' id='word_1_318' title='bbox 1291 3481 1354 3542; x_wconf 88' lang='lat' dir='ltr'>uati</span> <span class='ocrx_word' id='word_1_319' title='bbox 1371 3482 1505 3564; x_wconf 87' lang='lat' dir='ltr'>pietate;</span> <span class='ocrx_word' id='word_1_320' title='bbox 1527 3481 1630 3561; x_wconf 90' lang='lat' dir='ltr'>itaque</span> <span class='ocrx_word' id='word_1_321' title='bbox 1652 3478 1682 3540; x_wconf 93' lang='lat' dir='ltr'>in</span> 
     </span>
     <span class='ocr_line' id='line_1_33' title="bbox 375 3559 1681 3664; baseline 0 -32"><span class='ocrx_word' id='word_1_322' title='bbox 375 3589 413 3633; x_wconf 86' lang='lat' dir='ltr'>eo</span> <span class='ocrx_word' id='word_1_323' title='bbox 432 3569 596 3635; x_wconf 87' lang='lat' dir='ltr'>fortunam</span> <span class='ocrx_word' id='word_1_324' title='bbox 617 3571 773 3653; x_wconf 75' lang='lat' dir='ltr'>inspexit3</span> <span class='ocrx_word' id='word_1_325' title='bbox 796 3571 930 3653; x_wconf 81' lang='lat' dir='ltr'>quippet</span> <span class='ocrx_word' id='word_1_326' title='bbox 958 3574 1072 3649; x_wconf 84' lang='lat' dir='ltr'>Vade,</span> <span class='ocrx_word' id='word_1_327' title='bbox 1094 3573 1163 3650; x_wconf 91' lang='lat' dir='ltr'>ait,</span> <span class='ocrx_word' id='word_1_328' title='bbox 1188 3597 1209 3638; x_wconf 92' lang='lat' dir='ltr'>o</span> <span class='ocrx_word' id='word_1_329' title='bbox 1219 3571 1344 3664; x_wconf 74' lang='lat' dir='ltr'>setim,</span> <span class='ocrx_word' id='word_1_330' title='bbox 1367 3575 1486 3659; x_wconf 89' lang='lat' dir='ltr'>inquit;</span> <span class='ocrx_word' id='word_1_331' title='bbox 1507 3573 1584 3637; x_wconf 87' lang='lat' dir='ltr'>facit</span> <span class='ocrx_word' id='word_1_332' title='bbox 1601 3559 1681 3634; x_wconf 82' lang='lat' dir='ltr'>cuim</span> 
     </span>
     <span class='ocr_line' id='line_1_34' title="bbox 374 3662 1682 3752; baseline -0.001 -26"><span class='ocrx_word' id='word_1_333' title='bbox 374 3662 501 3726; x_wconf 76' lang='lat' dir='ltr'>fortuma</span> <span class='ocrx_word' id='word_1_334' title='bbox 517 3664 656 3728; x_wconf 89' lang='lat' dir='ltr'>felicem.</span> <span class='ocrx_word' id='word_1_335' title='bbox 702 3664 861 3745; x_wconf 83' lang='lat' dir='ltr'>Quodsi,</span> <span class='ocrx_word' id='word_1_336' title='bbox 885 3665 1001 3749; x_wconf 87' lang='lat' dir='ltr'>inquit,</span> <span class='ocrx_word' id='word_1_337' title='bbox 1024 3664 1072 3740; x_wconf 89' lang='lat' dir='ltr'>is,</span> <span class='ocrx_word' id='word_1_338' title='bbox 1102 3665 1189 3729; x_wconf 85' lang='lat' dir='ltr'>cuius</span> <span class='ocrx_word' id='word_1_339' title='bbox 1213 3667 1312 3729; x_wconf 89' lang='lat' dir='ltr'>victus</span> <span class='ocrx_word' id='word_1_340' title='bbox 1334 3669 1515 3752; x_wconf 87' lang='lat' dir='ltr'>quaeritur,</span> <span class='ocrx_word' id='word_1_341' title='bbox 1539 3676 1682 3730; x_wconf 85' lang='lat' dir='ltr'>mortuus</span> 
     </span>
     <span class='ocr_line' id='line_1_35' title="bbox 285 3755 1681 3844; baseline -0.001 -23"><span class='ocrx_word' id='word_1_342' title='bbox 285 3818 286 3821; x_wconf 74' lang='grc'>,</span> <span class='ocrx_word' id='word_1_343' title='bbox 375 3755 455 3830; x_wconf 86' lang='lat' dir='ltr'>erit,</span> <span class='ocrx_word' id='word_1_344' title='bbox 478 3777 542 3820; x_wconf 89' lang='lat' dir='ltr'>oon</span> <span class='ocrx_word' id='word_1_345' title='bbox 565 3759 603 3818; x_wconf 89' lang='lat' dir='ltr'>de</span> <span class='ocrx_word' id='word_1_346' title='bbox 620 3769 741 3834; x_wconf 90' lang='lat' dir='ltr'>morte,</span> <span class='ocrx_word' id='word_1_347' title='bbox 764 3762 821 3822; x_wconf 86' lang='lat' dir='ltr'>aed</span> <span class='ocrx_word' id='word_1_348' title='bbox 841 3762 881 3824; x_wconf 91' lang='lat' dir='ltr'>de</span> <span class='ocrx_word' id='word_1_349' title='bbox 894 3757 1005 3824; x_wconf 78' lang='lat' dir='ltr'>mortis</span> <span class='ocrx_word' id='word_1_350' title='bbox 1025 3758 1091 3821; x_wconf 81' lang='lat' dir='ltr'>eiua</span> <span class='ocrx_word' id='word_1_351' title='bbox 1106 3779 1222 3844; x_wconf 84' lang='lat' dir='ltr'>genere</span> <span class='ocrx_word' id='word_1_352' title='bbox 1241 3773 1430 3844; x_wconf 85' lang='lat' dir='ltr'>quaeretur:</span> <span class='ocrx_word' id='word_1_353' title='bbox 1455 3759 1573 3843; x_wconf 87' lang='lat' dir='ltr'>alioqui</span> <span class='ocrx_word' id='word_1_354' title='bbox 1595 3778 1681 3821; x_wconf 84' lang='lat' dir='ltr'>mors</span> 
     </span>
    </p>
   </div>
   <div class='ocr_carea' id='block_1_3' title="bbox 285 3858 1724 3922">
    <p class='ocr_par' dir='ltr' id='par_1_4' title="bbox 285 3858 1724 3922">
     <span class='ocr_line' id='line_1_36' title="bbox 285 3858 1724 3922; baseline 0.009 -13"><span class='ocrx_word' id='word_1_355' title='bbox 285 3866 286 3877; x_wconf 59' lang='lat'>¹</span> <span class='ocrx_word' id='word_1_356' title='bbox 374 3859 506 3911; x_wconf 86' lang='lat' dir='ltr'>naturae</span> <span class='ocrx_word' id='word_1_357' title='bbox 528 3858 589 3912; x_wconf 82' lang='lat' dir='ltr'>est.</span> <span class='ocrx_word' id='word_1_358' title='bbox 1694 3871 1724 3922; x_wconf 79' lang='lat' dir='ltr'>tt</span> 
     </span>
    </p>
   </div>
   <div class='ocr_carea' id='block_1_4' title="bbox 375 3941 1721 4405">
    <p class='ocr_par' dir='ltr' id='par_1_5' title="bbox 375 3941 1780 4405">
     <span class='ocr_line' id='line_1_37' title="bbox 454 3941 1682 4030; baseline 0.001 -24"><span class='ocrx_word' id='word_1_359' title='bbox 454 3941 621 4006; x_wconf 83' lang='lat' dir='ltr'>Habitum</span> <span class='ocrx_word' id='word_1_360' title='bbox 644 3953 761 4006; x_wconf 86' lang='lat' dir='ltr'>autem</span> <span class='ocrx_word' id='word_1_361' title='bbox 786 3947 997 4026; x_wconf 76' lang='lat' dir='ltr'>appeltamm</span> <span class='ocrx_word' id='word_1_362' title='bbox 1020 3947 1129 4012; x_wconf 86' lang='lat' dir='ltr'>animi</span> <span class='ocrx_word' id='word_1_363' title='bbox 1154 3960 1216 4012; x_wconf 78' lang='lat' dir='ltr'>atet</span> <span class='ocrx_word' id='word_1_364' title='bbox 1240 3948 1396 4030; x_wconf 84' lang='lat' dir='ltr'>corporis</span> <span class='ocrx_word' id='word_1_365' title='bbox 1416 3959 1626 4012; x_wconf 83' lang='lat' dir='ltr'>constantem</span> <span class='ocrx_word' id='word_1_366' title='bbox 1648 3956 1682 4007; x_wconf 87' lang='lat' dir='ltr'>et</span> 
     </span>
     <span class='ocr_line' id='line_1_38' title="bbox 375 4033 1681 4139; baseline 0.002 -43"><span class='ocrx_word' id='word_1_367' title='bbox 375 4033 707 4139; x_wconf 34' lang='lat' dir='ltr'>absolutam-aliqua</span> <span class='ocrx_word' id='word_1_368' title='bbox 730 4036 765 4097; x_wconf 89' lang='lat' dir='ltr'>in</span> <span class='ocrx_word' id='word_1_369' title='bbox 791 4059 829 4100; x_wconf 89' lang='lat' dir='ltr'>re</span> <span class='ocrx_word' id='word_1_370' title='bbox 847 4037 1111 4129; x_wconf 63' lang='lat' dir='ltr'>perfectionem]</span> <span class='ocrx_word' id='word_1_371' title='bbox 1154 4041 1307 4118; x_wconf 88' lang='lat' dir='ltr'>Habitus,</span> <span class='ocrx_word' id='word_1_372' title='bbox 1332 4041 1450 4126; x_wconf 89' lang='lat' dir='ltr'>iuquit,</span> <span class='ocrx_word' id='word_1_373' title='bbox 1474 4042 1532 4102; x_wconf 83' lang='lat' dir='ltr'>iste</span> <span class='ocrx_word' id='word_1_374' title='bbox 1554 4051 1601 4102; x_wconf 86' lang='lat' dir='ltr'>est</span> <span class='ocrx_word' id='word_1_375' title='bbox 1625 4038 1681 4100; x_wconf 89' lang='lat' dir='ltr'>ali·</span> 
     </span>
     <span class='ocr_line' id='line_1_39' title="bbox 375 4127 1681 4215; baseline 0.005 -28"><span class='ocrx_word' id='word_1_376' title='bbox 375 4147 462 4188; x_wconf 84' lang='lat' dir='ltr'>curua</span> <span class='ocrx_word' id='word_1_377' title='bbox 482 4148 529 4189; x_wconf 84' lang='lat' dir='ltr'>ret</span> <span class='ocrx_word' id='word_1_378' title='bbox 554 4149 622 4189; x_wconf 83' lang='lat' dir='ltr'>aire</span> <span class='ocrx_word' id='word_1_379' title='bbox 649 4127 680 4189; x_wconf 87' lang='lat' dir='ltr'>ia</span> <span class='ocrx_word' id='word_1_380' title='bbox 708 4129 812 4193; x_wconf 90' lang='lat' dir='ltr'>animo</span> <span class='ocrx_word' id='word_1_381' title='bbox 840 4130 906 4194; x_wconf 80' lang='lat' dir='ltr'>sire</span> <span class='ocrx_word' id='word_1_382' title='bbox 934 4132 964 4194; x_wconf 92' lang='lat' dir='ltr'>io</span> <span class='ocrx_word' id='word_1_383' title='bbox 993 4153 1131 4215; x_wconf 86' lang='lat' dir='ltr'>corpore</span> <span class='ocrx_word' id='word_1_384' title='bbox 1159 4155 1222 4198; x_wconf 90' lang='lat' dir='ltr'>noo</span> <span class='ocrx_word' id='word_1_385' title='bbox 1251 4147 1361 4197; x_wconf 85' lang='lat' dir='ltr'>natura</span> <span class='ocrx_word' id='word_1_386' title='bbox 1385 4145 1514 4215; x_wconf 86' lang='lat' dir='ltr'>coepta,</span> <span class='ocrx_word' id='word_1_387' title='bbox 1545 4135 1601 4196; x_wconf 84' lang='lat' dir='ltr'>sed</span> <span class='ocrx_word' id='word_1_388' title='bbox 1623 4151 1681 4194; x_wconf 83' lang='lat' dir='ltr'>risu</span> 
     </span>
     <span class='ocr_line' id='line_1_40' title="bbox 376 4221 1679 4309; baseline 0.002 -27"><span class='ocrx_word' id='word_1_389' title='bbox 376 4221 586 4284; x_wconf 87' lang='lat' dir='ltr'>corroborata</span> <span class='ocrx_word' id='word_1_390' title='bbox 613 4231 645 4282; x_wconf 90' lang='lat' dir='ltr'>et</span> <span class='ocrx_word' id='word_1_391' title='bbox 675 4223 767 4302; x_wconf 89' lang='lat' dir='ltr'>plena</span> <span class='ocrx_word' id='word_1_392' title='bbox 799 4223 975 4305; x_wconf 86' lang='lat' dir='ltr'>perfectio;</span> <span class='ocrx_word' id='word_1_393' title='bbox 1007 4226 1092 4290; x_wconf 84' lang='lat' dir='ltr'>scire</span> <span class='ocrx_word' id='word_1_394' title='bbox 1114 4226 1193 4290; x_wconf 87' lang='lat' dir='ltr'>enim</span> <span class='ocrx_word' id='word_1_395' title='bbox 1211 4225 1303 4308; x_wconf 92' lang='lat' dir='ltr'>plene</span> <span class='ocrx_word' id='word_1_396' title='bbox 1321 4225 1437 4309; x_wconf 91' lang='lat' dir='ltr'>aliquid</span> <span class='ocrx_word' id='word_1_397' title='bbox 1462 4225 1585 4288; x_wconf 85' lang='lat' dir='ltr'>habitus</span> <span class='ocrx_word' id='word_1_398' title='bbox 1614 4237 1679 4299; x_wconf 85' lang='lat' dir='ltr'>cst,</span> 
     </span>
     <span class='ocr_line' id='line_1_41' title="bbox 377 4310 1721 4405; baseline 0.005 -32"><span class='ocrx_word' id='word_1_399' title='bbox 377 4310 433 4373; x_wconf 72' lang='lat' dir='ltr'>mm</span> <span class='ocrx_word' id='word_1_400' title='bbox 463 4311 491 4374; x_wconf 86' lang='lat' dir='ltr'>si</span> <span class='ocrx_word' id='word_1_401' title='bbox 517 4313 548 4375; x_wconf 90' lang='lat' dir='ltr'>id</span> <span class='ocrx_word' id='word_1_402' title='bbox 579 4315 722 4378; x_wconf 78' lang='lat' dir='ltr'>voluteris</span> <span class='ocrx_word' id='word_1_403' title='bbox 750 4337 922 4392; x_wconf 73' lang='lat' dir='ltr'>exercere,</span> <span class='ocrx_word' id='word_1_404' title='bbox 958 4319 1060 4383; x_wconf 85' lang='lat' dir='ltr'>victus</span> <span class='ocrx_word' id='word_1_405' title='bbox 1086 4332 1145 4384; x_wconf 85' lang='lat' dir='ltr'>est.</span> <span class='ocrx_word' id='word_1_406' title='bbox 1203 4321 1376 4384; x_wconf 86' lang='lat' dir='ltr'>Videamus</span> <span class='ocrx_word' id='word_1_407' title='bbox 1407 4321 1513 4405; x_wconf 88' lang='lat' dir='ltr'>itaque</span> <span class='ocrx_word' id='word_1_408' title='bbox 1543 4317 1680 4382; x_wconf 84' lang='lat' dir='ltr'>habitunt</span> <span class='ocrx_word' id='word_1_409' title='bbox 1691 4331 1721 4398; x_wconf 84' lang='lat' dir='ltr'>tt</span> 
     </span>
    </p>
   </div>
   <div class='ocr_carea' id='block_1_5' title="bbox 381 4557 1680 4997">
    <p class='ocr_par' dir='ltr' id='par_1_6' title="bbox 447 4557 1121 4627">
     <span class='ocr_line' id='line_1_42' title="bbox 447 4557 1121 4627; baseline 0.016 -21"><span class='ocrx_word' id='word_1_410' title='bbox 447 4561 476 4614; x_wconf 80' lang='grc'>5,</span> <span class='ocrx_word' id='word_1_411' title='bbox 494 4573 548 4626; x_wconf 81' lang='lat' dir='ltr'>quo</span> <span class='ocrx_word' id='word_1_412' title='bbox 566 4557 610 4627; x_wconf 87' lang='lat' dir='ltr'>tn]</span> <span class='ocrx_word' id='word_1_413' title='bbox 625 4557 683 4612; x_wconf 65' lang='lat' dir='ltr'>Cd.</span> <span class='ocrx_word' id='word_1_414' title='bbox 706 4559 770 4612; x_wconf 82' lang='lat' dir='ltr'>Bae.</span> <span class='ocrx_word' id='word_1_415' title='bbox 789 4587 827 4602; x_wconf 90' lang='lat'>-</span> <span class='ocrx_word' id='word_1_416' title='bbox 845 4577 900 4615; x_wconf 84' lang='lat' dir='ltr'>orn.</span> <span class='ocrx_word' id='word_1_417' title='bbox 920 4567 950 4614; x_wconf 89' lang='lat' dir='ltr'>tn</span> <span class='ocrx_word' id='word_1_418' title='bbox 968 4559 1038 4617; x_wconf 80' lang='lat' dir='ltr'>ttdd.</span> <span class='ocrx_word' id='word_1_419' title='bbox 1068 4561 1121 4617; x_wconf 82' lang='lat' dir='ltr'>Oa.</span> 
     </span>
    </p>

    <p class='ocr_par' dir='ltr' id='par_1_7' title="bbox 449 4630 834 4703">
     <span class='ocr_line' id='line_1_43' title="bbox 449 4630 834 4703; baseline 0.005 -19"><span class='ocrx_word' id='word_1_420' title='bbox 449 4636 496 4688; x_wconf 78' lang='lat'>12.</span> <span class='ocrx_word' id='word_1_421' title='bbox 516 4630 639 4699; x_wconf 63' lang='lat' dir='ltr'>mutius]</span> <span class='ocrx_word' id='word_1_422' title='bbox 660 4634 726 4703; x_wconf 80' lang='grc' dir='ltr'>έξις.</span> <span class='ocrx_word' id='word_1_423' title='bbox 746 4635 834 4688; x_wconf 76' lang='lat' dir='ltr'>Cure.</span> 
     </span>
    </p>

    <p class='ocr_par' dir='ltr' id='par_1_8' title="bbox 448 4701 1189 4782">
     <span class='ocr_line' id='line_1_44' title="bbox 448 4701 1189 4782; baseline 0.007 -20"><span class='ocrx_word' id='word_1_424' title='bbox 448 4705 494 4762; x_wconf 81' lang='lat' dir='ltr'>it.</span> <span class='ocrx_word' id='word_1_425' title='bbox 513 4701 610 4776; x_wconf 63' lang='lat' dir='ltr'>afficti</span> <span class='ocrx_word' id='word_1_426' title='bbox 659 4705 812 4773; x_wconf 71' lang='lat' dir='ltr'>decidente,</span> <span class='ocrx_word' id='word_1_427' title='bbox 830 4709 910 4779; x_wconf 70' lang='lat' dir='ltr'>vulgo</span> <span class='ocrx_word' id='word_1_428' title='bbox 929 4711 1084 4782; x_wconf 73' lang='lat' dir='ltr'>dispertito.</span> <span class='ocrx_word' id='word_1_429' title='bbox 1106 4713 1189 4767; x_wconf 77' lang='lat' dir='ltr'>Curi.</span> 
     </span>
    </p>

    <p class='ocr_par' dir='ltr' id='par_1_9' title="bbox 448 4779 1680 4862">
     <span class='ocr_line' id='line_1_45' title="bbox 448 4779 1680 4862; baseline 0.011 -32"><span class='ocrx_word' id='word_1_430' title='bbox 448 4779 520 4836; x_wconf 75' lang='lat' dir='ltr'>llud.</span> <span class='ocrx_word' id='word_1_431' title='bbox 537 4789 565 4832; x_wconf 89' lang='lat' dir='ltr'>et</span> <span class='ocrx_word' id='word_1_432' title='bbox 584 4799 602 4832; x_wconf 85' lang='lat' dir='ltr'>a</span> <span class='ocrx_word' id='word_1_433' title='bbox 626 4783 712 4848; x_wconf 75' lang='lat' dir='ltr'>actm]</span> <span class='ocrx_word' id='word_1_434' title='bbox 746 4783 859 4835; x_wconf 83' lang='lat' dir='ltr'>Mallem</span> <span class='ocrx_word' id='word_1_435' title='bbox 877 4785 966 4858; x_wconf 68' lang='lat' dir='ltr'>legere</span> <span class='ocrx_word' id='word_1_436' title='bbox 982 4781 1109 4856; x_wconf 78' lang='lat' dir='ltr'>affectio,</span> <span class='ocrx_word' id='word_1_437' title='bbox 1141 4793 1212 4842; x_wconf 82' lang='lat' dir='ltr'>sicut</span> <span class='ocrx_word' id='word_1_438' title='bbox 1235 4805 1314 4862; x_wconf 81' lang='lat' dir='ltr'>supra</span> <span class='ocrx_word' id='word_1_439' title='bbox 1335 4805 1362 4846; x_wconf 88' lang='lat' dir='ltr'>et</span> <span class='ocrx_word' id='word_1_440' title='bbox 1382 4789 1452 4844; x_wconf 80' lang='lat' dir='ltr'>lolia</span> <span class='ocrx_word' id='word_1_441' title='bbox 1471 4791 1579 4862; x_wconf 72' lang='lat' dir='ltr'>legitur.</span> <span class='ocrx_word' id='word_1_442' title='bbox 1600 4793 1680 4844; x_wconf 78' lang='lat' dir='ltr'>Care.</span> 
     </span>
    </p>

    <p class='ocr_par' dir='ltr' id='par_1_10' title="bbox 381 4857 1680 4997">
     <span class='ocr_line' id='line_1_46' title="bbox 449 4857 1680 4939; baseline 0.011 -34"><span class='ocrx_word' id='word_1_443' title='bbox 449 4859 494 4914; x_wconf 75' lang='grc'>58.</span> <span class='ocrx_word' id='word_1_444' title='bbox 514 4873 571 4906; x_wconf 87' lang='lat' dir='ltr'>non</span> <span class='ocrx_word' id='word_1_445' title='bbox 588 4857 707 4927; x_wconf 78' lang='lat' dir='ltr'>natura]</span> <span class='ocrx_word' id='word_1_446' title='bbox 726 4857 776 4911; x_wconf 84' lang='lat' dir='ltr'>Cd.</span> <span class='ocrx_word' id='word_1_447' title='bbox 796 4859 860 4913; x_wconf 73' lang='lat' dir='ltr'>aaa.</span> <span class='ocrx_word' id='word_1_448' title='bbox 880 4889 914 4904; x_wconf 90' lang='lat'>-</span> <span class='ocrx_word' id='word_1_449' title='bbox 932 4879 952 4911; x_wconf 84' lang='lat' dir='ltr'>a</span> <span class='ocrx_word' id='word_1_450' title='bbox 968 4871 1073 4914; x_wconf 80' lang='lat' dir='ltr'>natura</span> <span class='ocrx_word' id='word_1_451' title='bbox 1085 4861 1179 4926; x_wconf 81' lang='lat' dir='ltr'>de..;</span> <span class='ocrx_word' id='word_1_452' title='bbox 1197 4882 1247 4938; x_wconf 89' lang='lat' dir='ltr'>pro</span> <span class='ocrx_word' id='word_1_453' title='bbox 1263 4875 1360 4936; x_wconf 78' lang='lat' dir='ltr'>coepta</span> <span class='ocrx_word' id='word_1_454' title='bbox 1372 4868 1476 4939; x_wconf 78' lang='lat' dir='ltr'>(cepta)</span> <span class='ocrx_word' id='word_1_455' title='bbox 1496 4859 1611 4920; x_wconf 79' lang='lat' dir='ltr'>fortasse</span> <span class='ocrx_word' id='word_1_456' title='bbox 1629 4865 1680 4938; x_wconf 74' lang='lat' dir='ltr'>leg.</span> 
     </span>
     <span class='ocr_line' id='line_1_47' title="bbox 381 4930 1502 4997; baseline 0.013 -17"><span class='ocrx_word' id='word_1_457' title='bbox 381 4937 493 4997; x_wconf 72' lang='lat' dir='ltr'>accepta</span> <span class='ocrx_word' id='word_1_458' title='bbox 510 4930 552 4981; x_wconf 82' lang='lat' dir='ltr'>vel</span> <span class='ocrx_word' id='word_1_459' title='bbox 573 4949 605 4982; x_wconf 81' lang='lat' dir='ltr'>ea</span> <span class='ocrx_word' id='word_1_460' title='bbox 624 4932 684 4984; x_wconf 83' lang='lat' dir='ltr'>Cic.</span> <span class='ocrx_word' id='word_1_461' title='bbox 703 4931 781 4986; x_wconf 84' lang='lat' dir='ltr'>data.</span> <span class='ocrx_word' id='word_1_462' title='bbox 802 4933 855 4986; x_wconf 67' lang='lat'>01.</span> <span class='ocrx_word' id='word_1_463' title='bbox 1499 4951 1502 4960; x_wconf 86' lang='grc'><em>“</em></span> 
     </span>
    </p>
   </div>
   <div class='ocr_carea' id='block_1_6' title="bbox 381 5003 1680 5149">
    <p class='ocr_par' dir='ltr' id='par_1_11' title="bbox 381 5003 1680 5149">
     <span class='ocr_line' id='line_1_48' title="bbox 448 5003 1680 5084; baseline 0.008 -28"><span class='ocrx_word' id='word_1_464' title='bbox 448 5003 494 5060; x_wconf 72' lang='lat' dir='ltr'>dt).</span> <span class='ocrx_word' id='word_1_465' title='bbox 513 5011 605 5058; x_wconf 74' lang='lat' dir='ltr'>victua</span> <span class='ocrx_word' id='word_1_466' title='bbox 623 5009 678 5072; x_wconf 83' lang='lat' dir='ltr'>eat]</span> <span class='ocrx_word' id='word_1_467' title='bbox 717 5008 793 5078; x_wconf 81' lang='lat' dir='ltr'>Quid</span> <span class='ocrx_word' id='word_1_468' title='bbox 825 5013 861 5063; x_wconf 83' lang='lat' dir='ltr'>ait</span> <span class='ocrx_word' id='word_1_469' title='bbox 889 5010 944 5064; x_wconf 84' lang='lat' dir='ltr'>hoc</span> <span class='ocrx_word' id='word_1_470' title='bbox 969 5015 999 5064; x_wconf 85' lang='lat' dir='ltr'>ia</span> <span class='ocrx_word' id='word_1_471' title='bbox 1023 5010 1086 5066; x_wconf 81' lang='lat' dir='ltr'>loco</span> <span class='ocrx_word' id='word_1_472' title='bbox 1104 5009 1140 5074; x_wconf 75' lang='grc' dir='ltr'>τὸ</span> <span class='ocrx_word' id='word_1_473' title='bbox 1166 5019 1274 5084; x_wconf 75' lang='lat' dir='ltr'>vtetur,</span> <span class='ocrx_word' id='word_1_474' title='bbox 1305 5017 1364 5070; x_wconf 81' lang='lat' dir='ltr'>vide</span> <span class='ocrx_word' id='word_1_475' title='bbox 1384 5013 1418 5068; x_wconf 91' lang='lat' dir='ltr'>ad</span> <span class='ocrx_word' id='word_1_476' title='bbox 1436 5017 1513 5072; x_wconf 75' lang='lat' dir='ltr'>Ltbr.</span> <span class='ocrx_word' id='word_1_477' title='bbox 1533 5023 1559 5072; x_wconf 80' lang='lat'>2.</span> <span class='ocrx_word' id='word_1_478' title='bbox 1580 5016 1627 5072; x_wconf 80' lang='lat' dir='ltr'>ulti</span> <span class='ocrx_word' id='word_1_479' title='bbox 1647 5015 1680 5067; x_wconf 82' lang='lat' dir='ltr'>de</span> 
     </span>
     <span class='ocr_line' id='line_1_49' title="bbox 381 5078 782 5149; baseline 0.022 -22"><span class='ocrx_word' id='word_1_480' title='bbox 381 5078 519 5131; x_wconf 73' lang='lat' dir='ltr'>attrtbutit</span> <span class='ocrx_word' id='word_1_481' title='bbox 535 5098 680 5149; x_wconf 77' lang='lat' dir='ltr'>personae.</span> <span class='ocrx_word' id='word_1_482' title='bbox 700 5081 782 5136; x_wconf 77' lang='lat' dir='ltr'>Care.</span> 
     </span>
    </p>
   </div>
   <div class='ocr_carea' id='block_1_7' title="bbox 0 0 2242 5956">
    <p class='ocr_par' dir='ltr' id='par_1_12' title="bbox 0 0 2242 5956">
     <span class='ocr_line' id='line_1_50' title="bbox 0 0 2242 5956; baseline 0 0"><span class='ocrx_word' id='word_1_483' title='bbox 0 0 2242 5956; x_wconf 95' lang='lat' dir='ltr'> </span> 
     </span>
    </p>
   </div>
  </div>
 </body>
</html>
