4434 5959
537 619 583 690 'st
1057 628 1343 696 vtcToutuos

540 765 657 830 iudices
679 766 824 832 iacimus.
866 769 1041 846 Necnon,
1064 769 1184 854 inquit,
1207 771 1296 833 etiam
1319 781 1394 833 tunc
1411 779 1545 834 attentos
1568 771 1686 835 iudices
1704 771 1848 849 iaeimtis,

541 879 636 944 qrtttm
651 882 711 924 nos
728 861 871 924 breviter
891 862 1031 927 dicturos
1051 882 1124 927 esse
1142 865 1366 946 promittimus.
1399 865 1443 928 Et
1464 885 1502 926 ne
1517 865 1638 927 mentiri
1654 887 1711 928 nos
1732 867 1850 929 iudices

539 966 669 1036 putent,
694 957 779 1038 qtsod
797 955 938 1018 breviter
952 977 1011 1020 nos
1029 954 1170 1021 dicturos
1187 979 1255 1020 esse
1273 956 1501 1040 promittimus,
1524 979 1711 1039 exponere,
1733 958 1846 1041 inquit,

540 1047 699 1108 debemus
731 1046 972 1136 aedicationem
1003 1061 1065 1111 nat
1097 1049 1339 1125 iudicationes,
1369 1050 1399 1112 si
1426 1052 1542 1132 plnres
1569 1061 1681 1113 errent.
1725 1051 1849 1115 Deinde

516 1138 696 1214 sostendit,
720 1161 785 1222 quo
807 1151 902 1221 pacto
928 1142 1048 1205 dociles
1075 1143 1237 1204 auditores
1263 1142 1372 1204 iacere
1393 1144 1576 1204 debeamus:
1599 1141 1651 1217 Si,
1675 1143 1791 1224 inquit,
1816 1143 1848 1204 in

540 1231 703 1315 principiis
727 1253 782 1305 ea,
807 1254 886 1317 quae
908 1245 980 1296 stunt
1001 1234 1092 1299 nobis
1118 1234 1273 1310 dicenda,
1298 1255 1468 1314 ponamus,
1500 1245 1533 1295 ut
1556 1234 1647 1298 nobis
1673 1235 1787 1298 iudices
1808 1238 1849 1297 ad

540 1327 794 1408 cognoscendum
812 1326 974 1408 negotium
990 1347 1220 1409 comparemus.
1266 1329 1451 1401 Praeterea,
1476 1326 1593 1408 inquit,
1617 1347 1711 1412 quum
1727 1321 1847 1391 dociles

539 1417 656 1481 iudices
674 1417 822 1492 iacimus,
846 1419 937 1481 simul
955 1431 1093 1483 attentos
1108 1421 1223 1482 indices
1238 1419 1346 1482 lacere
1365 1422 1526 1483 debemus.
1570 1421 1618 1482 Ita
1641 1419 1709 1500 ipse
1728 1419 1846 1484 Cicero

539 1511 570 1574 in
591 1511 776 1576 Cluentiaoa
798 1510 875 1574 lacit
893 1513 1012 1574 dociles
1032 1513 1177 1597 iudices,
1207 1534 1300 1594 qtutm
1320 1513 1381 1576 ait:
1412 1513 1665 1588 Animadverti,
1697 1512 1844 1586 dedices,

498 1625 673 1677 momnem
696 1605 907 1669 accusatoris
927 1606 1117 1669 orationem
1136 1608 1171 1668 in
1190 1606 1277 1667 daos
1297 1606 1440 1668 dinisam
1454 1627 1527 1668 esse
1548 1617 1679 1686 partes.
1723 1605 1847 1668 Deinde

539 1695 615 1760 iacit
638 1708 796 1772 attentos,
831 1721 926 1782 qrssim
948 1699 1009 1761 ait:
1043 1703 1201 1783 Quarum
1220 1702 1331 1761 altera
1351 1700 1433 1761 mihi
1451 1700 1514 1761 niti
1538 1711 1571 1761 et
1599 1719 1725 1780 magno
1744 1717 1847 1780 opere

537 1792 712 1870 consedere
736 1791 913 1855 videbatur
941 1792 1070 1854 inuidia
1095 1793 1284 1855 inveterata
1303 1790 1425 1859 iudicii
1446 1792 1600 1865 Iuniani,
1630 1803 1693 1854 eet.
1752 1793 1846 1853 'l'uuc

538 1885 669 1960 etenim,
693 1883 811 1968 inqiut,
837 1885 929 1948 iudex
954 1885 1063 1946 melius
1083 1885 1195 1950 docilis
1216 1884 1289 1958 liet,
1320 1885 1347 1946 si
1372 1895 1404 1946 et
1425 1894 1562 1946 attentus
1582 1883 1680 1947 luerit
1702 1885 1845 1947 effectos.

538 1979 628 2042 Haec
648 1980 688 2041 de
708 1976 890 2061 principiis;
913 1999 995 2040 ιιιιιιο
1016 1977 1108 2041 nobis
1130 1977 1168 2040 de
1190 1977 1398 2040 insinuatione
1421 1977 1581 2039 dicendum
1605 1989 1665 2039 est.
1800 1978 1804 1986 '

496 2083 527 2133 15
622 2070 858 2138 Insinuatione
872 2071 982 2153 igitar
999 2071 1162 2134 utendam
1177 2083 1249 2146 est,
1273 2091 1376 2155 qaam
1389 2070 1589 2133 admirabile
1600 2089 1709 2154 genus
1722 2091 1847 2132 carnae

537 2168 603 2247 est]
645 2164 792 2229 Diximus
813 2163 1039 2246 principiorum
1055 2163 1210 2245 triplicem
1229 2185 1298 2226 esse
1320 2163 1434 2238 finem
1456 2163 1594 2240 scilicet,
1618 2174 1653 2225 ut
1678 2174 1730 2224 aut
1748 2165 1847 2226 bene-

538 2260 631 2324 volos
649 2257 769 2321 iudices
789 2270 843 2320 aut
864 2267 1002 2319 attentos
1020 2267 1075 2320 aut
1096 2257 1214 2320 dociles
1235 2255 1398 2318 iaciamus.
1442 2257 1529 2318 Idem
1552 2254 1645 2318 nobis
1662 2269 1692 2318 et
1714 2256 1746 2318 in
1771 2257 1848 2320 insi·

536 2351 685 2416 nutatione
705 2350 881 2414 laciendum
905 2361 972 2414 est:
995 2352 1051 2413 sed
1069 2351 1131 2412 hoc
1146 2351 1288 2424 interest,
1312 2352 1398 2435 quod
1419 2349 1450 2412 in
1471 2347 1632 2432 principiis
1653 2351 1714 2410 hoc
1736 2361 1846 2430 aperte

535 2445 684 2519 lacimus;
707 2443 738 2507 in
753 2442 959 2508 insinuatione
975 2443 1098 2507 occulte
1113 2455 1143 2504 et
1163 2443 1347 2527 quibusdam
1369 2442 1627 2516 circuitionibus3
1650 2461 1707 2503 nee
1728 2440 1759 2502 in
1781 2441 1846 2504 alio

494 2549 651 2600 etcausae
670 2557 786 2622 genere
812 2537 870 2599 nisi
887 2537 917 2600 in
940 2536 1135 2613 admirabili,
1159 2549 1233 2598 tuuc
1250 2557 1346 2621 quum
1369 2536 1460 2598 animi
1481 2535 1615 2597 iudicum
1638 2545 1730 2596 erunt
1750 2533 1847 2596 velte·

536 2642 658 2696 menter
679 2627 805 2693 offensi.
855 2631 966 2714 Ergo,
1000 2628 1123 2713 inquit,
1161 2627 1367 2693 insinuatione
1393 2641 1468 2692 tunc
1485 2629 1546 2692 erit
1568 2625 1660 2692 nobis
1682 2630 1848 2705 utendum,

536 2747 631 2811 qrirrm
655 2722 746 2786 animi
763 2721 899 2787 iudicum
923 2721 1043 2786 interint
1062 2723 1187 2786 offensi.
1218 2725 1262 2786 Et
1283 2723 1432 2797 ostendit,
1455 2724 1568 2806 quibus
1590 2722 1683 2782 rebus
1705 2721 1848 2783 offensos

534 2817 670 2881 iudicum
692 2815 814 2879 animos
837 2816 993 2897 possimus
1016 2835 1203 2900 agnoscere.
1257 2816 1352 2881 Prius
1379 2816 1462 2878 enim
1483 2815 1597 2878 ruinius
1619 2813 1846 2896 inspiciendum

536 2923 603 2985 est;
625 2910 671 2972 sic
692 2913 877 2992 apponenda
900 2909 1070 2973 medicina:
1093 2909 1234 2982 Tribus,
1257 2909 1377 2993 inquit,
1402 2909 1451 2972 rel
1474 2908 1606 2981 maxime
1631 2911 1731 2973 causis
1752 2907 1849 2972 animi

492 3019 524 3067 2⁵
537 3003 671 3068 indicum
688 3006 905 3068 offenduntur.
948 3004 1073 3066 Verum
1088 3023 1183 3087 qumn
1200 3001 1242 3064 ait
1258 3002 1426 3078 maxime,
1452 3003 1589 3066 ostendit
1607 3015 1639 3067 et
1657 3003 1725 3066 aliis
1742 3000 1847 3064 causis

536 3097 653 3183 offendi
664 3095 804 3172 indices,
826 3099 883 3158 sed
895 3095 942 3158 his
953 3096 1138 3180 plerumque
1154 3117 1162 3158 ε
1186 3095 1212 3158 si
1228 3106 1280 3157 aot
1294 3095 1325 3157 io
1337 3094 1467 3179 negotio
1480 3093 1550 3177 ipso
1562 3095 1642 3159 inest
1656 3094 1760 3180 aliqua
1776 3105 1845 3156 tur-

533 3186 664 3272 pitudo,
689 3201 723 3252 ot
741 3211 795 3252 res
813 3189 881 3272 ipsa
896 3199 1022 3270 praeter
1035 3209 1190 3270 personas
1208 3199 1261 3251 aut
1284 3187 1394 3250 iudicis
1409 3198 1463 3250 aut
1484 3189 1604 3271 agentis
1623 3189 1726 3271 pariat
1742 3189 1846 3252 olleo-

534 3281 674 3354 sionem;
697 3294 749 3343 ant
767 3282 792 3345 si
813 3282 876 3344 ianr
894 3282 1012 3366 aliquid
1031 3281 1184 3344 iudicibus
1207 3283 1247 3343 nb
1271 3280 1330 3354 iis,
1356 3280 1410 3366 qui
1428 3281 1561 3363 primum
1584 3282 1747 3356 dixerunt,
1772 3303 1846 3362 per·

534 3395 658 3436 suasum
680 3374 825 3449 ridetur,
849 3386 880 3437 et
898 3374 969 3437 ideo
990 3373 1034 3452 is,
1058 3375 1112 3457 qui
1132 3386 1206 3457 post
1225 3375 1362 3437 dicturus
1380 3385 1445 3442 est.
1468 3395 1531 3437 non
1551 3373 1685 3438 libenter
1698 3375 1844 3448 auditore

493 3476 589 3532 stant
616 3465 643 3529 si
675 3465 733 3540 illi,
758 3467 813 3549 qui
837 3465 972 3529 audituri
1001 3479 1090 3543 sont,
1126 3467 1206 3531 alios
1235 3467 1390 3531 audiendo
1415 3467 1580 3548 coeperint
1614 3489 1681 3532 esse
1713 3467 1844 3532 offensi.

535 3558 661 3640 Quare,
686 3580 781 3643 qurum
803 3560 882 3622 haee
903 3559 1177 3636 animadverteris,
1200 3561 1323 3643 singula
1346 3563 1406 3622 hac
1427 3559 1549 3624 dicendi
1571 3571 1637 3623 arte
1661 3560 1801 3624 sanabis.

617 3653 656 3718 Si
676 3674 800 3715 caiesae
814 3651 992 3736 turpitudo
1006 3655 1182 3715 contrahet
1196 3647 1436 3740 offensionem]
1479 3653 1614 3716 Duobus
1629 3653 1729 3716 modis
1748 3674 1846 3717 causa

534 3745 692 3813 contrabit
705 3745 942 3829 turpitudinem.
985 3747 1055 3810 Aut
1069 3744 1150 3808 enim
1166 3765 1217 3808 res
1230 3745 1331 3826 turpis
1346 3757 1393 3808 est
1408 3755 1461 3809 aut
1479 3765 1627 3827 persona.
1672 3747 1717 3822 Si,
1733 3745 1845 3831 inquit,

533 3861 672 3926 persona
699 3838 801 3922 turpis
827 3839 944 3915 inerit,
979 3850 1032 3904 aut
1053 3838 1146 3902 alium
1169 3838 1325 3902 hominem
1348 3837 1516 3912 subiicies,
1541 3839 1595 3922 qtri
1616 3851 1757 3914 amatur3
1791 3849 1848 3902 aut

493 3945 602 3999 serem
622 3955 685 4016 pro
706 3953 856 4017 persona.
911 3932 1037 3998 Deinde
1058 3931 1157 3995 sires
1183 3931 1284 4014 turpis
1305 3931 1421 4008 inerit,
1458 3943 1511 3995 aut
1532 3933 1621 3996 aliam
1643 3953 1730 4008 rem,
1760 3951 1843 4016 qnae

533 4030 666 4093 honesta
693 4036 759 4103 est,
796 4025 963 4100 subiicies;
1000 4037 1054 4090 aot
1090 4046 1152 4107 pro
1184 4045 1222 4087 re
1256 4025 1424 4087 hominem.
1486 4024 1520 4087 Si
1552 4037 1718 4108 utrumque
1750 4035 1845 4106 turpe

534 4120 630 4187 luerit
657 4132 689 4184 et
710 4141 761 4183 res
788 4131 821 4184 et
846 4139 1001 4201 persona,
1024 4120 1223 4184 commodum
1247 4117 1304 4179 erit
1321 4137 1443 4180 caricam
1460 4139 1522 4182 uon
1539 4119 1717 4200 suscipere:
1741 4127 1846 4178 tamen

534 4215 561 4278 si
582 4213 658 4298 qrdd
679 4213 792 4276 leriter
811 4223 905 4294 turpe
926 4211 1042 4287 inerit,
1078 4221 1188 4293 potest
1209 4209 1339 4290 suscipi.
1393 4210 1535 4287 Deinde,
1567 4210 1685 4295 inquit,
1717 4209 1847 4272 debebis

535 4306 729 4371 dissimulare
750 4305 984 4379 defensionem
1006 4315 1174 4387 postquam
1196 4303 1336 4367 mitiores
1358 4304 1531 4366 reddideris
1552 4303 1729 4380 eruditores,
1753 4303 1847 4384 paul-

493 4399 619 4466 tolutim
654 4399 778 4484 ingredi
803 4399 834 4461 in
863 4401 990 4466 eandem
1020 4397 1231 4461 defensionem
1268 4409 1300 4460 et
1332 4397 1438 4461 dicere
1461 4419 1516 4474 ea,
1555 4417 1635 4481 quae
1657 4394 1847 4458 adversariis

534 4493 736 4576 displiceant,
775 4493 832 4557 tibi
862 4494 954 4556 etiam
982 4489 1165 4574 displicere3
1200 4491 1255 4554 sed
1276 4490 1352 4552 nihil
1374 4490 1487 4553 horum
1511 4493 1550 4552 ad
1572 4500 1658 4552 tuum
1682 4488 1846 4571 negotium

533 4586 707 4671 pertinere.
741 4585 884 4662 Deinde,
906 4584 1025 4669 inquit,
1050 4583 1174 4648 occulte
1189 4594 1220 4646 et
1241 4585 1279 4645 de
1301 4583 1491 4646 adversariis
1513 4583 1680 4644 detrahere
1702 4582 1845 4644 debebis.

533 4681 729 4753 Postremo,
762 4677 883 4761 inquit,
913 4680 952 4739 de
973 4675 1065 4739 simili
1085 4675 1219 4761 negotio
1242 4674 1419 4760 aliquorum
1451 4675 1585 4738 indicum
1614 4673 1720 4736 atierri
1744 4695 1846 4756 opor·

534 4770 613 4836 tebit
634 4770 824 4854 exemplum.
868 4769 1134 4833 Animadvertere
1156 4781 1258 4833 tamen
1281 4773 1451 4844 debemus,
1475 4781 1509 4832 ut
1531 4779 1562 4830 et
1583 4767 1613 4830 in
1638 4765 1846 4830 insinuatione

493 4875 686 4950 isqstattoor
706 4863 786 4928 locis
807 4862 1006 4945 praeceperit
1019 4863 1270 4927 benevolentiam
1287 4865 1547 4946 comparandam,
1572 4861 1603 4924 id
1625 4870 1690 4935 est,
1715 4862 1755 4922 ab
1776 4861 1847 4942 ipsa

610 5023 655 5078 15.
673 5036 712 5072 =
729 5025 775 5068 est
794 4975 891 5085 egam
904 5014 1035 5066 utendum
1060 5013 1128 5088 Cod.
1147 5016 1210 5069 nn.
1229 5014 1283 5069 Os.

609 5097 654 5154 5¹1.
672 5095 797 5159 emetur]
818 5087 868 5143 cd.
888 5091 949 5144 Bas.
968 5117 1004 5132 -
1021 5097 1132 5142 emetur
1150 5086 1219 5143 Edd.
1239 5089 1292 5143 On.

610 5170 656 5226 45·
675 5176 717 5222 Αιι
735 5163 886 5219 iudicium?
914 5162 972 5224 Cir,
993 5181 1020 5237 p.
1038 5167 1084 5224 53.
1102 5165 1122 5218 1.
1143 5167 1186 5223 tlt.
1205 5165 1287 5218 Batr.
