4434 5959
564 592 625 657 158
1076 590 1363 658 vtctomntts

471 680 481 711 ,
542 678 549 689 .

561 732 668 795 dentes
690 741 761 794 sunt
781 730 1028 807 controversiae,
1053 752 1115 795 non
1139 731 1310 808 constituit,
1327 750 1408 815 quae
1422 729 1462 794 sit
1477 730 1631 805 intentio,
1655 752 1737 815 quae
1751 730 1872 815 depul-

561 826 631 898 sio,
656 846 757 907 neque
778 846 858 906 quae
880 827 1012 889 ratioet
1034 826 1182 890 refutatio
1202 825 1332 888 rationis
1355 837 1385 887 et
1406 846 1486 908 quae
1506 826 1688 889 iudicatio:
1712 828 1768 889 sed
1789 847 1870 889 con·

560 919 648 981 tiuun
674 920 726 979 dat
755 929 942 998 praecepta,
973 938 1053 1000 quae
1076 930 1148 981 sunt
1171 918 1252 1000 parti
1281 918 1404 1002 utrique
1432 918 1620 983 eommunia.
1666 920 1743 980 Sunt
1767 930 1871 981 autern

561 1012 657 1084 haec;
695 1011 828 1092 primum
857 1022 892 1072 ut
923 1032 1073 1093 negemus
1098 1012 1279 1093 ambiguum
1309 1020 1341 1074 et
1373 1013 1541 1075 doceamus
1569 1011 1739 1089 locutionis
1771 1011 1871 1091 ipsius

537 1104 836 1177 monsuetudinem
868 1103 979 1166 deiude
1002 1115 1036 1165 ttt
1056 1106 1219 1185 superiora
1250 1105 1345 1165 verba
1375 1114 1407 1165 et
1431 1102 1583 1167 inferiora
1613 1104 1868 1175 consideremus,

560 1218 601 1259 ex
627 1197 739 1280 quibus
758 1196 962 1279 colligamus,
987 1196 1126 1278 quaesit
1155 1218 1228 1261 vera
1249 1194 1420 1269 sententia;
1444 1196 1554 1260 deinde
1577 1196 1770 1260 excutiamus
1796 1217 1870 1276 per-

561 1311 669 1353 sonam
693 1290 776 1365 eius,
810 1289 865 1372 qui
888 1288 1031 1370 scripsit,
1070 1300 1102 1351 ut
1127 1310 1168 1351 ex
1189 1290 1301 1350 ceteris
1328 1287 1427 1349 'dietis
1458 1287 1544 1363 eius,
1578 1289 1689 1363 laetis,
1720 1288 1867 1369 seriptis,

562 1381 666 1446 animo
692 1396 784 1465 atque
815 1382 897 1458 vita,
936 1383 1009 1465 quid
1039 1382 1191 1455 senserit,
1227 1380 1329 1461 possit
1354 1380 1508 1465 intelligi3
1543 1382 1651 1445 deinde
1673 1382 1868 1444 excutiamus

562 1497 655 1540 omne
672 1477 840 1557 seriptum,
866 1498 904 1539 ne
925 1477 956 1538 iu
972 1477 1076 1560 aliquo
1090 1476 1192 1538 verbo
1217 1484 1270 1535 aut
1290 1494 1347 1537 nos
1366 1474 1491 1536 adiuvet
1506 1486 1558 1536 aut
1573 1476 1733 1558 impugnet
1756 1477 1869 1537 adrer-

521 1571 695 1643 ttsarium;
732 1571 840 1633 deiude
863 1572 1026 1643 dicendum
1049 1570 1102 1644 id,
1127 1570 1214 1651 quod
1235 1568 1431 1630 adversarius
1452 1567 1630 1651 intelligat,
1655 1568 1754 1631 minus
1778 1590 1866 1631 eom-

562 1667 654 1727 mode
675 1663 763 1738 lieri,
798 1684 889 1746 quam
916 1665 1003 1744 quod
1032 1682 1089 1724 nos
1117 1660 1340 1745 intelligamus.
1385 1661 1468 1723 Huic
1492 1674 1665 1743 praecepto
1688 1664 1866 1743 exetuplum

562 1759 632 1820 dat:
654 1757 829 1821 Meretrix
843 1777 1005 1821 eoronam
1019 1775 1163 1817 auream
1178 1776 1218 1816 rte
1229 1755 1368 1825 habetes
1388 1754 1420 1817 si
1434 1754 1607 1828 ltabttert't,
1631 1755 1767 1836 publica
1781 1768 1866 1819 esto.

561 1851 625 1913 Ille
646 1850 726 1912 euim
750 1850 877 1932 tractari
902 1859 1009 1930 potest
1030 1868 1093 1910 non
1123 1850 1203 1911 bene
1226 1847 1339 1909 sentire
1361 1867 1450 1919 etam,
1476 1848 1528 1930 qui
1551 1847 1769 1928 publicandam
1793 1848 1868 1909 dicit

563 1964 632 2005 esse
655 1942 866 2015 meretricetut
900 1945 986 2024 quod
1013 1940 1156 2023 publicae
1179 1939 1352 2003 meretricis
1379 1941 1480 2002 nullus
1508 1940 1630 2015 exitus,
1666 1940 1750 2003 nulla
1772 1942 1869 2003 adrni-

521 2034 706 2098 tsnistratio
729 2046 794 2108 est,
828 2037 890 2097 hoc
915 2045 979 2108 est,
1016 2034 1134 2097 nullum
1171 2034 1405 2117 quodammodo
1437 2034 1591 2117 vectigal:
1628 2034 1658 2095 in
1680 2054 1759 2097 auro
1790 2056 1868 2097 vero

566 2130 755 2210 publicando
771 2149 911 2211 magnam
934 2148 1002 2191 esse
1023 2129 1199 2210 utilitatem.
1244 2128 1325 2190 Post
1342 2127 1419 2188 haec
1437 2127 1578 2211 adiungit
1593 2126 1756 2189 utilitatem
1776 2148 1868 2208 prae-

567 2221 671 2301 cepti,
687 2233 720 2283 ut
741 2222 1002 2301 interpretemur,
1025 2231 1145 2305 quanto
1169 2218 1278 2282 utilior
1294 2239 1345 2281 res
1372 2231 1425 2281 aut
1444 2220 1607 2285 honestior
1628 2230 1867 2301 praetereatur,

564 2317 592 2377 si
619 2313 651 2377 id
679 2313 869 2377 intellectum
897 2313 1012 2388 suerit,
1050 2315 1137 2396 qttod
1158 2312 1357 2375 adversarius
1376 2310 1612 2393 interpretatur.
1670 2314 1745 2375 Hoc
1765 2327 1868 2376 autem

565 2407 702 2487 apertius
723 2406 798 2481 liet,
820 2406 846 2468 si
867 2404 917 2479 id,
941 2409 1027 2489 quod
1041 2428 1102 2468 nos
1122 2406 1388 2486 interpretamur,
1413 2408 1580 2469 doceamus
1596 2426 1665 2468 esse
1687 2406 1866 2479 honestum,

522 2510 554 2561 20
565 2501 655 2573 utile,
681 2501 899 2562 necessarium.
928 2502 991 2563 Sed
1010 2499 1156 2583 quioniam
1169 2500 1278 2583 scripti
1290 2500 1507 2565 controversia
1525 2499 1630 2581 (sicuti
1645 2520 1741 2579 snpra
1757 2500 1868 2563 docui-

563 2597 644 2672 mus)
673 2604 778 2673 pntest
806 2613 875 2655 esse
903 2605 934 2654 et
961 2594 992 2655 in
1017 2605 1221 2669 testamento,
1260 2605 1295 2656 et.
1320 2595 1382 2656 boe
1408 2598 1585 2674 exemplum
1615 2592 1725 2666 dedit;
1762 2601 1869 2673 potest

566 2698 667 2749 atttetn
692 2707 759 2749 esse
781 2686 864 2748 etin
887 2686 977 2769 lege3
1001 2686 1113 2747 adiecit
1138 2700 1322 2769 praecepta,
1347 2687 1372 2750 si
1396 2687 1582 2770 atnbiguitas
1604 2684 1750 2750 fueritin
1774 2686 1866 2768 lege,

564 2780 609 2844 nti
631 2801 838 2863 quaeramus,
863 2801 902 2841 ne
927 2780 1035 2854 forte,
1058 2782 1144 2861 quod
1166 2779 1339 2843 adversarii
1362 2778 1552 2862 intelligant,
1577 2780 1633 2841 alia
1658 2780 1730 2863 lege
1744 2792 1870 2841 ratitum

563 2872 621 2935 sit:
646 2872 756 2935 deinde
779 2884 812 2933 ut
830 2871 986 2947 dicamus,
1010 2874 1269 2956 quemadmodum
1291 2870 1388 2934 scribi
1403 2872 1608 2954 oportuisset,
1633 2871 1660 2935 si
1673 2872 1705 2934 id
1725 2874 1868 2947 sentiret,

520 2968 650 3051 tsquod
669 2964 839 3027 adversarii
866 2965 993 3037 dicunt,
1027 2965 1098 3042 ille,
1114 2966 1183 3049 .qui
1213 2964 1352 3047 scripsit.
1410 2967 1513 3029 Huius
1539 2968 1700 3049 praerepti
1720 2979 1753 3030 et
1774 2988 1870 3051 argu-

563 3058 658 3122 menti
679 3060 717 3122 de
739 3060 875 3121 themate
896 3078 991 3139 supra
1006 3058 1112 3138 posito
1128 3059 1261 3140 sumpsit
1275 3061 1472 3141 exemplum,
1497 3071 1530 3123 ut
1551 3063 1663 3125 doceat
1681 3061 1869 3143 scriptorem

562 3152 603 3232 (si
625 3150 734 3215 heredi
759 3153 927 3216 consulere
961 3153 1076 3226 vellet,
1115 3164 1150 3216 ut
1179 3173 1216 3216 ea
1242 3173 1316 3216 vasa
1345 3156 1453 3228 daret,
1491 3175 1572 3237 quae
1593 3154 1639 3217 illi
1665 3160 1868 3219 commodum

563 3256 631 3310 erat
648 3248 736 3325 dare)
757 3267 821 3312 non
835 3246 1033 3322 adscribere,
1055 3266 1142 3331 qttoe
1158 3247 1268 3311 uellet.
1310 3246 1385 3311 Hoc
1406 3247 1486 3310 enim
1506 3268 1569 3311 non
1585 3246 1765 3328 adscripto,
1789 3268 1869 3329 quae

562 3340 656 3402 lieres
678 3340 790 3416 vellet,
814 3340 882 3422 ipse
903 3343 1012 3405 daret:
1047 3360 1128 3402 nune
1146 3338 1219 3424 quia
1241 3339 1426 3423 adscripsit,
1462 3339 1585 3423 utrique
1611 3360 1720 3403 eorum
1744 3353 1868 3403 casatum

522 3431 685 3507 ttroluitt
713 3433 785 3515 quia
811 3436 875 3496 hoc
903 3455 966 3496 non
995 3433 1173 3513 adscripto,
1207 3434 1414 3496 consuluisset
1435 3433 1556 3496 heredi.
1620 3434 1712 3517 Ergo
1740 3434 1869 3497 conclu·

562 3524 608 3593 dit
643 3538 846 3607 praeceptum
879 3526 911 3589 iu
944 3524 1120 3589 huiusmodi
1161 3526 1262 3588 cattsis
1303 3526 1345 3589 ita
1381 3526 1497 3589 debere
1534 3526 1681 3590 tractari:
1734 3526 1773 3591 Si
1807 3528 1869 3589 hoc

461 3646 468 3658 ·
563 3620 665 3683 modo
693 3619 901 3701 scripsisset,
935 3620 995 3683 itto
1016 3619 1115 3682 uerbo
1138 3629 1349 3692 canaescet,
1377 3620 1445 3681 hoc
1466 3638 1534 3683 nort
1561 3629 1668 3683 essetr
1706 3619 1868 3683 istodoro

562 3711 700 3775 verbnm
714 3709 903 3792 posuisset,
926 3722 988 3773 ctat
1013 3732 1083 3774 nora
1105 3710 1291 3793 posuisset.
1335 3710 1458 3775 Deinde
1482 3711 1620 3795 adiungit
1640 3722 1865 3793 praereptum,

563 3803 611 3866 uti
635 3824 839 3887 quaeramus,
877 3825 942 3888 quo
964 3814 1109 3886 tempore
1136 3804 1288 3886 scripturn
1314 3804 1372 3879 sit,
1406 3807 1493 3889 quod
1515 3806 1662 3885 scriptum
1686 3816 1756 3879 est;
1798 3805 1867 3888 quia

521 3918 605 3968 asex
625 3899 688 3962 hoc
707 3895 894 3981 intelligitur
917 3898 1062 3961 voluntas
1080 3896 1268 3979 scriptoris:
1292 3897 1403 3961 deinde
1425 3897 1514 3983 quasi
1534 3897 1751 3963 deliberativo
1774 3900 1866 3961 modo

563 3992 776 4065 tractandum,
807 3988 882 4072 quid
908 3989 1031 4066 utilius,
1069 3989 1144 4074 quid
1165 3990 1325 4053 honestius
1353 3990 1413 4067 sit;
1452 4012 1520 4053 esse
1543 4002 1644 4054 atttent
1668 3991 1760 4055 locos
1781 4010 1865 4053 eom·

564 4104 675 4148 mitres
697 4083 824 4168 utrique
845 4083 947 4165 parti,
970 4082 998 4145 si
1019 4082 1094 4164 quid
1115 4104 1173 4165 per
1195 4082 1466 4165 amplificationem
1489 4084 1551 4147 dici
1573 4083 1688 4166 possit.

637 4302 682 4359 ss.
701 4300 793 4353 nullas
809 4301 913 4365 exitus]
934 4301 980 4353 Sic
999 4298 1099 4351 Graeci
1119 4296 1219 4369 ἐξόδου
1237 4304 1349 4353 nomine
1369 4299 1484 4372 reetlpal
1504 4316 1531 4353 et
1551 4299 1595 4369 (nt
1613 4299 1694 4374 uulgo
1714 4296 1863 4370 loquimur)

563 4378 682 4433 reditum
712 4373 859 4447 quemdam
888 4372 1059 4445 intelligent:
1091 4372 1163 4427 onds
1183 4373 1254 4445 apud
1279 4374 1390 4428 beatum
1410 4376 1590 4433 Athanasium
1610 4370 1749 4445 ἁνιξυδος
1768 4374 1863 4428 dicitnr

563 4469 685 4527 pauper,
704 4455 750 4503 eni
768 4449 859 4503 nullos
878 4448 982 4501 retllttat
1002 4466 1017 4500 e
1036 4447 1139 4513 bonta,
1161 4453 1206 4519 qul
1228 4448 1328 4501 nullam
1343 4447 1432 4502 iacere
1446 4452 1598 4521 impensam
1611 4454 1696 4521 possit
1709 4466 1762 4503 cet.
1781 4450 1863 4505 Care.

636 4529 683 4583 28.
700 4543 757 4577 nort
775 4523 943 4591 adscribere]
965 4520 997 4575 td
1010 4538 1067 4588 est,
1078 4541 1135 4575 non
1157 4522 1356 4596 adscripturum
1373 4522 1456 4577 luisse
1476 4529 1504 4576 ln
1521 4540 1683 4577 testamento
1704 4541 1763 4579 suo.
1781 4524 1862 4577 Cete-

563 4620 623 4657 ram
634 4602 704 4654 male
719 4598 822 4653 editum
838 4596 926 4651 fuerat
942 4597 1128 4662 adscriberet,
1141 4604 1223 4650 ettam
1238 4603 1265 4651 tn
1279 4598 1344 4652 edit.
1361 4600 1612 4653 Basilecuawarr.
1626 4598 1666 4673 (et
1677 4604 1705 4651 tn
1716 4596 1784 4651 Cod.
1793 4598 1862 4661 Bas.)

637 4674 710 4731 tbtd.
730 4674 790 4725 Hoc
809 4680 881 4725 ent'rrt
899 4691 955 4725 ncrr
973 4672 1128 4745 adscripto]
1158 4673 1230 4725 Hinc
1255 4672 1399 4727 emendare
1426 4675 1563 4747 oportebit
1586 4676 1729 4729 Ciceronis
1749 4690 1862 4727 coorta-

563 4768 640 4816 tnm,
660 4756 689 4803 ln
708 4768 762 4821 qno
781 4753 840 4801 aine
861 4747 994 4820 particula
1014 4752 1138 4820 negativa
1157 4746 1272 4819 legitur:
1293 4766 1325 4799 en
1344 4754 1415 4800 errt'm
1436 4750 1595 4821 adscripto,
1615 4748 1686 4801 nteit
1703 4756 1793 4801 tarsae
1810 4748 1861 4799 da-

562 4828 727 4889 bt'tatt'ont's,
746 4828 811 4893 quiri
829 4822 923 4889 lieres,
947 4840 1017 4893 quae
1036 4828 1094 4892 lpse
1112 4823 1213 4889 vellet,
1231 4823 1329 4881 darete
1349 4824 1395 4876 nbi
1417 4840 1489 4877 certa
1508 4824 1652 4898 legendum
1672 4840 1726 4878 est:
1745 4844 1776 4877 eo
1795 4828 1861 4875 ertt'ra

562 4921 619 4955 nort
638 4901 781 4968 adscripto
799 4913 852 4950 cet.
873 4898 955 4951 Care.
987 4896 1159 4960 (iarndudnna
1180 4904 1221 4950 sle
1240 4898 1339 4969 legitur
1359 4897 1428 4970 apud
1449 4902 1519 4965 etc„
1544 4916 1573 4953 ut
1592 4900 1677 4952 voluit
1699 4898 1796 4974 Capp.)

638 4982 683 5034 29.
703 4979 811 5041 utrique
830 4976 935 5040 eorum]
956 4972 1053 5024 Heredt
1075 4971 1199 5025 uidelicet
1216 4989 1241 5026 rt
1263 4979 1357 5037 uxori,
1377 4979 1419 5027 etti
1440 4990 1502 5027 vasa
1521 4976 1610 5045 legata
1629 4990 1702 5028 sunt.
1721 4978 1804 5031 carr.

636 5060 682 5114 30.
701 5078 738 5091 -
756 5054 822 5117 quiet
840 5046 890 5099 lace
907 5047 1051 5115 adscripto
1069 5066 1125 5098 nort
1143 5048 1323 5099 constituisset
1341 5046 1434 5099 heredi
1452 5050 1520 5103 Cod.
1541 5051 1604 5104 Bas.
1624 5050 1676 5103 On.

636 5132 682 5190 51.
701 5125 867 5189 canistra]
889 5124 936 5176 Sic
955 5125 1017 5176 Aac.
1037 5120 1093 5176 Ch.
1114 5122 1173 5176 Cir.
1193 5130 1226 5194 2,
1246 5126 1269 5190 d·
1292 5130 1354 5180 121.
1374 5150 1410 5165 -
1429 5130 1520 5179 tauris
1538 5142 1594 5177 nort
1612 5129 1655 5178 t'ta
1673 5125 1747 5181 Crtt.
1767 5122 1819 5178 Oa.
