4434 5959
936 602 1028 668 LIB.
1052 603 1120 669 111.
1626 612 1688 679 ³³3

368 738 565 824 distinguere
594 761 631 803 ao
657 762 833 826 segregare
854 762 918 806 non
937 753 1061 805 curant.
1105 744 1340 829 sedquoniam
1364 750 1404 811 de
1426 749 1609 817 delinitione
1637 754 1689 819 lo·

368 834 553 916 quebatur,
577 833 663 896 addit
684 832 775 897 aliam
798 835 935 916 speeiem
958 834 1170 912 delinitionis,
1201 860 1295 923 quam
1316 861 1375 904 nos
1397 843 1544 925 superius
1561 868 1689 911 enume-

367 924 526 1001 ravimus,
562 948 642 1011 quae
672 950 730 1010 per
760 929 999 991 translationem
1033 949 1096 991 uon
1130 931 1337 1013 proprietatis
1368 936 1589 1023 veritatisque,
1633 945 1689 1005 sed

238 1058 239 1063 κ
367 1018 548 1101 splendoris
576 1030 671 1103 atque
694 1032 825 1085 ornatus
847 1022 971 1084 ratione
993 1022 1173 1103 perlinitur,
1197 1028 1285 1109 quod
1306 1028 1474 1109 politorum
1497 1044 1592 1117 atque
1614 1056 1689 1097 ora-

368 1124 475 1176 torum
498 1134 568 1176 esse
590 1126 750 1189 asinarum,
781 1112 895 1197 qtribus
914 1116 1072 1179 ltreulenta
1097 1117 1202 1181 oratio
1228 1138 1323 1183 curae
1344 1134 1405 1186 est.
1450 1124 1554 1187 Huius
1576 1128 1714 1191 delini-5

238 1250 239 1253 η
368 1204 463 1268 tionis
493 1206 671 1287 exemplum
700 1229 717 1269 a
748 1206 816 1271 iure
849 1206 935 1271 civili
963 1209 1088 1274 'stillius
1116 1210 1214 1291 petit,
1252 1213 1359 1297 aitque
1384 1236 1420 1278 se
1448 1236 1512 1279 non
1534 1220 1626 1283 aliter
1648 1224 1688 1285 ab

238 1354 239 1363 ,
366 1298 522 1379 exemplis
546 1298 725 1363 notioribus
747 1300 903 1363 Trebatio
933 1322 1155 1377 recessurum,
1191 1326 1284 1389 quam
1312 1306 1341 1368 si
1373 1308 1544 1375 necessitas
1576 1324 1687 1398 cogat.

238 1438 239 1465 i
368 1391 438 1454 Per
460 1390 699 1455 translationem
721 1414 801 1458 vero
824 1393 964 1457 delinitio
987 1406 1053 1469 est,
1092 1396 1190 1459 veluti
1213 1418 1308 1481 quum
1330 1400 1480 1486 Aqrrilius
1500 1405 1588 1469 littus
1610 1407 1689 1470 deli-

366 1484 436 1546 nire
458 1488 571 1547 volens
594 1486 737 1562 dicebat,
762 1487 848 1550 littus
871 1508 960 1563 esse,
985 1510 1045 1571 qaia
1068 1488 1183 1552 fliretus
1205 1491 1361 1557 eluderet.
1405 1496 1481 1557 Hoc
1495 1483 1624 1562 eludere
1645 1502 1687 1563 ab

367 1578 410 1641 iis
430 1578 613 1665 translatum
636 1590 702 1655 est,
737 1580 790 1663 qui
813 1580 988 1668 agitatione
1010 1581 1114 1665 aliqua
1137 1603 1230 1646 eairsa
1253 1583 1339 1647 lusus
1362 1601 1544 1651 morentur.
1588 1593 1731 1655 Item-tt

238 1726 239 1753 ξ
369 1693 434 1756 que
456 1673 668 1737 adolescentia
690 1672 751 1736 flos
772 1672 901 1747 retaliet
923 1673 956 1735 id
977 1676 1015 1737 ad
1038 1676 1207 1740 arboribus
1230 1679 1356 1740 ductum
1379 1692 1446 1753 est,
1470 1703 1603 1764 quartam
1618 1685 1688 1748 lru·

238 1822 239 1825 ,
368 1777 442 1828 etus
461 1765 559 1829 flores
581 1769 785 1848 praecedunt.
842 1768 886 1831 Et
914 1780 1059 1830 senectus
1093 1770 1176 1832 vitae
1204 1790 1357 1846 oeeasus3
1393 1772 1425 1834 id
1448 1794 1465 1836 a
1487 1776 1537 1839 die
1559 1780 1688 1841 ductum

369 1870 439 1931 est,
462 1860 516 1942 qrri
539 1858 653 1921 desinit
674 1880 764 1933 esse,
802 1880 898 1943 quum
921 1860 971 1924 sol
993 1862 1129 1925 oceidit:
1153 1885 1233 1947 qrrae
1255 1865 1477 1929 translationes
1499 1889 1516 1930 a
1540 1870 1689 1951 proprie·

238 2005 240 2015 ,
371 1962 436 2013 tate
458 1952 622 2015 discedunt
641 1962 673 2014 et
690 1954 821 2039 quadam
838 1950 1038 2017 similitudine
1061 1956 1356 2041 subiectasignant.
1399 1960 1459 2022 Est
1484 1961 1566 2025 enirn
1587 1975 1689 2026 mans-

371 2044 469 2119 latio,
504 2044 654 2128 quotiens
685 2045 814 2108 babenti
835 2044 882 2107 rei
905 2064 1017 2109 nomen
1039 2060 1175 2130 propter
1195 2050 1325 2114 alterius
1346 2049 1393 2114 rei
1413 2051 1648 2120 similitudinem
1670 2072 1731 2120 ats
1765 2110 1769 2117 .

370 2160 409 2201 re
426 2138 518 2201 simili
537 2158 650 2201 nornen
669 2138 862 2222 imponitur,
887 2148 921 2201 ut
942 2141 1151 2204 motushabet
1166 2142 1331 2225 proprium
1352 2164 1485 2222 nornen,
1509 2148 1581 2212 item
1602 2151 1689 2214 lusus

368 2253 431 2296 suo
460 2232 618 2296 vocabulo
652 2244 864 2315 nuncupatur.
921 2230 985 2296 Sed
1007 2236 1062 2319 qui
1087 2234 1180 2312 dicit,
1219 2236 1442 2327 quofluetns
1469 2243 1640 2318 eluderet,
1670 2266 1689 2308 a

340 2397 352 2415 ·
368 2322 574 2386 similitudine
595 2324 776 2409 agitationis
796 2327 836 2389 ad
852 2324 1004 2387 llnetuum
1028 2340 1146 2391 motum
1157 2331 1351 2393 -voeabulum
1370 2330 1535 2394 translert.
1578 2331 1631 2393 Ae
1650 2330 1690 2392 de

238 2400 239 2479 s
369 2414 606 2480 delinitionibus
635 2418 760 2501 quidem
786 2414 1030 2499 disputationem
1054 2423 1226 2484 terminans
1251 2424 1291 2484 ad
1312 2423 1500 2505 partitiones
1524 2422 1689 2486 transitum

368 2508 461 2665 ξιοίῐ.
520 2510 584 2576 Sed
608 2532 689 2575 utine
710 2511 807 2577 tertio
836 2510 988 2577 volumini
1017 2515 1092 2579 satis
1117 2529 1190 2579 ests
1224 2514 1347 2601 reliqua
1376 2517 1408 2579 in
1436 2526 1600 2601 posterum
1628 2514 1733 2579 dil-tt

385 2622 522 2667 eramus.

814 3044 1243 3153 sessuri

630 3288 1430 3365 COMMENTARIORUM

827 3500 973 3567 manu
994 3501 1225 3582 pusaeus.

459 3823 633 3910 Explirare
664 3847 728 3891 nou
751 3847 905 3907 possum,
935 3826 976 3889 uri
1001 3828 1144 3904 Punici,
1182 3840 1315 3911 quiantas
1340 3849 1437 3910 saepe
1466 3827 1496 3890 in
1523 3829 1692 3894 difficillimi
1703 3846 1736 3894 ts

374 3922 484 4008 operis
507 3943 601 3984 eursu
622 3921 704 3983 sires
726 3923 838 3984 all'erat
858 3921 1010 3983 amicitiae
1033 3922 1279 4004 contemplatio,
1304 3943 1398 4005 quirum
1419 3936 1449 3985 et
1466 3922 1503 3984 iis
1519 3923 1692 3985 studiosius

374 4036 624 4097 componamus,
637 4009 718 4099 qtros
726 4013 870 4095 reposito
882 4014 1006 4096 penitus
1016 4034 1123 4077 amore
1132 4016 1302 4099 diligimus,
1320 4025 1350 4075 et
1359 4014 1485 4095 plaeere
1494 4014 1692 4095 cupientibus

375 4112 472 4171 mstlta
490 4128 561 4170 sese
579 4129 685 4169 rerum
708 4106 801 4189 eopia
824 4106 1052 4170 subministret.
1098 4108 1172 4169 Hue
1192 4106 1336 4181 aceedit,
1360 4110 1468 4190 quot,
1492 4118 1526 4169 ut
1548 4127 1692 4193 qrraeque

375 4202 407 4265 in
441 4212 576 4263 mentem
610 4199 772 4275 venerint,
809 4198 977 4261 iuitrdieata
1005 4211 1099 4284 atque
1134 4200 1227 4263 etiam
1254 4199 1441 4284 incastigata
1476 4212 1692 4281 promuntur,

375 4297 502 4381 qnando
531 4294 655 4376 quidem
679 4296 763 4375 apud
785 4295 851 4356 eari
872 4292 1012 4375 pectoris
1037 4307 1191 4356 secretum
1221 4294 1297 4357 nibil
1320 4305 1368 4356 est
1390 4292 1522 4374 periculi
1543 4293 1738 4375 proferrem

374 4391 462 4472 qarod
482 4387 612 4451 sentias.
656 4388 716 4451 Est
738 4386 839 4471 igitur
861 4385 952 4462 mihi,
975 4407 1070 4470 qumu
1087 4396 1170 4449 tuam
1186 4387 1437 4450 benevolentiam
1460 4397 1589 4467 specto,
1613 4406 1693 4467 pro·

374 4504 449 4545 num
469 4501 562 4545 omne
594 4492 705 4565 atque,
736 4492 771 4543 ut
793 4479 835 4542 ita
858 4480 978 4555 dicam,
1011 4478 1248 4560 voluptarium,
1279 4481 1366 4561 qriod
1389 4480 1421 4542 in
1444 4491 1516 4541 tuae
1534 4478 1694 4560 praeseri·

373 4588 462 4659 ptum
475 4574 676 4638 iucunditatis
697 4570 901 4655 impenditur.
946 4574 1008 4635 Sed
1023 4595 1118 4657 quum
1139 4587 1251 4638 memet
1267 4582 1335 4656 ipse
1353 4574 1538 4656 perpendo,
1564 4592 1692 4646 vereor,

374 4690 414 4733 ne
435 4668 593 4750 imperato
623 4667 741 4729 rrrrmeri
765 4686 824 4747 par
845 4686 916 4729 esse
938 4687 1001 4730 non
1025 4668 1144 4748 possim
1162 4680 1195 4731 et
1215 4668 1388 4731 deficientis
1410 4667 1503 4747 eirlpa
1524 4664 1554 4725 iu
1575 4664 1695 4725 adhor-

373 4762 471 4825 tantis
493 4754 766 4825 eedat'iuiuriam.
798 4759 887 4837 'Quo
906 4758 959 4833 fit,
984 4770 1019 4821 ut
1035 4759 1092 4822 tibi
1113 4759 1208 4824 etiam
1232 4771 1327 4845 atque
1348 4760 1440 4823 etiam
1461 4758 1694 4840 providendum
1707 4781 1740 4833 ³5

376 4855 436 4933 sit,
471 4876 510 4919 ne
539 4854 601 4918 tuis
628 4856 695 4935 ipse
725 4852 868 4917 moribus
899 4854 1079 4915 emendatus
1104 4855 1207 4918 nostri
1235 4855 1365 4917 alicuius
1390 4851 1513 4915 erroris
1542 4849 1696 4913 sarcinam

374 4947 473 5012 ieras.
517 4948 613 5011 Nosti
635 4946 822 5011 oblatrantis
846 4965 972 5009 morsus
989 4944 1149 5023 invidiae,
1173 4948 1269 5023 nosti,
1296 4968 1389 5032 quiam
1408 4944 1558 5008 facillime
1579 4946 1610 5008 in
1636 4944 1698 5006 dil·

376 5040 523 5105 lieillimis
548 5039 651 5104 nausis
672 5040 761 5105 livor
781 5036 927 5102 iudicium
950 5037 1045 5101 serat.
1103 5039 1234 5120 Quaeso
1254 5040 1353 5124 igitur
1380 5049 1554 5101 extremam
1584 5048 1698 5099 nostro

377 5133 470 5218 operi
491 5154 616 5199 manum
636 5130 813 5200 eommunis
832 5128 954 5219 negotii
978 5129 1138 5199 studiosos
1158 5131 1321 5219 imponas,
1344 5128 1534 5197 abundantia
1550 5148 1696 5204 reseres,
