4434 5959
533 632 595 699 342
1074 633 1310 702 BOETHIUS

531 774 706 839 substantia
728 773 857 840 eaedem
881 788 953 841 sunt
977 788 1031 841 ant
1053 775 1203 862 qualitate
1225 784 1279 836 ant
1301 769 1416 834 ceteris
1435 768 1706 852 praedicamentis.
1751 769 1856 849 erod

531 867 558 930 si
586 868 629 931 ita
663 880 728 943 est,
767 881 798 932 et
831 871 952 934 animus
981 871 1158 955 intelligere
1179 869 1244 932 hoe
1264 867 1345 930 idem
1366 865 1398 928 in
1419 867 1562 947 pluribus
1585 865 1855 947 praedicamentis

530 971 651 1045 potest.
705 962 769 1025 Sed
801 986 895 1048 quum
924 967 988 1028 hoc
1019 963 1122 1047 ipsum
1150 963 1232 1026 idem
1259 960 1290 1023 in
1314 959 1575 1042 praedicamentis
1597 969 1704 1034 notat,
1735 961 1856 1022 eodem

532 1058 629 1119 modo
650 1054 680 1118 in
703 1055 820 1120 eisdem
854 1059 1135 1139 praedicamentis,
1174 1057 1267 1141 quod
1289 1055 1446 1116 diversum
1470 1065 1536 1126 est,
1573 1053 1725 1116 intuetur.
1786 1057 1858 1118 Sed

507 1149 630 1214 ssimile
652 1149 733 1213 idem
756 1164 826 1227 est,
849 1152 1025 1215 differentia
1047 1173 1126 1215 vero
1147 1149 1320 1212 diversum.
1363 1148 1451 1210 Idem
1475 1146 1573 1230 igitur
1588 1145 1708 1210 animus
1724 1151 1857 1210 eadem-

533 1263 595 1329 que
623 1243 826 1329 intelligentia
856 1245 1085 1308 similitudinem
1104 1241 1375 1323 differentiamque
1401 1239 1582 1323 cognoscit.
1641 1240 1858 1304 Differentia-

531 1357 600 1398 rum
631 1358 712 1401 vero
744 1340 859 1401 multae
889 1352 961 1402 sunt
993 1338 1127 1419 species.
1182 1334 1275 1397 Aliae
1307 1332 1425 1417 quippe
1453 1344 1526 1394 sunt
1546 1332 1789 1409 substantiales,
1814 1347 1857 1396 ut

530 1428 650 1493 bomini
672 1429 845 1505 rationale3
869 1431 947 1510 aliae
971 1451 1034 1493 uon
1053 1427 1293 1500 substantiales,
1316 1427 1372 1487 sed
1394 1425 1640 1506 inseparabiles,
1665 1438 1698 1488 ut
1721 1425 1856 1510 nigrum

531 1522 685 1605 Aethiopi
706 1536 800 1609 atque
817 1547 941 1600 corvo3
965 1525 1044 1587 aliae
1065 1541 1147 1586 vero
1169 1521 1302 1583 mobiles
1324 1539 1426 1602 neque
1448 1529 1648 1593 constantes,
1673 1529 1708 1581 ut
1722 1523 1855 1595 sedere,

490 1625 522 1675 st
532 1629 616 1681 stare
638 1628 669 1680 et
690 1617 905 1682 huiuscemodi
928 1630 1068 1691 ceterae,
1108 1615 1221 1699 quibus
1244 1623 1276 1675 ct
1304 1613 1344 1674 ab
1374 1611 1440 1672 aliis
1462 1611 1641 1674 bominibus
1664 1623 1697 1674 et
1719 1633 1735 1674 a
1758 1613 1859 1676 nobis

530 1710 607 1794 ipsis
619 1732 714 1792 saepe
726 1711 889 1774 distamus.
912 1711 993 1774 Item
1005 1708 1202 1774 differentiae
1215 1705 1291 1768 aliae
1302 1706 1407 1787 aliquo
1420 1706 1514 1766 modo
1526 1715 1597 1765 sunt
1609 1725 1760 1788 generum
1772 1706 1862 1769 disi·

532 1804 657 1879 sibiles,
692 1805 800 1888 aliquo
822 1805 918 1867 modo
938 1825 1016 1867 vero
1037 1803 1214 1884 specierum
1236 1798 1472 1862 constitutivae.
1523 1799 1586 1861 Sed
1606 1798 1634 1861 si
1655 1800 1853 1864 aconstitu-

531 1896 606 1960 tivis
628 1909 844 1981 argprnentum
867 1899 1021 1969 ducatur,
1059 1897 1186 1960 seluta
1215 1912 1332 1977 genere
1353 1891 1490 1954 ducitur.
1535 1891 1717 1955 Namaicut
1745 1913 1852 1976 genus

532 1988 674 2053 continet
696 1989 850 2071 speciem,
887 1990 929 2052 ita
952 1991 1149 2053 differentiae
1172 1987 1334 2050 continent
1356 1983 1491 2066 species.
1546 1985 1627 2048 Saue
1648 1985 1675 2048 si
1699 1987 1855 2049 differen-

492 2081 595 2148 lttiae
617 2080 845 2148 constitutivae
863 2093 898 2146 ut
919 2102 1036 2167 genera
1057 2081 1299 2164 intelligentur,
1323 2078 1400 2140 fides
1423 2078 1461 2138 ab
1486 2077 1532 2139 bis
1559 2079 1597 2138 ad
1617 2097 1652 2140 ea
1668 2079 1854 2159 aptabitur,

534 2195 614 2258 quae
638 2175 845 2238 constituunt.
902 2176 994 2238 Haec
1022 2176 1102 2238 enim
1138 2173 1245 2236 talium
1286 2170 1535 2233 differentiarum
1567 2170 1666 2232 veluti
1698 2173 1855 2254 quaedam

533 2266 656 2330 formae
678 2279 762 2331 seint.
806 2266 902 2347 Quod
924 2268 952 2331 si
974 2269 1014 2331 ad
1035 2289 1069 2330 ea
1092 2267 1256 2350 probanda
1277 2262 1477 2338 referantur,
1502 2284 1582 2348 quae
1603 2263 1635 2326 in
1657 2267 1855 2329 contrariam

533 2371 657 2442 partem
684 2381 785 2444 genus
816 2361 976 2439 dividunt,
1014 2373 1090 2423 tnnc
1121 2357 1255 2442 proprie
1286 2379 1310 2418 a·
1333 2356 1506 2420 differentia
1537 2355 1607 2420 lieri
1628 2371 1854 2442 argumentum

535 2451 684 2528 ridetur,
709 2453 781 2537 quia
803 2454 979 2518 contrariae
1012 2455 1111 2517 veluti
1141 2450 1336 2515 differentiae
1365 2462 1600 2530 comparantur.
1653 2451 1750 2529 Quod
1774 2473 1856 2516 vero

492 2563 526 2619 nn
536 2546 577 2607 ad
598 2547 776 2628 exemplum
799 2547 909 2610 attinet
928 2547 1044 2622 Tullii,
1077 2545 1257 2609 huiusmodi
1286 2556 1346 2607 est.
1402 2542 1560 2607 Mulieres
1582 2542 1754 2627 antiquitus
1776 2567 1854 2628 per-

535 2645 631 2721 p'etua
655 2640 753 2702 tutela
774 2644 982 2718 tenebantur,
1013 2640 1126 2722 pupilli
1146 2638 1222 2701 item
1245 2641 1304 2701 surb
1327 2637 1485 2700 tutoribus
1504 2649 1621 2721 agunt:
1657 2639 1715 2698 aed
1742 2639 1854 2702 mulie·

535 2731 624 2794 ribus
652 2732 679 2796 si
707 2733 783 2817 qnid
814 2734 952 2797 debitum
980 2733 1109 2808 luisset,
1147 2733 1214 2795 sine
1235 2730 1352 2796 tutoris
1375 2730 1564 2794 arictoritate
1587 2743 1715 2812 poterat
1742 2732 1850 2808 solvi,

535 2825 666 2907 pupillis
688 2848 769 2891 vero
792 2826 930 2890 minime.
985 2829 1079 2910 Ergo
1101 2827 1127 2890 si
1149 2834 1340 2909 quaeratur,
1366 2845 1403 2886 an
1426 2824 1480 2900 id,
1510 2827 1596 2907 qnod
1616 2827 1771 2888 debeatur
1793 2849 1854 2908 pu·

536 2920 615 3002 pillo
644 2920 794 2996 cuilibet,
830 2933 984 2986 renuente
1012 2931 1121 2984 tutore
1151 2919 1256 3000 possit
1292 2916 1439 2991 exsolvi,
1478 2917 1695 2980 adifferentia
1717 2921 1856 2983 sumitur

493 3023 527 3072 at
538 3027 757 3098 argumentum
786 3015 850 3078 sice
887 3016 962 3079 Non
991 3015 1074 3077 sicut
1099 3013 1222 3075 mulieri
1249 3011 1316 3075 sine
1345 3009 1462 3074 tutoris
1488 3010 1678 3075 anctoritate
1714 3015 1854 3076 debiturn

537 3105 645 3188 possis
663 3108 851 3180 exsolvere,
889 3109 1000 3170 eodem
1021 3109 1135 3180 modo,
1170 3105 1229 3168 nisi
1250 3103 1421 3166 auctoritas
1443 3103 1557 3167 tutoris
1581 3107 1768 3182 accesserit,
1794 3129 1854 3188 pu·

539 3199 620 3280 pillo
640 3199 788 3276 solvere,
820 3201 908 3284 quod
931 3202 1066 3275 debeas,
1095 3198 1213 3282 possis.
1257 3198 1335 3261 Illae
1358 3197 1437 3259 enim
1460 3207 1612 3278 perpetua
1636 3199 1733 3261 tutela
1758 3200 1853 3262 etiam

454 3322 460 3332 ·
539 3303 695 3373 provecta
715 3292 775 3356 iant
796 3303 899 3356 aetate
921 3293 1142 3366 continentur;
1164 3293 1291 3355 illorum
1313 3291 1430 3353 tutelae
1452 3303 1556 3352 certus
1574 3311 1727 3355 annornm
1746 3315 1855 3356 nrrme·

540 3403 596 3448 rus
617 3385 782 3449 terminum
802 3386 898 3460 lacit,
922 3398 1017 3471 atque
1041 3386 1161 3450 idcirco
1187 3385 1270 3448 solvi
1293 3383 1415 3465 pupillo
1437 3385 1503 3446 sine
1524 3384 1640 3446 tutoris
1666 3387 1856 3448 arrctoritate

494 3491 605 3542 ‘tenen
626 3479 757 3559 poterit.
811 3480 929 3543 Differt
950 3481 1031 3543 enim
1050 3499 1187 3561 persona
1207 3479 1371 3554 ‚mulierum
1398 3471 1571 3558 a'persona
1592 3477 1785 3558 pupillorum
1804 3479 1856 3541 vel

540 3569 575 3634 ln
597 3591 655 3648 eo,
680 3573 767 3656 quod
788 3572 900 3656 pupilli
920 3594 984 3636 non
1001 3585 1155 3656 perpetua
1180 3581 1336 3655 reguntur
1357 3572 1474 3645 tutela,
1509 3571 1654 3634 mulieres
1677 3593 1757 3636 vero
1781 3591 1857 3652 per-

542 3675 659 3747 petua,
681 3665 732 3727 vel
755 3668 842 3749 quod
862 3666 999 3747 pupillus
1021 3665 1140 3728 necllum
1165 3685 1240 3728 suae
1262 3663 1310 3727 rei
1332 3663 1592 3728 administrandae
1615 3664 1757 3727 utilitatis
1774 3662 1857 3727 iudi·

542 3757 625 3821 cium
643 3760 761 3822 habere
781 3770 906 3840 potest,
944 3780 1038 3843 quum
1060 3758 1101 3821 sit
1121 3757 1230 3842 aliquis
1251 3755 1453 3836 mulieribus,
1485 3757 1544 3820 etsi
1575 3779 1638 3822 non
1661 3759 1788 3836 llrmus,
1825 3757 1858 3822 in

542 3851 726 3933 explicanda
749 3850 912 3915 familiaris
934 3851 981 3915 rei
1001 3851 1135 3916 utilitate
1158 3852 1310 3914 delectus.

501 3964 533 4015 ss
626 3943 723 4028 (Cap.
748 3947 800 4010 ll.
823 3950 875 4023 §§.
898 3947 937 4008 ll
953 3979 994 3992 -
1010 3945 1078 4026 49.)
1107 3945 1277 4029 Deinceps
1301 3947 1396 4008 locus
1420 3956 1472 4009 est
1493 3975 1534 3990 -
1555 3979 1596 3994 -—
1617 3977 1660 3992 -
1681 3943 1861 4009 contmria

543 4059 612 4104 non
633 4039 826 4102 conuenire.

627 4131 742 4197 Diriso
772 4131 968 4196 differentiae
997 4131 1073 4196 loeo
1090 4153 1188 4211 'nunc
1220 4134 1259 4195 de
1287 4131 1455 4196 contrariis
1487 4142 1613 4196 tractat.
1672 4131 1783 4214 erare
1812 4127 1857 4194 uti

543 4247 651 4289 rerum
678 4215 760 4290 ordo
795 4225 913 4289 clarius
942 4223 1166 4310 colliquescat,
1200 4245 1303 4304 pauca
1333 4226 1408 4288 mihi
1442 4247 1481 4289 ex
1508 4223 1686 4290 Aristotele
1707 4225 1858 4288 sumenda

543 4333 638 4393 scrut,
663 4341 743 4402 quae
763 4319 816 4384 ille
838 4320 888 4382 vir
907 4319 1045 4383 omnium
1066 4319 1163 4404 longe
1189 4317 1391 4383 doctissimus
1414 4321 1452 4381 de
1472 4319 1531 4380 bac
1560 4317 1714 4382 divisione
1740 4328 1858 4379 macta·

503 4413 609 4481 tovit:
645 4434 834 4498 quamquam
865 4414 917 4477 M.
941 4412 1065 4476 Tullius
1087 4433 1125 4475 re
1153 4411 1279 4494 quidem
1303 4411 1471 4476 Aristoteli
1500 4410 1570 4474 lere
1593 4410 1769 4486 consentit,
1804 4409 1858 4472 sed

546 4509 586 4570 ab
608 4527 648 4570 eo
677 4507 834 4571 nominum
857 4505 1119 4590 interpretatione
1149 4505 1292 4568 diversus
1324 4518 1384 4567 est.
1442 4507 1523 4568 Nam
1553 4527 1634 4589 quae
1663 4503 1858 4569 Aristoteles

546 4599 716 4681 opposita,
737 4601 770 4663 id
796 4613 862 4676 est,
895 4596 1117 4687 ἀντικείμενα,
1153 4609 1266 4672 vocat,
1305 4618 1341 4660 ea
1370 4597 1496 4670 Tullius
1520 4597 1681 4662 contraria
1704 4596 1857 4660 nominat.

546 4695 609 4756 Sed
634 4694 712 4754 baec
732 4693 839 4774 paullo
856 4693 1038 4775 posteriust
1062 4713 1145 4756 nnnc
1167 4689 1352 4755 Aristotelis
1378 4690 1491 4754 divisio
1521 4691 1754 4754 consideretur.
1790 4689 1859 4770 Op·

545 4785 722 4869 positorum
744 4785 842 4870 igitur
862 4788 1033 4849 secundum
1065 4785 1271 4849 Aristotelem
1294 4784 1353 4848 alia
1375 4795 1447 4846 sunt
1468 4785 1651 4858 contraria,
1671 4783 1731 4850 alia
1753 4783 1860 4866 priva-

619 5017 666 5070 20.
693 4989 828 5065 Mallerss
862 5017 1016 5085 antiquitus
1042 5015 1110 5080 ceu]
1137 5009 1217 5068 eont.
1248 5011 1313 5067 Gali
1335 4991 1538 5066 innutriunt.
1567 5011 1590 5078 ᾗ.
1615 5007 1673 5068 ttl.
1722 5015 1767 5070 52.
1793 5024 1858 5060 aeas

545 5097 667 5144 ministr.
688 5089 758 5162 (om.
777 5087 832 5161 ret)
851 5093 918 5143 ven.
938 5089 1026 5142 Paris.
1063 5094 1110 5147 35.
1130 5093 1184 5140 etse·
1203 5105 1258 5139 non
1271 5085 1393 5160 firmus]
1417 5089 1489 5139 base.
1510 5087 1597 5140 l'sris.
1615 5113 1652 5126 -
1673 5091 1728 5138 etsi
1746 5089 1859 5138 nonan-

537 5163 646 5236 firmus
663 5163 740 5217 Eine.
759 5191 796 5207 -
814 5171 842 5215 et
862 5181 919 5216 nen
931 5163 1038 5236 firmus
1058 5167 1126 5221 Vsu.
1147 5191 1184 5208 -
1202 5167 1264 5218 Ao:
1283 5171 1312 5216 st
1329 5181 1385 5215 non
1403 5160 1554 5235 infirmus?
