4434 5959
855 1135 905 1208 ti.
946 1131 1204 1208 TULLII
1247 1129 1584 1207 ELOGIUlll.

1120 1337 1323 1352 *—

648 1471 704 1536 Ne
725 1467 891 1535 adver-ene
912 1467 1000 1532 artie
1023 1466 1297 1554 typographicae
1324 1468 1417 1550 leget
1446 1466 1588 1550 pagella
1615 1466 1697 1528 haee
1726 1476 1875 1542 vacaret,

562 1588 581 1628 e
602 1564 687 1630 cod.
710 1562 798 1630 Bibe.
821 1561 1005 1626 Beruenst'e
1026 1563 1075 1626 N.
1103 1562 1178 1624 tit.
1189 1557 1269 1651 sul.
1293 1562 1491 1632 eltaniaeeO,
1524 1571 1666 1650 praeter
1689 1559 1762 1648 ult'ta
1789 1559 1877 1624 Ct'ee·

564 1656 661 1722 ront'e
682 1654 788 1719 lt'broa
808 1654 849 1717 de
864 1652 999 1742 Offiet't'e
1017 1654 1209 1718 continente
1234 1675 1312 1716 enm
1336 1655 1400 1716 hae
1424 1651 1690 1735 subscriptione:
1713 1651 1875 1734 „Scriptus

563 1761 611 1814 eet
632 1748 714 1812 libet·
733 1749 793 1813 iaie
815 1747 846 1810 in
865 1748 948 1812 lecto
973 1746 1080 1810 Sancti
1099 1746 1221 1812 Urbani
1242 1767 1346 1829 papae
1366 1745 1399 1809 in
1415 1745 1608 1808 monasterio
1629 1756 1743 1828 portae
1765 1745 1873 1808 montis

563 1843 770 1926 (mering)
793 1839 910 1906 ordinie
937 1839 1091 1906 Cat-thus.
1127 1842 1223 1904 Anno
1246 1842 1333 1903 dom.
1359 1837 1494 1915 lew,
1518 1839 1604 1901 rude
1624 1839 1688 1902 ltoe
1708 1850 1743 1903 et
1764 1839 1874 1902 ineun-

562 1932 867 2027 dt'lnm,‘sntenr,
901 1935 963 1998 aed
992 1933 1154 2018 generoet'
1185 1954 1306 1998 tenente
1338 1935 1475 2016 plenum
1505 1931 1613 1996 Tullii
1633 1933 1803 2016 elogium,
1835 1931 1875 1995 ab

562 2028 694 2112 optimo
714 2026 843 2104 amieo,
867 2028 912 2090 t..
935 2025 1084 2105 Ueien-io,
1107 2027 1282 2093 nobiccum
1296 2026 1583 2091 communicatum
1595 2025 1649 2090 hie
1663 2024 1876 2092 inserendum

562 2141 782 2186 cutavtmtee:

638 2315 770 2384 Utinam,
800 2335 855 2390 quo
871 2331 995 2390 tempore
1014 2295 1160 2386 cinnes,
1188 2315 1254 2372 dena
1283 2333 1394 2384 notter,
1417 2317 1490 2370 bunc
1509 2315 1643 2371 mundum
1666 2315 1832 2371 inhabitavit
1851 2331 1875 2370 et

561 2393 727 2448 christinus
747 2396 876 2467 primitua
894 2391 1001 2448 aliendi
1016 2394 1114 2448 modua
1133 2393 1328 2458 excolebatur,
1348 2394 1569 2464 ebriatinnacqne
1583 2391 1657 2467 legea
1673 2409 1778 2446 tectam
1801 2397 1876 2466 opti-

564 2485 693 2541 mamque
712 2467 819 2522 vivendi
839 2473 973 2522 rationem
996 2469 1163 2536 attulerunt,
1183 2487 1211 2523 et
1230 2486 1279 2541 per
1302 2468 1486 2522 ebriatiauum
1509 2473 1566 2522 eiua
1589 2466 1756 2542 baptietnnm
1776 2469 1812 2520 ab
1833 2474 1876 2520 in-

563 2543 629 2598 feria
650 2560 701 2597 not
722 2543 926 2598 calamitatibua
952 2549 1139 2618 recuperavit:
1172 2542 1269 2598 eodem
1289 2549 1373 2608 etlam
1393 2559 1514 2617 tempore
1534 2543 1646 2600 Marone
1665 2558 1762 2598 notter
1779 2543 1875 2596 Cicero

564 2619 672 2672 domini
689 2623 778 2673 noetri
799 2621 862 2672 lean
880 2621 987 2674 chricti
1013 2634 1060 2673 aut
1076 2617 1310 2690 familietietimue
1329 2623 1479 2674 eaetititiet
1504 2634 1551 2672 ant
1570 2617 1605 2672 ed
1627 2624 1686 2672 eine
1704 2617 1876 2693 peetmodnm

564 2695 746 2748 inimitabilea
769 2710 797 2750 et
818 2694 989 2748 immortalea
1012 2693 1165 2750 divinitatia
1185 2699 1299 2750 virtutea
1322 2695 1507 2768 perteniaaetl
1547 2695 1617 2748 Nam
1631 2710 1662 2748 ut
1682 2699 1741 2766 ipae
1761 2695 1878 2749 Cicero-

563 2775 647 2823 niana
667 2768 776 2824 dicendi
802 2767 918 2824 incultae
948 2785 1014 2824 tnnc
1039 2786 1213 2843 tempotum,
1244 2789 1302 2826 nou
1331 2786 1405 2824 reete
1440 2773 1555 2842 cognito
1580 2767 1735 2824 divinitatie
1761 2769 1878 2834 lumine,

529 2888 534 2896 .
563 2845 777 2919 complutimum
792 2844 920 2918 oppidu,
941 2845 1111 2913 civitatibua‚
1130 2850 1279 2918 provinciis
1293 2861 1374 2917 atque
1387 2845 1546 2898 nationlbtte
1565 2845 1700 2918 opitulata
1719 2842 1783 2915 fuit,
1803 2862 1879 2916 atque

563 2925 739 2975 nuncetiam
760 2917 789 2974 ld
812 2924 903 2994 ipaum
927 2919 1143 2974 ciceronianum
1167 2920 1236 2974 bene
1262 2919 1370 2976 dicendi
1399 2921 1522 2992 beneque
1544 2919 1652 2974 vivendi
1682 2937 1767 2990 genna
1796 2925 1879 2973 maxi-

563 3012 640 3049 mum
661 2996 819 3050 hominibue
837 2996 916 3049 affert
935 3011 1149 3056 ornamentum:
1177 3001 1216 3050 ita
1236 3001 1320 3050 etiam
1340 2996 1421 3070 longe
1447 3001 1534 3069 magis
1555 2993 1700 3049 divinitate
1720 2995 1878 3069 prudentius
1949 3009 1950 3036 l

563 3087 645 3143 atque
671 3071 772 3125 elatine
799 3071 941 3125 intellecta
968 3070 1088 3124 humano
1117 3075 1210 3144 generi
1230 3087 1422 3126 ornamentum
1441 3070 1503 3124 fidei
1524 3072 1696 3125 Cbtiatianae
1716 3089 1773 3124 non
1794 3071 1877 3124 modi·

564 3163 628 3200 cnm
649 3151 840 3218 praestitieeet.
882 3149 942 3218 ipae
963 3151 1038 3200 enim
1059 3150 1156 3200 Cicero
1178 3162 1208 3200 ut
1227 3153 1430 3201 amantiatimua
1451 3150 1621 3220 posteritatit
1649 3162 1728 3220 pater
1747 3163 1779 3200 ec
1798 3146 1877 3199 irater

563 3235 672 3275 tantum
691 3222 772 3275 nobit
800 3221 941 3276 telenum
963 3226 1066 3276 amoeia
1087 3221 1230 3275 cumulum
1249 3222 1291 3275 tel
1311 3222 1508 3296 etnpliteitnem
1534 3220 1738 3275 benivolentiae
1759 3227 1878 3296 paterni·
1949 3219 1950 3278 ss

563 3313 648 3422 taqem
669 3312 750 3369 atque
770 3296 1207 3425 ifeeernjtetemlvelsingulertel
1220 3295 1523 3425 aqticitieebqlnqulqm
1542 3293 1759 3352 demonatravit:
1779 3315 1879 3352 utnon

563 3388 653 3425 eoum
682 3390 715 3424 ex
741 3389 824 3425 unico
853 3390 912 3426 etue
944 3391 1081 3426 eoumtne
1113 3389 1176 3426 com
1210 3390 1299 3426 nrma
1326 3391 1362 3426 no
1384 3391 1407 3428 te
1453 3389 1488 3425 on
1537 3389 1598 3426 com
1620 3383 1705 3426 atnre‘
1743 3380 1875 3438 canimus,

563 3463 655 3500 aetum
674 3449 757 3500 etiam
776 3467 809 3500 et
828 3448 1017 3520 compluribna
1036 3447 1172 3500 librorum
1180 3392 1393 3502 Peoluminibue:
1414 3453 1443 3502 itt
1463 3446 1561 3519 quibua
1580 3391 1636 3502 taen
1655 3393 1765 3521 ample,
1788 3463 1878 3513 tanta,

565 3535 620 3574 tam
640 3537 766 3585 aumtna,
792 3537 848 3575 tem
869 3527 991 3595 optime,
1022 3539 1079 3575 tam
1098 3526 1262 3596 permicat,
1280 3523 1435 3597 praeclara,
1456 3539 1604 3596 exoptata,
1624 3522 1799 3578 incredibilia
1817 3541 1877 3577 aet·
1949 3557 1950 3564 κ

563 3610 724 3661 vaeneunt,
751 3613 833 3668 quam
853 3596 938 3651 mune
968 3615 1104 3669 quamque
1124 3603 1197 3652 vatin
1217 3596 1327 3654 dicendi
1346 3615 1465 3671 genere:
1503 3614 1533 3652 ut
1553 3602 1645 3652 omnie
1665 3615 1692 3652 et
1712 3616 1784 3654 unna
1802 3603 1878 3670 quie-

563 3687 630 3744 (με,
650 3675 697 3744 qui
717 3671 810 3744 aliquo
828 3687 930 3745 magno
948 3669 1001 3726 fuit
1020 3678 1114 3726 auimo
1134 3687 1182 3726 aut
1199 3680 1272 3729 vitoe
1293 3690 1407 3746 magnos
1428 3677 1530 3727 imitati
1551 3674 1685 3738 veluerit,
1706 3677 1878 3748 ampliteinta

563 3744 661 3801 exinde
680 3749 733 3801 albi
754 3751 875 3820 potuerit
895 3747 1082 3802 emolumenta
1102 3764 1272 3822 competere.
1292 3749 1345 3805 Sed
1365 3748 1493 3821 equidem
1512 3749 1656 3803 Ciceronie
1670 3757 1786 3805 eittntee
1806 3766 1880 3806 tento

562 3822 643 3876 nobie
673 3821 832 3876 adiumento
861 3827 1042 3889 uetuerunt,
1076 3839 1205 3896 tantaque
1235 3823 1288 3878 luit
1315 3831 1374 3880 eius
1394 3828 1423 3877 ln
1449 3825 1598 3878 humanum
1620 3842 1704 3896 genua
1725 3825 1879 3879 officiorum

563 3896 730 3965 multitudo,
751 3903 888 3969 tantieque
909 3903 994 3972 ipeiue
1015 3915 1078 3972 erga
1098 3915 1149 3952 noa
1169 3898 1324 3954 etudiornm
1344 3900 1414 3953 bene
1434 3904 1541 3952 meritia
1555 3900 1729 3972 obligemur,
1752 3915 1877 3972 tantaque

450 4013 457 4024 .
563 3993 597 4026 ex
615 3978 702 4047 ipeiue
721 3978 833 4045 ectiptle
854 3977 986 4028 virtutem
1014 3975 1171 4027 adiumenta
1200 3982 1370 4048 eutcepitnue
1391 3991 1417 4028 et
1445 3976 1589 4040 elicimua,
1624 3991 1754 4047 tantaque
1781 3981 1876 4030 eximia

563 4053 593 4101 in
618 4065 669 4102 noa
696 4048 893 4102 beneficiorum
922 4049 1111 4122 magnitudine
1136 4049 1228 4104 allecti
1257 4068 1372 4116 eumue,
1405 4067 1435 4105 ut
1463 4066 1586 4104 aummae
1618 4055 1806 4124 omnipotenti
1829 4050 1876 4103 den

563 4129 672 4197 optimo
691 4129 812 4178 maximo
830 4129 932 4196 gratiae
952 4141 1030 4197 agere
1050 4124 1214 4192 debeamua,
1239 4126 1312 4198 quod
1333 4127 1484 4183 clementer
1504 4125 1537 4179 ad
1557 4143 1607 4178 noa
1628 4127 1874 4181 cumuletiatiotnm

563 4197 701 4326 dimieeqit
716 4216 867 4266 oratorem,
883 4205 962 4253 cuine
983 4201 1168 4294 amplieeimae
1189 4204 1304 4256 virtutce
1326 4207 1483 4296 univercum
1504 4202 1659 4296 ¹²⁰¹?me
1676 4221 1762 4276 ganne
1782 4207 1878 4294 mitqnt

561 4274 974 4418 :etnttiltltssee
996 4275 1873 4425 {beselini¹22:²23.:talentitill:

561 4429 620 4478 eina
639 4422 793 4498 apiendotle
813 4441 894 4496 atque
913 4427 1017 4498 gloriae
1038 4425 1227 4498 magnitudine
1248 4429 1372 4482 hominee
1394 4425 1428 4480 ad
1447 4446 1476 4482 ae
1490 4427 1637 4481 amandum
1651 4427 1801 4498 plurimum
1817 4425 1875 4480 alli-

562 4504 627 4626 οἷς.
667 4499 775 4626 ldqirqo
792 4501 911 4628 qnultum
931 4500 1063 4630 anqandne
1084 4517 1131 4568 et,
1151 4505 1175 4629 qq
1192 4519 1332 4629 quperetea
1352 4518 1439 4572 eetet,
1459 4503 1587 4558 manibue
1599 4503 1748 4576 geatandnt
1763 4507 1874 4558 immoe-

563 4590 573 4629 t
603 4591 665 4648 tque
685 4590 772 4647 gotta
811 4594 891 4650 tgnue
910 4593 1011 4630 merto
1031 4581 1138 4631 centeri
1177 4583 1267 4632 eet.⁸
