4434 5959
926 582 1025 647 ‘LIB.
1049 582 1098 647 11.
1611 589 1672 655 29⁷

438 718 539 803 (Cap.
562 720 595 785 8.
618 722 648 802 §.
672 721 740 803 12.)
782 723 977 808 Coningnta
998 725 1162 791 dictentur
1182 758 1224 771 -·
1246 759 1286 773 -
1308 738 1360 791 est
1380 749 1609 811 compascere.

439 814 595 879 Definitio
620 817 861 902 coniugatorum
892 840 909 881 a
939 818 1099 883 Cicerone
1128 819 1256 902 prolata
1278 822 1348 884 talis
1374 834 1440 885 est:
1478 824 1676 908 Contegere

352 909 534 985 dicuutur,
568 930 655 993 quae
688 923 769 990 sunt
801 934 848 974 ex
870 914 977 975 uerbis
998 913 1138 996 generis
1161 914 1335 987 eiusdem,
1372 914 1494 993 idest,
1528 940 1609 1000 quae
1634 922 1675 981 ab

353 1024 420 1067 uno
444 1004 547 1065 verbo
569 1001 665 1079 pariis
687 1001 891 1075 inflectuntur
914 1005 1029 1069 modis.
1087 1008 1140 1070 Ex
1163 1011 1274 1071 eodem
1294 1010 1412 1091 quippe
1436 1032 1555 1092 genere
1574 1016 1676 1077 verba

354 1108 429 1159 stunt
451 1095 605 1169 iustitia,
637 1097 767 1173 iustus,
801 1098 909 1175 iuste,
940 1100 1070 1163 iustum
1090 1112 1123 1163 ει
1152 1122 1360 1186 quaecuuque
1389 1102 1448 1165 alia
1479 1103 1512 1167 in
1535 1106 1721 1168 diversasa'

355 1202 492 1271 possunt
516 1190 744 1255 vocabulorum
767 1191 890 1273 species
914 1190 1044 1256 inflecti.
1097 1193 1314 1279 Quaecunque
1333 1195 1414 1257 enim
1442 1200 1482 1259 ab
1507 1219 1572 1261 ttno
1596 1219 1679 1282 φεο-

356 1284 436 1347 libet
462 1294 532 1346 orta
555 1284 643 1347 varie
664 1297 913 1362 commutantur,
937 1288 1050 1347 baeea
1072 1285 1205 1349 Graecis
1227 1289 1352 1372 quaidsut
1368 1284 1495 1374 σύζυγα
1516 1291 1677 1367 dicuntur,

356 1378 443 1458 apud
464 1376 601 1439 Latinos
624 1398 704 1441 vero
718 1378 899 1463 coniugata.
942 1379 1024 1441 Nam
1047 1382 1136 1464 qtrod
1152 1383 1268 1447 Graeci
1292 1384 1449 1465 συζυγίαν
1470 1384 1595 1458 dicunt,
1619 1406 1679 1447 nos

357 1468 616 1553 coniugatiouem
640 1471 848 1552 appellamus.
893 1472 984 1535 Haec
1005 1484 1219 1550 autemeam,
1253 1485 1288 1538 ut
1305 1476 1461 1559 sopiens,
1484 1478 1677 1560 sapienter,

356 1562 532 1644 sapientia
559 1574 590 1625 et
614 1584 823 1647 qttaecunque
847 1563 878 1627 in
904 1564 1006 1628 varias
1035 1578 1144 1648 partes
1168 1568 1324 1633 orationis
1344 1569 1513 1653 variasque
1533 1569 1679 1634 inflexio·
1694 1582 1725 1632 tt

357 1656 478 1719 nesab
503 1675 569 1717 uno
594 1658 730 1737 qttodam
755 1660 855 1719 ducta·
871 1669 1056 1720 cernuntur.
1101 1661 1156 1723 Ex
1178 1661 1355 1744 coniugatis
1381 1661 1479 1745 igitur
1501 1662 1681 1745 argumenti

357 1748 515 1815 nascentis
539 1749 603 1812 boc
635 1750 813 1831 exernplum
840 1761 910 1813 est:
944 1750 991 1813 Sit
1012 1750 1092 1813 enim
1125 1754 1315 1829 dttbitabite,
1350 1755 1442 1817 auin
1468 1756 1680 1839 aliquoagro

357 1843 435 1907 mibi
449 1855 544 1925 atque
560 1842 663 1906 vicino
675 1844 766 1907 simut
781 1864 913 1925 pascere
928 1842 1023 1907 liceat
1036 1865 1151 1926 pecus3
1174 1846 1205 1909 id
1216 1860 1320 1911 autern
1335 1861 1397 1923 est,
1420 1870 1459 1911 an
1473 1849 1521 1911 ius
1534 1850 1578 1912 sit
1591 1871 1681 1914 com·

356 1959 503 2022 pascere.
563 1936 745 2001 Subiectum
775 1938 873 2020 igitur
902 1948 949 1999 est
970 1959 1075 2021 ager,
1111 1961 1328 2023 compascere
1350 1964 1431 2006 vcro
1452 1944 1679 2025 praedicattun.

358 2034 526 2097 Faciemus
547 2029 645 2112 igitur
663 2042 882 2114 argumentum
906 2032 969 2094 hoe
992 2034 1107 2096 ruodo:
1130 2035 1219 2111 Hie,
1243 2038 1285 2098 de
1302 2035 1574 2121 progenerum,
1592 2055 1681 2118 ager
1693 2050 1743 2101 ts-

358 2147 585 2212 compaseuats
606 2138 671 2201 est,-
699 2128 735 2189 in
753 2145 958 2208 compascuo
980 2136 1095 2187 aetem
1117 2126 1194 2190 lieet
1218 2150 1452 2211 compascere:
1473 2129 1509 2191 in
1527 2132 1591 2191 boe
1612 2127 1681 2210 igi,

358 2233 419 2284 tur
439 2243 529 2304 agro
553 2222 631 2285 lieet
655 2241 885 2302 composcere.
943 2218 1007 2281 Hic
1032 2216 1132 2301 igitur
1162 2223 1385 2303 compascendi
1404 2222 1481 2287 iuris
1504 2244 1675 2309 argttmcn·

358 2328 424 2379 tum
444 2338 484 2379 ex
509 2336 702 2397 cornpascuo
718 2325 873 2397 sumptum
898 2322 967 2385 est,
992 2333 1033 2373 cs
1056 2312 1228 2397 coniugato
1250 2315 1413 2380 videlicet.
1456 2321 1685 2400 Compescere

359 2409 441 2473 caint
466 2420 497 2472 ct
512 2428 754 2491 compascuum
773 2403 943 2487 coniugata
964 2415 1049 2469 sttut.
1093 2408 1260 2488 Sumptum
1284 2431 1364 2474 vero
1382 2421 1429 2473 est
1445 2421 1679 2493 argumentum,

357 2502 408 2567 ius
440 2523 511 2566 esse
539 2520 760 2583 compascere,
797 2498 945 2583 quoniam
967 2498 1007 2561 sit
1029 2520 1108 2583 ager
1138 2524 1369 2585 compascuus;
1398 2507 1455 2566 sed
1476 2504 1679 2587 coniugatum
1691 2522 1724 2571 zo

358 2607 407 2659 cst
428 2616 651 2677 compascuum
672 2594 718 2668 εἰ,
756 2594 843 2678 qttod
863 2602 911 2653 cst
937 2614 1156 2675 compascere.
1215 2598 1245 2660 A
1272 2590 1451 2681 coniugatis
1473 2596 1572 2681 igitur
1594 2618 1680 2659 sitm·

357 2701 447 2771 ptum
469 2701 519 2752 est
539 2699 782 2775 argumentum:
816 2686 903 2772 qttod
925 2684 1131 2769 coniugatum
1156 2688 1187 2751 in
1209 2689 1282 2771 ipso
1306 2701 1374 2767 εει,
1398 2694 1438 2753 de
1459 2713 1525 2775 quo
1548 2690 1676 2773 agitur,

357 2780 390 2845 id
411 2795 476 2859 εει,
500 2782 532 2845 in
551 2783 804 2864 compascend03
835 2776 938 2843 omnia
960 2780 1040 2841 enim
1064 2802 1105 2843 ex
1127 2784 1238 2845 eodem
1256 2782 1359 2851 fltttmt
1381 2794 1413 2846 ct
1435 2784 1484 2846 sui
1508 2794 1582 2847 sunt
1602 2802 1681 2845 con-

357 2876 486 2939 tinentia
506 2888 600 2959 atque
623 2898 658 2939 se
679 2871 894 2955 respicientia.
954 2871 1085 2935 Factum
1116 2887 1165 2937 est
1192 2875 1291 2958 igitur
1313 2888 1531 2959 argumentum
1553 2898 1593 2939 cx
1615 2896 1678 2950 eo,

359 2972 445 3053 quod
470 2970 567 3032 estin
590 2968 681 3051 ipso,
716 2972 757 3031 ab
779 2964 920 3040 affectis,
954 2965 1072 3042 idest,
1097 2968 1290 3051 coniugatis.
1334 2969 1476 3033 Maxima
1495 2989 1576 3033 vero
1601 2975 1724 3049 pro-2⁵

359 3062 497 3144 positio:
533 3061 785 3147 Coniugatorum
805 3061 837 3122 in
857 3080 916 3133 co,
954 3062 1040 3141 qrtod
1066 3060 1234 3144 coniugata
1254 3074 1344 3136 sunt,
1372 3084 1466 3126 etnam
1489 3073 1583 3144 atque
1605 3082 1681 3123 ean·

361 3159 704 3230 demessenatttra1113
736 3154 789 3217 vel
819 3154 911 3217 etiam
944 3152 1007 3216 sic:
1046 3152 1110 3217 Cui
1139 3155 1288 3219 convenit
1308 3155 1451 3241 aliquid,
1488 3153 1563 3219 huie
1585 3154 1681 3217 etiarn

361 3248 566 3333 coniugatum
590 3250 656 3313 eius
677 3270 774 3331 posse
795 3246 922 3312 sociari.
1308 3258 1318 3272 ·

446 3344 544 3425 (Cap.
568 3344 600 3408 3.
624 3348 656 3420 §.
682 3344 746 3418 13.)
788 3344 822 3406 A
842 3362 1030 3424 genere-
1052 3342 1092 3386 -’-
1114 3343 1226 3427 igitur
1245 3343 1394 3415 videtur.

446 3438 555 3501 Genus
578 3449 643 3511 εει,
674 3438 761 3521 quod
782 3438 820 3499 de
845 3435 984 3518 qualibet
1003 3434 1108 3517 specie
1130 3436 1162 3499 in
1186 3458 1246 3511 co,
1284 3441 1371 3522 qumi
1393 3437 1558 3523 quidest,
1586 3444 1726 3520 prae-tt

349 3532 498 3595 dicatur.
543 3530 580 3593 lu
604 3550 643 3593 eo
663 3541 778 3604 autem,
804 3530 890 3611 qttod
913 3528 987 3612 quid
1008 3539 1074 3603 εει,
1098 3530 1276 3611 praedicari
1288 3530 1422 3606 dicitur,
1446 3533 1535 3615 qttod
1549 3534 1587 3595 de
1602 3551 1683 3614 qtta·

359 3627 438 3689 libet
468 3622 574 3706 specie
597 3622 889 3707 interrogantibus,
923 3620 999 3707 quiid
1022 3622 1084 3698 sit,
1114 3636 1147 3686 et
1167 3624 1357 3706 responderi
1378 3624 1527 3700 convenit
1547 3634 1580 3687 ct
1600 3622 1680 3700 eius,

358 3723 398 3783 dc
419 3740 481 3803 qtte
500 3720 729 3799 respondetur,
752 3714 869 3802 speciei
890 3716 1093 3779 substantiam
1111 3729 1280 3781 monstrat.
1324 3720 1458 3801 Semper
1478 3738 1558 3783 vero
1580 3737 1683 3801 genus

358 3812 495 3896 propria
519 3811 624 3891 specie
646 3812 741 3873 maius
761 3822 808 3873 εει
827 3830 959 3891 eatnque
979 3810 1058 3873 intra
1081 3812 1233 3875 ambitum
1255 3833 1331 3875 suae
1361 3808 1605 3894 praedicationis
1633 3808 1684 3872 in·

361 3908 473 3971 cludit.
529 3905 603 3987 Quo
630 3906 681 3981 iit,
719 3915 753 3967 ut
776 3902 921 3987 quamvis
943 3905 974 3967 in
1001 3905 1060 3967 alia
1084 3927 1215 3990 qtroque
1242 3904 1404 3988 dispartiri
1428 3926 1527 3989 genus
1555 3901 1726 3984 possit‚tt

360 4000 500 4083 speciem
523 4011 626 4062 tamea
649 4020 735 4062 stram
758 4000 847 4063 muto
871 4000 966 4061 modo
989 4000 1204 4084 derelinquat:
1237 4000 1326 4063 velut
1347 3998 1460 4062 animat
1481 3995 1684 4077 praedicatur

363 4096 488 4180 qtaidem
510 4096 548 4157 de
570 4092 718 4166 homine,
748 4106 779 4157 ct
803 4090 936 4157 hominis
959 4093 1162 4156 substantiam
1186 4104 1360 4167 monstram
1402 4088 1678 4174 interrogantibus

362 4188 444 4251 enim
468 4188 584 4251 uobisa
623 4186 697 4270 quid
719 4198 766 4249 εει
785 4183 908 4249 homo?
933 4184 1099 4257 „animat”
1122 4187 1347 4265 respondetur.
1391 4186 1479 4249 Idem
1498 4195 1601 4246 tamen
1624 4184 1681 4245 de·

363 4280 435 4345 dttci
457 4278 496 4342 in
511 4276 570 4343 atie
591 4292 718 4362 potest,
758 4278 842 4341 velut
864 4278 895 4339 in
917 4299 1032 4363 equum
1056 4289 1150 4364 atque
1171 4282 1305 4353 bovem,
1329 4300 1409 4363 quae
1430 4276 1574 4341 animatia
1602 4298 1682 4340 nuo·

364 4386 532 4457 carpantur.
577 4375 639 4437 Sed
660 4374 701 4437 ita
722 4371 888 4437 deducitur
912 4370 942 4433 in
970 4372 1112 4447 divorsa,
1136 4384 1171 4435 ut
1190 4394 1281 4435 atnam
1304 4392 1461 4457 quamque
1482 4391 1588 4434 earum
1609 4389 1729 4452 spe-tu

363 4469 443 4531 ciem
455 4510 465 4541 ,
479 4490 555 4551 quaa
567 4468 725 4544 continet,
741 4489 803 4531 nou
819 4469 988 4548 relinquat.
1023 4466 1213 4549 Ubicunque
1221 4466 1302 4529 enim
1311 4464 1407 4530 interit
1422 4468 1538 4544 bomo,
1553 4486 1684 4530 necesse

364 4573 431 4636 est,
455 4574 488 4623 ut
500 4560 539 4623 sit
549 4562 680 4635 animat;
710 4564 807 4626 bomo
821 4562 900 4624 enim
914 4556 1027 4621 anitual
1041 4571 1110 4623 est:
1133 4560 1278 4644 idemque
1293 4562 1333 4623 de
1348 4562 1433 4623 bove
1451 4582 1489 4624 ac
1502 4563 1541 4623 de
1552 4557 1682 4625 ceteris.

364 4656 459 4741 Ergo
475 4655 594 4739 liquido
611 4658 857 4719 demonstratum
868 4665 934 4726 est,
948 4653 1221 4735 nourengenerisa
1231 4653 1336 4735 specie
1349 4654 1436 4718 utillo
1449 4658 1545 4718 modo
1556 4674 1686 4735 separe»

365 4750 406 4813 ri.
466 4750 562 4830 Quod
585 4750 759 4832 siquando
782 4750 907 4833 generis
931 4748 1121 4810 vocabulum
1144 4746 1365 4810 universaliter
1386 4746 1589 4822 enuntietur,
1628 4766 1685 4808 ne·

365 4862 455 4905 cesse
477 4854 523 4905 est
546 4864 654 4906 omnes
676 4842 799 4923 specics
828 4840 1006 4921 designari:
1044 4851 1079 4904 ut
1101 4839 1128 4903 si
1150 4839 1222 4923 quis
1245 4840 1328 4903 dicat
1349 4861 1449 4905 omne
1469 4840 1617 4913 animai,
1654 4851 1729 4912 etta

365 4936 524 5001 bominem
555 4936 733 5021 designabit
764 4948 795 5000 et
825 4938 942 5000 bovem
971 4946 1005 4998 ct
1031 4947 1155 4999 ceteras
1185 4956 1294 5001 otranes
1315 4934 1438 5016 species
1460 4936 1521 4998 sub
1542 4930 1685 5002 mittatis

442 5136 489 5197 itt.
508 5138 642 5209 speciem]
662 5138 737 5197 Eiot.
758 5137 825 5193 Van.
847 5164 881 5181 -
902 5140 1054 5209 specterum
1073 5140 1169 5193 ceteri.
