4434 5959
569 611 610 673 su
797 589 800 596 ’
1077 611 1361 678 vlcroutuus

569 749 623 815 Fit
643 761 745 812 autem
774 751 889 826 altera,
924 773 1017 834 qurum
1040 751 1101 814 ait:
1138 753 1231 816 domi
1254 752 1389 834 negauit
1411 773 1497 816 ease.
1542 755 1649 832 Qttare
1671 775 1765 835 qutun
1787 753 1876 818 sulii-

568 854 673 916 ceret,
695 841 787 906 dorni
803 845 938 927 negauit
958 866 1049 919 esse,
1074 843 1245 908 abundarit
1267 849 1361 908 relius
1383 847 1570 928 superfluis:
1594 848 1666 929 qiua
1690 845 1766 908 dixit
1787 859 1874 919 ante,

569 937 755 1017 respondit.
799 939 847 999 lta
869 959 949 1021 ergo
972 939 1085 1000 mtdtos
1107 939 1236 1002 imitatio
1268 937 1431 1000 brevitatis
1454 939 1593 1020 deripit.
1627 939 1681 1023 qui
1703 963 1796 1022 quirun
1819 961 1876 1002 rcs

569 1027 755 1091 brevissime
776 1027 900 1105 dimnt,
933 1041 1038 1092 tamen
1059 1031 1131 1114 quia
1153 1033 1259 1114 plures
1281 1053 1371 1114 spirant
1403 1045 1533 1114 oportet
1561 1033 1683 1105 dicunt,
1721 1033 1878 1114 incipiunt

544 1121 683 1182 :breves
711 1141 774 1184 non
801 1142 882 1184 esse.
936 1121 1148 1202 Quamobrem
1170 1124 1297 1209 (inquit)
1319 1127 1345 1188 si
1367 1128 1484 1190 breves
1507 1148 1576 1188 esse
1601 1127 1775 1199 volumus,
1807 1145 1874 1188 uon

568 1213 670 1276 solum
692 1215 789 1276 rerba
811 1235 874 1278 non
896 1215 1068 1278 necessaria
1091 1217 1264 1298 praeterire
1287 1219 1454 1292 debemus,
1477 1221 1533 1282 sed
1556 1219 1645 1280 etiam
1668 1239 1733 1282 res.

650 1309 783 1388 Aperta
801 1318 917 1370 autem
931 1309 1088 1372 narratio
1104 1309 1235 1392 poterit
1253 1311 1338 1390 esse]
1382 1309 1471 1374 Dixit
1487 1313 1743 1393 quemadmodum
1761 1311 1875 1374 brevis

568 1398 708 1462 namatio
730 1419 797 1461 esse
818 1399 938 1480 possit:
976 1422 1059 1473 utana
1080 1404 1339 1484 quemadmodum
1361 1425 1431 1467 esse
1452 1403 1553 1486 possit
1575 1416 1701 1485 aperta,
1724 1403 1870 1484 exponit.

568 1493 651 1556 Illud
681 1504 781 1554 autem
804 1492 985 1574 perspicere
1014 1495 1180 1569 debemus,
1212 1498 1298 1578 qttod
1321 1507 1350 1556 et
1374 1496 1404 1558 in
1423 1507 1561 1578 apertam
1586 1495 1795 1560 narrationem
1818 1496 1872 1558 illa

527 1589 621 1648 ¹⁰dat
641 1596 827 1666 praecepta,
851 1607 931 1667 quae
948 1598 979 1650 et
993 1586 1031 1656 iu
1053 1588 1196 1652 brevem.
1221 1589 1283 1652 Hic
1305 1589 1396 1652 etiam
1418 1589 1490 1671 qnid
1513 1591 1544 1652 in
1567 1589 1721 1670 principio
1743 1599 1872 1669 apertae

568 1677 778 1751 narrationis,
811 1679 887 1762 quid
913 1679 945 1741 in
973 1677 1053 1754 fine,
1088 1680 1164 1761 quiid
1180 1681 1211 1744 in
1237 1683 1338 1748 medio
1367 1683 1472 1746 iacere
1501 1684 1684 1754 debeauuts,
1719 1683 1871 1744 ostendit.

452 1837 457 1847 ,
568 1775 661 1838 Nttnc
682 1774 788 1857 itaque
808 1784 907 1836 totam
923 1773 1142 1854 complectitur
1162 1775 1391 1850 narrationem,
1416 1797 1511 1858 quum
1526 1774 1588 1836 ait:
1611 1777 1742 1856 Aperta
1755 1787 1872 1836 autem

567 1867 723 1930 narratio
731 1866 859 1948 poterit
875 1888 964 1940 esse,
988 1867 1070 1929 siut
1084 1867 1229 1950 quidque
1240 1868 1538 1950 primurn'gestum
1553 1867 1637 1941 erit,
1661 1869 1711 1930 ita
1718 1869 1873 1950 primurm

567 1973 775 2042 exponetur:
806 1959 941 2034 scilicet,
975 1969 1010 2022 ut
1033 1980 1095 2023 non
1121 1981 1271 2040 perverso
1292 1962 1436 2024 narrandi
1459 1961 1567 2025 ordine
1587 1960 1642 2023 fiat
1662 1960 1817 2024 iudicibus
1839 1960 1872 2023 in

525 2053 747 2138 ¹⁵eognitione
769 2053 927 2118 confusio.
1340 2121 1342 2126 ,

650 2151 697 2212 Et
718 2169 834 2210 rerum
853 2168 893 2209 ae
914 2158 1104 2228 temporum
1122 2147 1207 2210 ordo
1228 2147 1432 2226 seruabitur]
1476 2147 1602 2210 Scilicet
1624 2166 1662 2208 ne
1685 2145 1715 2208 id
1734 2145 1872 2228 priunum

567 2261 693 2314 narres,
725 2242 810 2323 quod
831 2250 940 2321 postea
967 2239 1084 2302 iactum
1114 2251 1173 2302 est.
1218 2240 1363 2321 Quodsi
1387 2240 1518 2320 leceris,
1551 2239 1632 2302 etin
1655 2260 1759 2302 rerum
1782 2252 1814 2302 et
1839 2239 1872 2302 io

567 2333 719 2414 temporis
742 2332 851 2396 ordine
872 2331 1041 2413 deliquisti.
1603 2343 1609 2350 “

652 2428 696 2488 Ut
717 2425 768 2487 ita
793 2437 996 2500 narrentur,
1029 2436 1068 2487 nt
1091 2437 1209 2508 gestae
1240 2449 1295 2490 res
1325 2439 1426 2490 erunt
1453 2439 1515 2490 aut
1544 2437 1583 2488 ut
1608 2425 1760 2508 potuisse
1793 2426 1874 2507 geri

526 2515 781 2596 2⁰uidebuntur]
824 2519 899 2580 Hoc
919 2528 985 2589 est,
1008 2519 1093 2600 qttod
1114 2518 1156 2580 ait
1175 2541 1272 2602 supra
1295 2520 1325 2582 in
1345 2520 1524 2584 definitione
1547 2517 1752 2582 narrationis:
1774 2523 1873 2585 Nar·

567 2612 659 2675 ratio
679 2622 731 2674 eat
754 2632 870 2674 rerunt
896 2623 1073 2694 gestarum
1092 2623 1153 2674 nu:
1175 2624 1213 2675 ut
1239 2624 1415 2695 gestarum
1441 2612 1630 2696 expositio,
1668 2611 1768 2674 idest
1796 2633 1873 2674 vera

567 2715 599 2766 et
621 2703 689 2766 teri
711 2703 831 2766 similis.

649 2798 714 2862 Hie
742 2797 808 2860 erit
827 2797 1125 2870 considerandum,
1149 2799 1289 2882 nequid
1312 2799 1529 2882 perturbate,
1554 2800 1694 2882 nequid
1717 2811 1871 2864 contorte

566 2889 715 2971 dicatur]
759 2891 802 2954 Ut
830 2889 861 2952 in
889 2892 1063 2974 praeceptis
1095 2891 1199 2954 brevis
1235 2891 1576 2974 narrationis'primum
1599 2891 1756 2966 ostendit,
1794 2893 1871 2976 quaid

524 2988 557 3038 25
566 2983 739 3047 iaciendum
762 2995 860 3060 esset,
884 2984 995 3049 deinde
1016 2985 1091 3070 quid
1115 3007 1176 3048 uon
1201 2985 1393 3058 faciendum:
1417 2985 1456 3046 ita
1476 2997 1508 3047 et
1525 2985 1575 3046 ute
1595 2986 1729 3048 ostendit
1750 2986 1869 3067 prium,

566 3078 641 3162 quid
661 3077 836 3141 laciendum
865 3089 967 3154 esset,
998 3078 1106 3142 deinde
1132 3081 1207 3163 quid
1235 3099 1298 3144 non
1327 3078 1513 3142 iaciendum.
1557 3077 1868 3150 Considerandum,

564 3170 685 3253 inquit,
708 3170 791 3245 erit,
812 3191 854 3232 ne
873 3171 956 3255 quad
974 3173 1172 3252 perturbate
1193 3171 1347 3246 dicatio,
1372 3173 1402 3234 id
1424 3182 1488 3245 est,
1514 3170 1540 3232 si
1561 3191 1665 3233 rerum
1689 3192 1725 3233 ac
1746 3185 1871 3251 tempo-

565 3285 634 3326 rum
656 3262 687 3325 in
715 3264 894 3326 narratione
922 3268 1006 3328 ordo
1039 3277 1186 3328 nudetur.
1244 3265 1364 3329 Deinde
1386 3265 1512 3347 (inquit)
1533 3287 1574 3328 ne
1596 3265 1678 3348 quid
1697 3276 1869 3338 contorte,

565 3353 599 3418 id
611 3369 677 3429 est,
702 3355 796 3439 quitum
810 3356 966 3418 interdum
982 3379 1043 3419 non
1059 3358 1160 3420 facilis
1177 3357 1324 3420 transitus
1339 3379 1375 3422 ac
1390 3357 1526 3420 directus
1542 3368 1607 3432 est,
1630 3358 1685 3419 sed
1700 3358 1870 3420 obscurus.

525 3455 557 3504 ³⁰
650 3451 827 3532 Nequam
848 3452 885 3511 in
905 3450 1009 3512 aliam
1030 3473 1102 3512 rem
1122 3451 1333 3530 transeatur]
1383 3452 1432 3514 Ne
1455 3449 1577 3514 ottsissis
1599 3453 1692 3513 rebus
1716 3450 1755 3512 ad
1777 3469 1870 3528 prae·

566 3563 638 3605 sens
660 3541 822 3625 negotium
842 3543 1089 3624 pertinentibus,
1114 3565 1177 3606 uon
1199 3547 1351 3607 namanda
1374 3557 1469 3628 atquc
1485 3544 1582 3608 aliena
1598 3563 1771 3606 narremus.
1796 3541 1871 3604 Hoc

488 3627 497 3645 ⁹
566 3645 768 3716 praeceptum
790 3633 883 3697 etiam
911 3637 950 3697 de
972 3634 1062 3698 brevi
1082 3638 1261 3701 narratione
1282 3636 1387 3701 dedit:
1423 3639 1469 3702 Et
1495 3636 1585 3701 siin
1606 3637 1737 3700 nullam
1763 3635 1871 3698 aliam

566 3748 639 3790 rem
660 3726 876 3790 transibitur.

649 3821 705 3885 Ne
724 3819 768 3882 ab
794 3819 914 3883 :titinio
934 3821 1123 3902 repetatur]
1166 3823 1215 3885 lta
1238 3831 1387 3904 utsupra
1414 3824 1452 3885 de
1473 3821 1565 3885 brevi
1590 3820 1790 3885 narratione:
1832 3818 1871 3884 Si

524 3911 898 3986 santonensem,
934 3913 1011 3976 inde
1033 3913 1169 3977 initium
1196 3926 1366 3992 sumetur,
1399 3937 1460 3978 nee
1486 3916 1529 3978 ab
1550 3915 1669 3980 utttnw
1684 3923 1870 3997 repetetur.

566 4006 690 4069 Verum
711 4006 773 4068 hoc
792 4018 995 4087 praeceptum
1015 4007 1105 4069 etiam
1128 4009 1179 4072 hle
1201 4011 1238 4072 de
1260 4008 1349 4073 initio
1372 4009 1558 4074 narrationis
1580 4021 1638 4074 est.

649 4099 705 4162 Ne
722 4095 770 4159 ad
789 4110 983 4165 extremum
1000 4099 1206 4180 prodeatur]
1249 4102 1297 4166 lta
1321 4111 1354 4164 ut
1375 4122 1469 4184 supra
1492 4104 1530 4165 de
1552 4101 1641 4165 brevi
1662 4101 1868 4166 narratione:

565 4195 612 4258 Et
633 4190 666 4254 ai
685 4211 754 4279 non
777 4192 933 4274 longara,
969 4214 1071 4277 quam
1089 4194 1181 4277 quod
1201 4194 1290 4257 soitn
1313 4215 1399 4276 opus
1423 4207 1493 4270 est,
1529 4195 1565 4259 in
1590 4195 1765 4259 narrando
1786 4217 1870 4278 pro·

565 4284 716 4348 cedatur.
759 4285 880 4348 Verum
905 4287 967 4350 hoc
988 4297 1190 4367 praeceptum
1216 4288 1308 4350 etiam
1329 4289 1381 4350 hic
1401 4290 1440 4351 de
1460 4287 1522 4351 fine
1543 4287 1730 4352 narrationis
1752 4299 1813 4350 est.

524 4393 557 4443 tn
648 4376 822 4460 Nequit,
857 4379 949 4462 qaod
978 4378 1026 4441 ad
1053 4400 1126 4442 rent
1143 4381 1336 4461 pertineat,
1369 4383 1627 4464 praetereatur}
1665 4381 1740 4443 Hoc
1762 4379 1869 4443 vitium

566 4467 683 4532 mediae
704 4469 914 4545 narrationis:
936 4469 979 4533 ita
1003 4481 1038 4534 ut
1058 4471 1202 4553 principii
1223 4471 1333 4536 vitium
1354 4486 1420 4550 est,
1442 4474 1470 4536 si
1493 4476 1532 4536 ab
1558 4474 1666 4536 ultimo
1687 4483 1870 4553 repetatur:

564 4561 637 4625 finis
656 4571 776 4638 autern,
800 4562 827 4626 si
844 4564 884 4625 ad
907 4575 1079 4627 extremum
1094 4567 1280 4645 prodeatur.
1324 4565 1445 4630 Deinde
1462 4566 1639 4630 concludit:
1666 4565 1723 4628 ttta
1744 4564 1871 4648 (inquit)

566 4653 671 4720 omnia
699 4657 737 4716 de
758 4656 849 4719 brevi
877 4656 1057 4721 narratione
1085 4669 1270 4740 praecepta,
1306 4657 1398 4722 etiam
1421 4658 1452 4723 in
1474 4669 1583 4741 aperta
1605 4658 1696 4724 nobis
1714 4659 1872 4721 servanda

565 4758 650 4811 suat.
694 4749 774 4811 Nam
796 4761 832 4812 ut
851 4761 958 4832 aperta
980 4770 1043 4813 non
1063 4750 1167 4832 possit
1188 4771 1255 4814 esse
1277 4751 1435 4830 narratio,
1458 4773 1521 4816 non
1536 4749 1738 4836 intelligitur,
1762 4751 1870 4826 idest,

640 4918 685 4974 26.
703 4914 812 4984 detnato]
833 4913 882 4969 cd.
902 4917 964 4968 ttae.
984 4944 1019 4957 -
1039 4925 1099 4967 tam
1117 4914 1185 4968 Edd.
1205 4915 1258 4970 Oa.

641 4987 686 5045 dd.
704 4990 782 5042 Nara
809 4997 841 5041 ut
868 4999 969 5059 aperta
992 5009 1046 5042 non
1068 4995 1160 5061 possit
1178 5007 1237 5041 esse
1256 4991 1322 5058 een]
1349 4989 1438 5046 annt
1457 4989 1503 5042 htc
1521 4987 1592 5043 male
1612 4988 1725 5042 allectus
1745 4987 1870 5056 videtur:

566 5061 683 5117 refertur
702 5079 794 5118 autem
813 5062 847 5116 ad
867 5065 915 5116 illa
934 5065 1018 5118 Tuttu
1039 5064 1133 5122 uerba:
1162 5065 1238 5116 Illam
1255 5083 1337 5137 saepe
1355 5081 1400 5118 res
1416 5081 1516 5132 parma
1534 5073 1577 5116 est
1594 5065 1754 5130 intellecta,
1772 5065 1871 5130 lengt-

566 5139 659 5196 tndtne
678 5143 771 5210 magt:
785 5157 876 5216 ,quana
893 5137 1063 5196 obawrttata
1081 5144 1266 5196 wrattontr.
1295 5145 1375 5196 cna.
1413 5138 1504 5206 (uthtt
1521 5155 1610 5196 mutat
1629 5137 1699 5196 eud.
1720 5141 1783 5196 Bar.
1803 5137 1871 5210 Oa.)
