4434 5959
970 589 1062 653 Lttt.
1085 589 1119 653 1.
1643 581 1684 644 tt

374 751 418 792 ex
445 737 539 813 parte
572 727 727 792 debilitet.
768 728 844 794 Hoc
864 740 930 806 est,
954 731 1041 813 qnod
1065 729 1118 790 hic
1145 726 1206 792 ait:
1242 730 1306 794 tut
1324 725 1462 790 omnino
1484 720 1621 807 aliquid
1645 720 1686 785 de

373 827 648 890 commutatione
669 833 731 887 nul
754 822 980 899 intimatione
1005 825 1151 885 actionis
1167 823 1295 902 egitur.

458 919 580 982 Huius
617 917 864 976 constitutionis
893 913 1132 994 Hermagoras
1163 913 1312 973 inventor
1346 926 1413 970 esse
1450 893 1683 980 existimetur]

374 1007 563 1075 inveniendi
586 1008 651 1068 duo
674 1025 790 1090 genera
810 1015 893 1070 suut.
934 1007 1038 1069 Unum
1061 1005 1144 1075 tale,
1168 1022 1263 1086 quum
1286 999 1318 1061 in
1339 997 1472 1059 medinm
1491 991 1683 1077 proferimus

374 1106 431 1178 id,
454 1105 650 1188 quoderat,
674 1101 730 1162 sed
750 1099 878 1161 latebat.
921 1097 1038 1172 Aliud,
1061 1098 1149 1181 quod
1170 1093 1258 1179 quasi
1278 1112 1340 1155 uon
1364 1101 1452 1164 erat,
1474 1089 1530 1150 scd
1551 1107 1568 1148 a
1591 1082 1709 1146 nobis⁵

375 1197 488 1281 primis
518 1194 646 1256 videtur
674 1192 847 1254 inventurn.
890 1191 1002 1272 ltaque
1026 1192 1065 1252 de
1089 1188 1138 1252 his
1161 1188 1277 1253 Cicero
1299 1181 1450 1247 leviorem
1472 1178 1685 1244 inventionem

374 1289 465 1353 dedit
486 1289 725 1368 Hermagorae,
748 1284 886 1359 scilicet,
909 1294 944 1346 nt
963 1283 1008 1358 id,
1031 1284 1118 1368 quod
1138 1283 1282 1356 latuerat,
1304 1278 1337 1340 iu
1359 1274 1491 1338 medium
1511 1271 1684 1354 protulisse

374 1382 536 1446 videatur.
579 1383 656 1444 Hoc
676 1391 743 1454 est,
766 1380 853 1464 qnod
873 1379 937 1440 sits

458 1475 538 1538 Non
558 1495 628 1556 quo
641 1494 708 1534 non
728 1475 784 1535 usi
800 1475 866 1534 sint
882 1491 925 1535 en
950 1479 1068 1533 veteres
1088 1478 1240 1534 oratores
1260 1489 1360 1548 snepe
1378 1467 1497 1540 multi,
1517 1458 1575 1524 sed
1600 1457 1684 1541 quin

373 1588 446 1630 non
469 1562 762 1627 animadverterint
796 1563 881 1624 ortis
911 1562 1090 1639 scriptores
1119 1581 1195 1624 eom
1218 1561 1404 1639 superiores
1423 1575 1484 1619 nec
1507 1549 1682 1614 retulerint
1694 1552 1725 1602 ¹⁰

375 1660 413 1718 in
436 1673 616 1716 numerum
640 1647 933 1726 constitutionum]
975 1650 1055 1713 ldeo
1075 1661 1178 1712 antem
1201 1649 1459 1714 translationem
1487 1641 1576 1706 muniti
1603 1637 1681 1702 scri-

373 1755 489 1825 ptores
510 1742 594 1804 iuter
620 1740 862 1804 constitutiones
884 1741 1005 1805 reterre
1033 1743 1222 1818 noluerunt,
1260 1745 1346 1828 quod
1368 1737 1471 1804 omnis
1498 1731 1683 1800 constitutio

369 1835 545 1901 mmmm
564 1833 752 1909 constituat,
774 1833 957 1898 trnrrsiotio
977 1847 1078 1900 antem
1100 1836 1132 1898 id
1155 1835 1297 1899 rideatur
1318 1853 1432 1918 agere,
1456 1850 1495 1892 ne
1508 1826 1598 1890 ostio
1618 1825 1681 1887 sit:

372 1931 432 1994 sed
455 1929 676 2010 Hermagoras
695 1939 784 1990 recte
803 1928 885 1989 hane
903 1927 986 1990 inter
997 1927 1239 1992 constitutiones
1253 1926 1372 2010 posuit.
1395 1927 1476 1989 Nam
1491 1923 1554 1985 hoc
1567 1919 1680 2000 ipsum,

372 2026 464 2108 qnod
482 2023 654 2086 actionem
678 2031 865 2096 commutat,
889 2021 980 2084 actio
1000 2031 1060 2084 est.
1119 2022 1232 2104 Itaque
1253 2020 1372 2095 multi,
1400 2014 1518 2102 inquit,
1547 2013 1726 2076 Herma-ts

373 2137 491 2201 goram
512 2115 819 2198 reprehendes-imi,
848 2117 935 2199 qssod
955 2115 1215 2180 translationem
1233 2113 1316 2180 iuter
1337 2107 1575 2178 constitutiones
1596 2116 1684 2168 retn-

373 2211 469 2282 lerit;
490 2211 548 2271 sed
568 2207 685 2270 invidia
707 2206 807 2291 magis
827 2229 920 2292 qssasn
941 2229 983 2270 ex
1005 2229 1097 2273 vero.
1119 2263 1122 2272 ,

456 2301 498 2365 Et
522 2303 776 2364 constitutiones
800 2299 936 2385 quidem
958 2310 991 2364 et
1016 2321 1136 2366 eurum
1165 2311 1279 2384 portes
1307 2294 1545 2382 reposuimus]
1587 2293 1685 2358 Post·

373 2413 489 2474 qnam,
512 2391 588 2474 qnid
610 2403 714 2454 essent
733 2390 876 2475 singulae
897 2391 1138 2456 constitutiones
1159 2394 1211 2456 vel
1233 2391 1308 2477 quid
1328 2400 1475 2474 possent,
1516 2386 1622 2450 docuit
1651 2395 1684 2450 ct

373 2506 486 2548 earum
508 2496 635 2567 partes,
657 2484 775 2560 idest,
801 2483 965 2567 qualitates
987 2486 1155 2569 exposuit,
1179 2485 1335 2569 promittit
1355 2505 1391 2548 se
1412 2482 1462 2546 his
1483 2477 1728 2545 constitutio-tt

373 2581 470 2642 uibus
496 2579 641 2660 exempla
669 2577 881 2642 subditurum:
913 2583 1075 2655 sedtum,
1107 2601 1203 2665 quarm
1225 2577 1389 2660 coeperint
1416 2584 1597 2659 argumenta
1619 2583 1684 2634 tra·

375 2672 474 2749 etari,
511 2693 593 2754 qnae
621 2682 805 2756 argumenta
825 2673 1010 2738 dilucidiora
1030 2674 1139 2737 futura
1160 2693 1228 2736 esse
1249 2670 1428 2756 promittit,
1458 2669 1485 2732 si
1505 2669 1611 2734 iisdem
1633 2690 1685 2732 ar-

303 2835 313 2848 ,
377 2764 535 2853 gusueutis
554 2765 586 2828 in
607 2775 752 2848 tempore
773 2769 916 2850 exempla
938 2778 1110 2849 supponat.
1152 2767 1228 2832 Hoc
1249 2777 1314 2841 est,
1338 2766 1423 2848 qnod
1445 2761 1507 2827 ait:

454 2858 547 2921 Nom
569 2859 832 2941 argumentandi
846 2855 939 2924 rniio
962 2858 1150 2923 dilucidior
1172 2860 1256 2933 erit,
1277 2877 1383 2940 quum
1401 2864 1435 2918 et
1460 2854 1508 2917 nd
1527 2873 1634 2936 genus
1652 2861 1685 2915 et

376 2948 427 3012 ud
445 2949 641 3028 exemplum
661 2967 790 3013 unusne
811 2953 928 3012 stotim
949 2952 1074 3030 poterit
1104 2945 1380 3032 accommodari]
1423 2946 1547 3008 Genera
1575 2949 1727 3006 cansa-ts

253 3080 254 3099 ι
373 3060 444 3102 rum
453 3039 572 3102 scimus
586 3039 647 3101 tria
658 3059 749 3102 esse:
771 3039 1086 3115 deusonstrntioum,
1103 3039 1371 3116 deliberativum,
1380 3037 1557 3102 iudiciuie:
1577 3057 1685 3100 exesu-

376 3135 431 3218 pla
452 3153 533 3196 vero
554 3153 719 3195 caussarum
740 3144 813 3195 sunt
833 3136 967 3197 themata
987 3134 1119 3197 scilicet.

254 3226 255 3231 ’
456 3227 701 3290 Constitutione
721 3244 850 3289 consue
866 3237 1018 3307 repertu,
1050 3229 1165 3290 stetim
1181 3229 1299 3309 plncet
1319 3225 1551 3301 considerare,
1571 3231 1686 3286 utrum

254 3340 255 3371 ι
377 3335 487 3378 οιιιιιι
508 3318 552 3377 sit
576 3315 737 3395 simplex,
765 3335 813 3378 nn
830 3318 968 3382 iunctus
993 3326 1026 3380 et
1047 3317 1080 3378 si
1101 3321 1221 3380 innota
1239 3318 1320 3392 erit,
1352 3326 1464 3380 utrum
1487 3317 1532 3377 sit
1550 3335 1594 3376 ex
1608 3311 1711 3393 piu·x

377 3405 471 3467 ntus
491 3403 744 3486 quaestionrlus
763 3407 906 3484 iuncte,
933 3427 980 3468 urs
1001 3427 1046 3470 ec
1065 3408 1189 3490 eliqua
1211 3401 1486 3489 comparatione]
1529 3405 1685 3484 Quoniam
1696 3421 1728 3472 tt

376 3495 410 3556 in
430 3493 481 3556 his
502 3496 627 3556 dnobus
649 3494 738 3556 libris
761 3491 878 3559 Cicero
899 3494 976 3560 nihil
997 3496 1056 3560 nisi
1076 3499 1116 3560 de
1136 3498 1316 3561 inventione
1338 3508 1467 3572 tractat,
1489 3493 1608 3560 idcirco
1629 3517 1687 3580 per

377 3588 538 3662 ordinem,
561 3608 640 3671 qnae
661 3587 723 3651 sint
742 3587 941 3666 invenienda,
964 3591 1170 3654 demonstrat.
1212 3590 1411 3673 Postquam,
1434 3590 1545 3674 inquit,
1569 3588 1687 3654 consti·

376 3681 530 3745 tutionem
557 3679 735 3758 inveneris,
772 3681 975 3748 considerare
1003 3684 1131 3747 debebis
1161 3704 1302 3758 cansam,
1335 3695 1439 3746 istrum
1467 3681 1603 3766 simplex
1624 3681 1684 3758 sit,

376 3795 417 3838 aa
436 3777 564 3850 iuncta3
590 3773 709 3850 idest,
739 3786 843 3838 utrum
865 3778 904 3838 de
927 3797 1043 3840 unare
1070 3788 1201 3861 agatur,
1235 3797 1273 3839 an
1296 3777 1335 3839 de
1355 3775 1512 3856 pluribus.
1555 3775 1686 3844 Consti·

377 3867 459 3930 totio
480 3867 527 3930 sic
554 3865 731 3930 invenitur:
765 3867 948 3932 Occidisti:
967 3891 1038 3934 non
1064 3871 1191 3946 occidi,
1229 3879 1282 3933 aut
1311 3869 1386 3934 iure
1407 3870 1528 3935 occidi.
1580 3869 1684 3934 Causa
1697 3889 1728 3940 35

375 3980 459 4022 vero
478 3963 558 4023 haec
578 3971 644 4037 est,
675 3981 722 4024 on
743 3961 924 4038 occiderit,
957 3984 1003 4027 nn
1029 3963 1119 4028 iuste
1150 3962 1324 4028 occiderit.
1379 3966 1473 4049 Ergo
1494 3964 1572 4026 haec
1593 3981 1687 4024 casua

377 4053 515 4136 simplex
535 4075 575 4116 au
595 4052 700 4117 iuncta
721 4054 779 4128 sit,
804 4056 1004 4120 considerare
1025 4059 1188 4120 debemus.
1230 4055 1353 4120 Deinde
1374 4057 1401 4120 si
1422 4057 1548 4132 iuncta,
1582 4065 1687 4117 ntrnm

376 4147 586 4230 expluribus
614 4147 869 4234 quaestionibus,
907 4170 946 4212 an
973 4170 1015 4212 ex
1043 4149 1148 4234 aliqua
1177 4149 1425 4231 comparatione.
1470 4151 1523 4214 Ex
1544 4147 1686 4231 pluribus

377 4241 616 4326 quaestionibus
638 4261 732 4304 cansa
753 4240 860 4304 iuncta
880 4253 946 4317 est,
971 4253 1006 4306 ut
1025 4241 1058 4304 in
1079 4241 1228 4305 Verrinis
1249 4255 1413 4308 accusatur
1435 4244 1577 4318 Verres,
1602 4245 1688 4326 qssod

378 4334 477 4397 multa
498 4333 623 4398 iuratus
644 4335 705 4410 sit,
728 4337 817 4418 qssod
838 4335 925 4398 cives
946 4335 1111 4400 Romanos
1132 4335 1273 4409 necarit,
1303 4339 1390 4420 qsiod
1404 4337 1581 4419 peculatum
1601 4352 1731 4401 com-tt

379 4426 512 4492 suberit.
572 4428 685 4513 Itaque
712 4431 838 4512 quaudo
870 4450 911 4492 ex
938 4427 1081 4511 pluribus
1111 4428 1345 4513 quaestionibus
1375 4451 1467 4493 causa
1495 4430 1599 4492 iuncta
1621 4437 1687 4501 est,

377 4521 466 4604 ipsae
488 4521 688 4606 qssaestiones
709 4522 791 4586 inter
812 4543 847 4586 se
868 4525 1019 4585 adversae
1039 4532 1124 4584 sunt.
1148 4523 1200 4586 Ex
1222 4521 1458 4604 comparatione
1480 4535 1581 4585 autern
1597 4539 1690 4582 caussa

378 4615 485 4678 iuncta
508 4626 578 4690 est,
603 4636 710 4700 quum,
734 4616 809 4702 qnid
830 4615 1026 4700 potissimum
1047 4613 1223 4677 laciendum
1245 4614 1297 4692 sit,
1322 4615 1549 4678 consideratur.
1593 4615 1636 4678 Ut
1658 4611 1689 4674 in

377 4707 599 4772 Divinatione
625 4708 751 4792 agitur,
786 4721 889 4771 utrum
918 4706 1034 4772 Cicero
1063 4717 1206 4784 accuset,
1243 4729 1281 4770 an
1312 4707 1481 4773 Caecilius.
1532 4709 1595 4772 Sed
1616 4703 1688 4789 qnia

378 4801 583 4885 comparandi
604 4803 669 4868 duo
684 4802 769 4866 modi
790 4812 877 4882 snut,
898 4800 1152 4885 comparativam
1175 4811 1206 4864 et
1226 4801 1471 4884 superlativus,
1494 4800 1613 4865 ideirco
1628 4797 1689 4861 aits
1702 4827 1733 4876 ,5

453 4975 481 5032 9.
499 4991 556 5026 non
571 4976 636 5044 quo]
656 4972 708 5026 cd.
728 4973 792 5026 Bes.
810 5001 849 5015 -
866 4989 923 5024 non
939 4977 1006 5043 quie
1024 4969 1094 5025 ΕΜ.
1113 4972 1169 5028 Οι.

452 5053 499 5106 22.
514 5063 554 5104 es
565 5053 592 5100 st
609 5047 654 5100 its
673 5045 724 5101 cd.
744 5049 806 5101 Bas.
825 5046 880 5102 Oa.
1054 5108 1057 5121 Ι

453 5125 500 5182 29.
518 5129 615 5178 sueta
633 5153 653 5168 -
671 5153 687 5168 ·
704 5127 801 5177 tenete
819 5121 871 5179 ct.
890 5122 954 5178 llas.
973 5150 1011 5167 -
1029 5125 1178 5176 semuncta
1196 5146 1216 5168 a
1233 5151 1251 5168 -
1268 5125 1417 5176 semuncta
1435 5118 1504 5176 Edd.
1524 5121 1578 5176 Os.
