4434 5959
949 639 1040 702 LlB.
1063 641 1093 703 1.
1633 649 1671 710 tt

364 775 451 839 Eitis
478 775 647 858 paroeciam
682 797 811 859 magno
836 789 870 839 et
901 779 1017 859 amplo
1042 799 1129 859 pars
1163 792 1214 843 eat
1245 781 1441 860 artificioso
1467 787 1672 868 eloquentia]

365 869 468 946 Quum
492 867 587 944 dicit,
617 870 785 952 quaedam
802 870 895 933 rotio
912 882 981 947 est,
1013 871 1150 933 ostendit
1167 874 1321 954 duplicem
1345 897 1432 939 esse:
1457 900 1568 954 atnam,
1592 901 1672 962 quiae

362 960 393 1022 in
416 981 516 1042 opere
538 962 708 1023 constituta
730 975 797 1036 est,
828 965 980 1037 alteram,
1003 984 1083 1045 quac
1104 963 1135 1025 in
1157 966 1404 1048 quaestionibus.
1448 971 1549 1050 Quam
1572 971 1671 1036 ratio·

362 1069 432 1110 ιιιιιι
462 1046 602 1119 ciniensi,
635 1045 667 1106 in
695 1067 757 1129 qua
780 1047 971 1110 rhetoricam
993 1047 1102 1128 ponit,
1139 1061 1171 1110 ut
1203 1072 1298 1131 supra
1328 1054 1477 1129 diximus,
1511 1054 1671 1119 scientiam

362 1141 512 1201 debemus
534 1137 724 1222 intelligere.
768 1140 813 1202 Et
833 1142 921 1222 quod
935 1139 994 1214 ait,
1018 1141 1135 1204 nualtis
1148 1154 1182 1203 et
1196 1143 1331 1224 magnis
1345 1168 1392 1207 eac
1406 1147 1506 1209 rebus
1520 1155 1697 1228 eonstnt,·⁵

362 1246 472 1296 notum
488 1245 535 1294 est
554 1233 648 1308 enim,
671 1253 763 1314 quam
779 1232 898 1295 crebris
913 1245 945 1295 et
969 1235 1008 1295 de
1023 1255 1115 1316 qnam
1137 1236 1258 1315 magnis
1274 1239 1366 1298 rebus
1382 1239 1493 1302 iudicia
1509 1242 1560 1303 vel
1575 1263 1673 1323 quae-

362 1329 482 1390 stiones
502 1326 688 1388 habeantur.
742 1325 862 1388 Parum
890 1346 970 1410 ergo
991 1327 1094 1388 iuerat
1118 1325 1235 1390 dixisse
1256 1329 1373 1394 mtdtis
1393 1353 1441 1395 ear
1460 1335 1579 1410 rebus,
1614 1334 1672 1398 nisi

362 1419 532 1484 addidisset
553 1429 587 1479 et
607 1418 755 1498 magnis.

446 1513 536 1576 liius
555 1510 723 1596 praedam
742 1533 872 1594 magno
890 1522 925 1574 et
943 1515 1060 1595 amplo
1074 1531 1162 1595 pars
1181 1525 1233 1576 est
1251 1514 1448 1592 artificioso
1466 1519 1670 1602 eloquentie]

362 1607 469 1687 Quum
492 1607 551 1677 ait,
576 1603 743 1688 quaedam
761 1626 860 1688 porr,
882 1605 1020 1669 ostendit
1041 1604 1251 1687 eloquentiam
1267 1618 1297 1669 et
1312 1607 1471 1670 scientiam
1494 1632 1535 1673 ex
1553 1612 1669 1692 duplici
1682 1627 1712 1676 ιι

361 1711 530 1772 constare,
553 1697 584 1759 id
595 1705 669 1771 ιιι,
692 1718 734 1760 ex
752 1697 903 1781 sapientia
924 1709 955 1762 ιι
976 1698 1144 1763 artificiosa
1166 1699 1363 1784 eloquentia:
1387 1704 1443 1765 sed
1462 1704 1669 1785 eloquentiam

359 1805 482 1878 partem
504 1811 573 1854 ιιιι
595 1791 755 1854 maiorem.
1015 1869 1021 1875 ¹

446 1889 495 1950 Et
516 1905 663 1966 niagno,
686 1882 803 1967 inquit,
826 1887 988 1968 etamplo
1005 1886 1106 1968 pars]
1149 1887 1303 1970 Magnum
1323 1898 1388 1962 ιιι,
1412 1889 1500 1970 quod
1516 1887 1546 1950 io
1562 1909 1671 1952 cumu-

361 1981 424 2044 Ιιιιιι
446 1976 496 2040 sni
514 1986 547 2040 et
568 1975 807 2058 magnitudinem
828 1979 959 2054 crescit;
982 1980 1131 2060 amplum,
1154 1982 1242 2062 qtrod
1264 1981 1327 2043 late
1344 1993 1430 2062 patet
1445 1994 1476 2044 et
1500 2004 1558 2064 per
1574 1983 1669 2045 multa

360 2070 557 2136 diffunditur.
599 2071 644 2132 Et
663 2069 706 2132 ita
728 2091 844 2153 supra:
866 2093 953 2155 mene
974 2071 1090 2135 multis
1106 2083 1140 2134 et
1163 2073 1309 2154 magnis.
1357 2075 1531 2156 Magnum
1552 2074 1594 2137 ita
1613 2075 1666 2149 ibi,
1682 2088 1711 2136 ts

361 2178 395 2228 nt
416 2167 470 2227 bic
489 2161 616 2244 posuit;
638 2165 782 2226 multum
803 2185 882 2228 vero
905 2167 944 2227 ad
965 2163 1195 2247 amplitudinem
1219 2167 1405 2230 reseramus.
1499 2175 1503 2182 “

443 2260 584 2339 Magno
601 2267 635 2318 et
649 2259 766 2338 amplo
773 2277 878 2338 pore,
901 2256 1021 2340 inquit,
1042 2255 1239 2334 artificioso
1256 2258 1462 2344 eloquentia]
1505 2261 1579 2323 Non
1601 2261 1669 2324 elo·

359 2350 486 2438 quentia
508 2349 630 2424 solum,
652 2351 708 2411 sed
729 2349 899 2412 artificiosa
920 2351 1118 2434 eloquentia,
1142 2371 1221 2432 qttae
1243 2351 1400 2416 rhetorice
1425 2364 1569 2417 vocetur.

442 2449 538 2512 Nam
558 2466 664 2528 neque
684 2467 761 2509 curn
782 2445 827 2510 iia
851 2444 1032 2518 ιιιιιὶιιιιιι,
1056 2441 1115 2527 qui
1129 2443 1259 2507 ciuilem
1281 2445 1460 2508 scientiam
1476 2447 1669 2529 eloquentia

359 2561 428 2603 non
447 2549 576 2621 pectant
602 2537 771 2622 indigere]
808 2537 955 2603 Diximus
991 2555 1088 2617 supra
1118 2546 1241 2618 partem
1267 2537 1349 2600 illam
1382 2539 1482 2603 civilis
1514 2541 1710 2613 rationis,to

358 2652 440 2718 quiae
460 2631 493 2693 in
512 2628 637 2692 iudiciis
651 2641 812 2703 versetur,
834 2629 992 2694 scientiam
1016 2628 1292 2712 vocaribencque
1308 2652 1349 2694 ex
1370 2633 1486 2714 duplici
1507 2647 1665 2710 constare,

359 2723 513 2806 sapientia
538 2721 657 2785 scilicet
678 2734 710 2785 ιι
731 2721 899 2786 artificiosa
919 2722 1113 2804 eloquentia.
1166 2723 1273 2803 Quare
1299 2745 1381 2786 nnnc
1402 2747 1437 2788 se
1460 2729 1499 2789 ab
1522 2727 1581 2790 illis
1604 2730 1667 2790 dis·

358 2817 478 2882 sentire
496 2815 589 2892 dicit,
611 2816 666 2900 qui
686 2817 800 2880 borum
821 2817 922 2879 altero
946 2817 1103 2879 scientiam
1126 2815 1247 2880 civilem
1272 2831 1419 2882 constare
1441 2818 1561 2882 dicunt.

442 2913 538 2976 Nem
558 2930 686 2993 neque,
719 2909 837 2994 inquit,
873 2931 951 2972 euna
978 2909 1021 2973 iis
1044 2909 1228 2985 sentimus,
1261 2911 1321 2995 qui
1341 2911 1470 2976 civilem
1491 2911 1667 2975 scientiam

253 3040 254 3045 κ
357 3002 552 3088 eloquentia
571 3023 638 3066 non
651 3014 776 3084 putarat
796 3002 965 3086 indigere]
986 3001 1105 3077 Multi,
1128 3001 1246 3087 inquit,
1270 3001 1395 3078 dicunt,
1419 3004 1542 3068 civilem
1564 3003 1708 3067 scien-tt

358 3097 435 3160 tiam
456 3095 524 3158 sinc
545 3094 724 3178 eloquentia
749 3108 834 3159 stare
863 3117 977 3179 posse;
1021 3108 1131 3158 cuneta
1161 3096 1242 3158 enim
1264 3117 1324 3178 per
1351 3106 1513 3172 neutram,
1547 3096 1663 3171 idest,

357 3211 420 3272 per
436 3186 618 3269 sapientiam
631 3186 727 3252 facile
744 3209 839 3270 posse
857 3189 1023 3273 cognosci.
1067 3188 1166 3252 Multi
1180 3200 1281 3252 autem
1298 3189 1403 3252 dicunt
1420 3188 1543 3253 civilem
1563 3189 1667 3252 scien·

358 3283 434 3346 tiam
455 3285 525 3345 sola
548 3280 727 3363 eloquentia
748 3294 894 3346 constare
909 3302 1025 3364 posse:
1053 3281 1191 3364 illudque
1213 3302 1281 3346 esse
1299 3279 1414 3345 iustum
1433 3282 1484 3346 vel
1505 3282 1664 3358 iniustum,

358 3379 447 3460 qarod
468 3374 648 3459 eloquentia
679 3377 819 3456 potnerit
846 3377 1050 3458 persuadere.
1105 3375 1167 3438 Sed
1195 3395 1276 3460 ego,
1305 3373 1426 3459 inquit,
1458 3377 1498 3438 ab
1526 3375 1666 3459 utrisque

357 3468 521 3532 dissentio.
566 3469 648 3532 Nam
669 3467 770 3532 civilis
787 3468 916 3532 sciemia
938 3479 969 3530 ιι
991 3488 1031 3530 ex
1054 3466 1207 3550 sapientia
1228 3479 1370 3544 constat,
1393 3487 1455 3552 qua
1469 3480 1579 3532 cuncta
1594 3481 1709 3530 sen-to

356 3561 471 3624 tinus:
510 3570 543 3624 et
566 3582 608 3624 ex
627 3561 825 3644 eloquentia,
849 3583 911 3646 qiu
931 3561 981 3636 id,
1004 3563 1092 3645 quod
1111 3562 1229 3626 sentire
1251 3582 1436 3644 possumus,
1460 3558 1666 3643 explicamus.

358 3655 423 3718 Sed
443 3653 519 3738 qnia
540 3653 719 3736 eloquentia
739 3655 844 3736 posita
865 3655 896 3716 in
916 3676 953 3718 re
974 3655 1100 3737 publiea
1120 3653 1254 3732 facilius,
1279 3656 1366 3739 quod
1386 3652 1486 3717 suerit
1503 3674 1665 3736 aggressa,

357 3749 545 3830 persuadet,
569 3747 691 3812 idcirco
712 3767 779 3811 eam
802 3750 833 3811 in
854 3746 940 3810 cirili
960 3746 1090 3810 scientia
1112 3759 1231 3829 partem
1255 3743 1333 3809 dixit
1355 3766 1423 3809 esse
1445 3745 1608 3809 maiorem.

439 3843 488 3906 lit
507 3842 552 3902 ab
569 3839 639 3917 iis,
662 3841 722 3925 qui
738 3863 816 3905 eom
834 3851 960 3924 pectant
979 3861 1113 3904 omnem
1135 3839 1283 3904 rhetoris
1305 3839 1338 3902 oi
1358 3850 1391 3902 et
1410 3837 1566 3918 artifieio
1586 3859 1667 3902 con-

357 3931 476 4012 tinen]
519 3930 553 3996 Si
585 3953 666 4017 ergo
691 3932 791 3997 omnis
817 3933 946 3998 scientia
969 3933 1071 4006 civilis
1096 3933 1165 3998 sola
1187 3932 1346 3996 rhetorica
1372 3953 1435 3996 non
1461 3942 1567 4013 potest
1588 3943 1708 3992 con-tt

357 4023 469 4099 ιίιιιί,
491 4024 652 4088 rhetorica
672 4025 774 4089 civilis
798 4026 945 4092 scientiae
964 4046 1040 4108 pars
1053 4037 1114 4091 ιιι.
1158 4026 1256 4105 Quod
1276 4037 1378 4088 autem
1403 4024 1445 4087 ait
1470 4023 1618 4088 rbetoris
1634 4023 1668 4086 oi

357 4131 391 4181 et
406 4117 583 4196 artifieio,
605 4120 667 4182 tale
681 4131 745 4196 est,
768 4143 805 4184 ao
823 4121 850 4184 si
864 4122 1002 4186 dicaturt
1025 4119 1260 4185 Grammatico
1277 4131 1328 4182 eat
1339 4138 1454 4202 gnaro
1470 4115 1667 4186 literarum

354 4233 421 4294 per
439 4213 529 4274 laone
546 4211 638 4276 enim
661 4213 824 4279 discimus
842 4214 960 4280 omnio
972 4212 1056 4278 nitio
1070 4211 1195 4276 nitore:
1216 4234 1280 4278 non
1295 4211 1368 4276 dico
1387 4222 1488 4274 tamen
1503 4210 1667 4294 quonrodo

358 4303 513 4366 vitentur.
569 4305 681 4369 Artem
709 4306 792 4370 illam
815 4308 1010 4371 extrinsecus
1032 4309 1152 4381 doceo,
1183 4325 1243 4387 per
1265 4327 1356 4388 quam
1378 4304 1481 4368 solum
1509 4301 1664 4376 vitentur,

357 4399 499 4461 sednon
520 4401 696 4482 qtrornodo.
753 4399 789 4463 si
809 4412 912 4464 autem
934 4398 1053 4474 dicam,
1076 4419 1159 4483 quae
1181 4398 1242 4461 sint
1263 4408 1369 4480 partes
1391 4395 1562 4470 orationis,
1586 4415 1709 4476 qiraeto

358 4491 516 4569 syllabae,
549 4513 628 4575 quae
650 4492 758 4556 literae
786 4492 901 4578 quibus
928 4493 1163 4557 characteribus
1187 4501 1351 4569 constent,
1382 4511 1448 4576 quo
1470 4499 1565 4570 pacto
1593 4488 1666 4552 vitia

357 4583 517 4646 vitenturs
553 4595 628 4647 tnnc
660 4585 719 4650 erit
739 4585 791 4649 illa
813 4607 885 4661 ars,
921 4585 972 4650 cni
993 4597 1041 4650 ιιι
1062 4607 1175 4650 nomen
1198 4583 1403 4662 intrinsecus,
1438 4603 1500 4646 noo
1524 4603 1604 4666 quae
1626 4583 1667 4646 ad

357 4674 515 4739 ιιίιιιιὶιιιι
537 4689 677 4740 nostram
699 4690 818 4742 tantum
840 4679 988 4760 proiicit,
1010 4681 1066 4742 sed
1087 4699 1167 4761 qrree
1189 4679 1337 4742 adactus
1359 4674 1413 4739 sit.
1456 4675 1548 4757 Ergo
1571 4687 1600 4736 et
1615 4695 1666 4736 ars

357 4769 517 4832 rhetorica
539 4771 655 4851 duplex
677 4781 737 4834 est.
781 4773 861 4834 Nam
883 4784 931 4834 est
952 4771 1150 4838 extrinsecus
1171 4783 1203 4834 ιι
1231 4769 1430 4834 intrinsecus.
1473 4767 1666 4834 lotrinsecus
1788 4825 1792 4838 ,
1870 4749 1875 4760 ’

357 4874 459 4925 autent
480 4863 532 4926 illa
555 4875 622 4939 est,
647 4885 727 4948 quae
745 4863 835 4928 nobis
850 4867 890 4927 ad
903 4875 992 4928 actus
1006 4877 1173 4946 praecepta
1189 4863 1267 4927 artis
1282 4862 1428 4926 insinuat.
1459 4860 1666 4924 Extrinsecus
1678 4877 1709 4926 ts

357 4975 470 5036 porro,
502 4978 581 5041 quae
603 4957 706 5033 nobis,
728 4957 804 5040 quid
824 4957 864 5021 sit
885 4957 1056 5033 rhetorica,
1077 4959 1289 5021 demonstrat:
1313 4977 1404 5040 quam
1421 4975 1514 5040 qutun
1537 4955 1666 5018 demon-

1438 5063 1660 5079 -..—---

428 5099 458 5156 6.
476 5108 574 5151 notum
594 5107 637 5152 est
661 5104 745 5168 eninr]
766 5129 803 5143 -
821 5073 917 5154 notum
936 5108 1038 5155 elerum
1056 5101 1108 5159 Cd.
1127 5073 1264 5158 Βιιῖόι.
1339 5111 1343 5122 “

430 5177 477 5231 27.
494 5180 641 5244 suffiunt
660 5203 697 5220 ··-
715 5180 835 5244 agnosci
853 5175 903 5230 Cd.
923 5178 985 5232 Bar.
1005 5177 1058 5232 On.
