4434 5959
919 616 1012 679 ern.
1035 613 1084 679 ιι.
1423 644 1428 653 -
1603 560 1662 679 un

439 760 540 840 Ergo
559 757 603 833 is,
623 758 684 841 qui
704 757 868 841 scriptum
881 752 1057 846 defendet]
1079 753 1165 818 Hinc
1183 752 1333 838 incipiunt
1353 765 1533 839 praecepta,
1550 753 1664 839 quibus

355 848 402 915 nti
425 853 539 913 debeat
558 850 607 925 is,
630 852 684 933 quii
706 872 740 913 se
762 852 900 915 defendit
920 852 1053 932 scripto.
1185 872 1192 883 ²
1439 875 1442 881 ¹

438 944 532 1027 Quid
539 943 701 1034 sactum]
724 948 778 1008 Ab
799 966 839 1007 eo
860 944 998 1018 scilicet,
1023 942 1139 1027 quiex
1161 942 1242 1027 legis
1264 941 1371 1005 verbis
1393 938 1551 1026 arguitur.

440 1037 534 1119 Quid
550 1038 686 1100 iuratus
704 1038 824 1118 iudex]
867 1038 906 1100 ld
927 1047 991 1113 est,
1023 1035 1055 1097 in
1076 1055 1169 1119 quarn
1192 1057 1259 1100 rem
1281 1036 1400 1101 iuratus
1422 1036 1517 1100 iudex
1537 1037 1661 1111 sedeat,

355 1130 419 1192 hoc
441 1140 508 1202 est,
532 1129 563 1193 in
584 1130 673 1220 legps
694 1133 803 1193 sedeat
824 1131 955 1192 inretire.
1675 1136 1689 1185 ³

438 1222 477 1287 St
505 1233 665 1285 neutrum
689 1222 802 1305 neget]
845 1222 883 1284 Id
911 1236 976 1301 cst,
1013 1233 1066 1286 aid
1091 1222 1244 1305 scriptum
1274 1246 1343 1288 esse
1363 1224 1488 1308 legens,
1525 1223 1664 1287 suthon

355 1314 437 1377 idem
460 1336 494 1376 sc
514 1314 641 1378 fecisse.

438 1412 570 1473 Contra
589 1421 704 1471 nutem
727 1410 875 1483 dicetur,
912 1410 944 1471 si
972 1424 1033 1473 aret
1054 1432 1201 1494 prorsus
1231 1412 1328 1475 aliud
1348 1412 1494 1475 sensisse
1517 1412 1666 1493 scriptor

359 1512 393 1563 ct
412 1501 591 1583 scripsisse
607 1502 704 1564 atiud
722 1502 1022 1583 demonstrabitur]
1067 1504 1188 1568 Contra
1210 1518 1311 1566 autem
1336 1506 1458 1569 dicetur
1476 1507 1586 1580 abeo,
1611 1504 1666 1591 qni

357 1616 393 1657 se
413 1607 525 1656 contra
547 1594 656 1667 istum,
680 1596 736 1678 qui
755 1596 874 1676 scripto
896 1596 1027 1670 nititur,
1054 1599 1215 1660 voluntate
1239 1597 1397 1661 defendit:
1419 1600 1474 1662 scd
1492 1598 1565 1661 huic
1583 1600 1707 1662 nunc¹⁰
1806 1628 1807 1633 ¹

357 1688 449 1749 locos
471 1690 545 1761 dat,
584 1710 645 1751 non
668 1711 731 1772 quo
756 1688 881 1749 adeius
901 1695 1007 1770 partes
1032 1690 1091 1751 iarn
1114 1690 1287 1765 transierit,
1328 1713 1436 1755 rerum
1453 1702 1488 1753 ut
1508 1690 1665 1775 inteiliga-

354 1803 444 1855 rnus,
479 1793 590 1844 contra
627 1804 708 1870 qrros
737 1783 829 1846 locos
857 1782 942 1858 eius,
979 1782 1034 1864 qni
1068 1804 1102 1845 se
1136 1785 1298 1848 rofnntsts
1334 1783 1493 1859 defendit,
1530 1804 1665 1866 respon-

356 1875 433 1936 dcre
453 1876 569 1955 possit.
1657 1898 1660 1905 ·

439 1970 514 2030 Aut
532 1967 565 2029 si
584 1990 690 2030 carisa
710 1968 903 2051 assumptiva
925 1966 1112 2059 inferetur]
1158 1970 1314 2051 Quoniam
1346 1994 1439 2055 quum
1472 1974 1510 2033 sd
1541 1982 1664 2051 tempus

356 2060 503 2122 voluntas
525 2060 634 2141 scripti
655 2062 833 2143 accipienda
849 2065 1045 2136 ostenditur,
1068 2064 1246 2127 necessario
1263 2088 1323 2149 per
1339 2067 1568 2149 assurnptivae
1581 2084 1664 2150 qua-
1677 2079 1707 2132 tt

357 2151 466 2215 litatis
487 2150 622 2232 speciem
649 2168 832 2235 argumenta
854 2166 1030 2216 erudiuntur.

440 2246 479 2310 Si
494 2246 591 2309 nfiud
609 2248 753 2309 sensisse
766 2248 931 2329 scriptor,
955 2248 1051 2311 uliud
1070 2250 1248 2330 scripsisse
1265 2252 1410 2328 dicitur,
1433 2250 1484 2323 is,
1508 2249 1567 2334 pui
1586 2247 1664 2331 cet]

357 2340 464 2403 Prima
491 2360 581 2419 pars,
620 2359 680 2421 qua
706 2340 732 2402 is
764 2342 878 2414 utitur,
911 2340 965 2422 qui
992 2360 1026 2402 se
1050 2336 1210 2405 voluntate
1238 2345 1392 2420 defendit,
1430 2356 1542 2409 contra
1572 2364 1664 2427 quein

356 2455 438 2497 nunc
457 2443 626 2513 praecepte
648 2435 700 2495 dat
720 2434 884 2515 scriptori.

437 2527 498 2589 siu
515 2547 655 2587 causum
674 2524 801 2615 afferet
829 2526 880 2602 is,
916 2526 975 2609 qui
993 2548 1017 2589 o
1041 2529 1210 2591 sententia
1232 2528 1348 2614 stabit]
1394 2530 1535 2593 Secunda
1565 2542 1706 2610 pars,2t

357 2642 416 2703 qua
439 2621 539 2681 utitur
557 2619 602 2695 is,
641 2619 695 2704 qui
714 2622 876 2684 voluntate
897 2642 931 2682 sc
953 2619 1110 2695 defendit,
1140 2634 1255 2686 'contra
1278 2646 1369 2708 quarn
1391 2646 1473 2687 nnnc
1495 2634 1665 2706 praecepte

356 2716 408 2775 dat
425 2710 588 2792 scriptori.

438 2806 500 2869 Sin
522 2826 663 2869 causam
684 2805 810 2895 efferet
825 2807 874 2883 is,
897 2806 957 2891 qui
969 2826 992 2867 n
1013 2808 1179 2869 sententio
1192 2809 1311 2886 stabit,
1332 2810 1485 2895 primum
1502 2808 1568 2871 erit
1583 2806 1663 2889 cet]

354 2896 468 2963 Dictus
492 2897 611 2979 primus
632 2900 722 2962 locus
751 2912 798 2961 est
824 2902 864 2963 ab
890 2920 948 2973 co,
972 2895 1026 2981 qni
1049 2900 1168 2980 scripto
1191 2901 1316 2977 nititur,
1354 2923 1413 2985 per
1436 2913 1541 2983 partes
1570 2920 1660 2964 sitast

355 2990 411 3073 qni
435 3011 495 3071 per
514 2988 680 3073 praecepti
704 2992 864 3075 seqnitur,
894 2994 1049 3055 sccundus
1070 2993 1158 3054 focus
1178 3006 1242 3067 est;
1271 2995 1390 3080 inquo
1414 2994 1604 3068 ostenditur,
1635 2992 1704 3054 sits

353 3082 385 3145 in
412 3084 529 3146 ceteris
549 3085 675 3167 legibus
697 3108 788 3148 carisa
818 3084 1009 3167 accipiatur,
1046 3085 1077 3149 in
1099 3087 1182 3148 hanc
1203 3088 1305 3171 legem
1329 3110 1452 3151 cerream
1475 3086 1573 3169 accipi
1599 3106 1663 3146 non

353 3189 519 3257 oportere.
576 3179 651 3241 Hoc
668 3190 702 3242 nt
728 3179 859 3261 probari
881 3177 997 3260 possit,
1037 3180 1311 3244 demonstrandum
1340 3193 1407 3256 est,
1446 3181 1516 3266 qiiia
1539 3182 1591 3243 lex
1611 3178 1662 3241 vel

353 3269 506 3349 scripturn
526 3271 690 3353 quodlibet
709 3273 748 3333 ad
771 3293 822 3333 res
844 3272 1009 3345 maximas,
1033 3270 1233 3346 utilissimas,
1258 3274 1509 3351 honestissimas,
1533 3274 1663 3357 religio·

351 3362 490 3425 sissirnas
511 3363 688 3443 pertinent:
725 3366 807 3427 unde
828 3364 954 3439 inntite,
978 3376 1090 3445 turpe,
1115 3366 1201 3427 nefas
1224 3388 1292 3431 esse
1315 3370 1487 3444 doceatur,
1512 3365 1578 3450 legi
1599 3378 1660 3429 taur

352 3455 665 3539 diligenterscriptae
674 3477 738 3519 non
751 3455 974 3538 obtemperari.
990 3457 1110 3519 Deinde
1118 3461 1308 3536 docendum,
1324 3460 1618 3545 quodomniacaute
1630 3458 1659 3521 in
1672 3472 1703 3523 ³⁰

350 3547 558 3631 hacfcgcsint
573 3560 603 3609 ct
615 3561 783 3629 prospecta
795 3560 827 3611 et
837 3561 988 3631 excepta,
1006 3572 1085 3633 quae
1098 3552 1301 3632 excipienda,
1315 3553 1534 3636 perspicienda
1547 3573 1663 3615 caven·

352 3643 454 3726 daque
477 3662 547 3703 esse
569 3642 769 3705 videbantur.
814 3641 1022 3727 subiungitur
1043 3645 1154 3709 tertius
1169 3636 1332 3722 locus,'in
1354 3668 1419 3731 quo
1434 3650 1567 3711 docetur
1581 3649 1662 3709 hanc

350 3756 475 3798 cansam
495 3734 596 3815 accipi
618 3758 682 3797 non
701 3746 864 3816 oportere.
907 3736 946 3799 In
964 3758 1049 3817 qino,
1073 3737 1220 3819 qrioniarn
1236 3739 1455 3816 adversarius,
1480 3739 1534 3825 qui
1548 3750 1661 3803 contra

350 3829 504 3910 scripturn
527 3828 627 3903 dicct,
651 3830 755 3911 aliqua
778 3828 933 3911 aequitate
954 3850 988 3890 sc
1011 3840 1134 3905 tuetur,
1158 3833 1363 3896 laborandum
1384 3847 1449 3913 est,
1475 3834 1519 3896 nti
1534 3836 1658 3905 doceat,

350 3920 404 4004 qni
423 3941 458 3982 se
478 3918 600 4000 scripto
621 3921 776 3996 defendit,
799 3921 876 3984 illud
893 3942 1025 4004 aequum
1048 3944 1112 3987 non
1135 3945 1223 4000 esse,
1248 3929 1332 4010 quod
1355 3925 1701 3991 adversariusdicitats

350 4033 416 4097 quo
439 4012 514 4077 loeo
541 4014 620 4076 bene
642 4024 798 4090 tractato,
835 4027 867 4077 ut
889 4017 1006 4078 docent
1028 4038 1158 4098 acquum
1185 4039 1247 4082 non
1269 4040 1357 4095 csse,
1387 4018 1518 4092 efficiet,
1541 4028 1660 4081 utnon

352 4116 503 4187 oporteat
534 4108 708 4169 concedere
739 4108 936 4172 adversario.
995 4110 1075 4171 Nam
1104 4111 1286 4191 superiores
1318 4113 1379 4175 foci
1411 4114 1474 4177 hoc
1504 4124 1656 4197 egerant,

351 4197 441 4283 quasi
470 4218 534 4261 non
556 4198 665 4261 liceret
687 4198 722 4263 id
747 4198 839 4275 fieri,
877 4201 961 4285 quod
983 4203 1179 4265 adversarius
1201 4204 1308 4273 vellet.
1361 4204 1424 4269 Hic
1446 4217 1545 4271 autern
1570 4206 1658 4271 locus

442 4402 472 4458 6.
492 4407 542 4450 ant
566 4404 702 4469 scrtptam
732 4417 791 4450 erse
819 4400 925 4473 legem]
958 4401 1102 4473 Perpetem
1128 4402 1269 4475 legebatur
1287 4410 1428 4473 seriptum.
1448 4408 1530 4463 Ceer.
1567 4410 1659 4465 imino

350 4488 434 4527 reete
472 4473 611 4543 Scrtptum
630 4477 659 4527 h.
679 4472 700 4525 l.
721 4489 763 4527 eu
776 4491 877 4527 nornen
891 4476 1110 4540 eubetanrtvnm,
1131 4482 1223 4547 sicque
1241 4477 1324 4531 heber
1338 4485 1419 4533 edem
1432 4480 1501 4536 cod.
1522 4484 1585 4539 Ber.
1605 4484 1658 4543 Oe.

442 4554 470 4607 8.
490 4553 516 4599 st
533 4556 583 4599 aut
598 4564 717 4618 prorsus
734 4548 814 4601 eund
829 4552 958 4619 semisse]
989 4552 1061 4605 tfinc
1089 4552 1273 4607 emendandus
1293 4570 1334 4607 eer
1360 4553 1407 4608 htc
1424 4554 1502 4613 locus
1527 4564 1556 4611 tn
1579 4558 1660 4615 Cice-

351 4638 434 4685 rone,
454 4620 525 4694 epnd
541 4639 624 4693 qoem
642 4622 757 4695 legitur:
776 4629 802 4674 u*
821 4632 872 4676 ant
887 4634 1006 4694 prorsus
1023 4625 1131 4696 aliquid
1146 4632 1273 4682 ceresiers.
1293 4629 1380 4685 Cere.

424 4700 693 4823 10.qus‘ccc....
721 4698 869 4751 vestutate
894 4697 1036 4772 defendit]
1065 4700 1168 4775 supple
1187 4702 1376 4772 legislatoris,
1403 4712 1564 4775 testatoris,
1581 4713 1658 4761 cert..

367 4776 439 4821 toris
457 4788 513 4825 eet.
557 4788 620 4824 err.

346 4788 367 4839 γ
422 4848 468 4903 29.
488 4844 735 4899 demonstrandum
752 4854 796 4896 est
814 4851 880 4915 quta
898 4846 946 4899 fex
965 4887 973 4902 .
993 4886 1000 4901 .
1021 4886 1029 4903 .
1049 4854 1228 4921 .pertr'nect]
1255 4853 1316 4907 Hoe
1335 4858 1362 4907 fn
1383 4854 1445 4909 loco
1465 4852 1500 4914 ed
1518 4864 1583 4929 quin
1602 4875 1658 4913 non

349 4936 389 4974 ese
408 4920 538 4983 censete,
565 4919 613 4973 red
632 4920 798 4993 simpltctur
817 4922 1029 4985 declarantium
1057 4942 1112 4997 quo
1132 4942 1212 4983 senen
1230 4944 1311 5004 saepe
1331 4934 1415 4987 etiarn
1434 4936 1551 4989 sumitur
1569 4935 1659 4989 Gree-

349 5010 445 5049 cornm
465 4991 534 5047 tltud
553 4992 617 5059 tire,
639 4994 719 5122 mido
737 4995 818 5064 quod.
837 4996 925 5052 carr.

420 5074 466 5131 56.
487 5066 612 5141 ejficr’et]
633 5070 673 5122 Co
694 5106 702 5123 .
723 5069 786 5123 Bes.
805 5092 841 5109 -
859 5068 972 5143 efficiat
992 5070 1062 5126 Edd.
1080 5072 1134 5129 Os.

420 5150 466 5209 37.
485 5146 616 5217 egerant]
637 5142 707 5201 cod.
725 5144 790 5201 Bu.
810 5171 848 5188 ··-
867 5146 991 5217 agebant
1008 5146 1077 5207 ttdd.
1097 5150 1152 5204 Oe.

949 5396 963 5425 0
