4434 5959
538 598 599 661 ιιι
658 569 663 583 ’
979 603 1023 672 c.
1046 606 1201 674 ructus
1221 604 1406 673 menon

535 754 620 812 stra,
645 752 678 805 ut
698 740 932 808 Demosthenes
954 758 1065 811 contra
1085 745 1289 813 Aeschinem.
1332 748 1394 811 Est
1415 744 1510 810 etiam
1530 745 1610 812 illud
1629 768 1856 832 nonnunquam

536 846 642 916 aptum
665 838 1017 917 adproboemiaudnm,
1041 862 1137 926 quum
1159 840 1405 923 praeindicatum
1427 840 1545 924 aliquid
1565 843 1604 903 de
1625 862 1662 905 ea
1683 862 1719 903 re
1749 853 1858 903 osteo·

534 929 657 1003 diulus,
682 930 732 992 rel
755 952 851 1014 qnum
872 930 1038 1014 incipimus
1060 935 1100 997 ah
1118 934 1186 1008 his,
1210 955 1292 1019 quiae
1313 933 1508 996 acciderunt.
1553 936 1738 998 Tenendum
1760 944 1856 997 estet

534 1020 567 1084 in
591 1020 746 1105 principio
769 1035 801 1087 et
820 1024 849 1088 iu
866 1046 1055 1111 quacunque
1075 1038 1167 1107 parte
1184 1026 1334 1101 actionis,
1358 1046 1398 1089 ne
1412 1036 1485 1089 ante
1500 1025 1649 1090 invehare
1667 1025 1698 1089 in
1720 1026 1855 1101 crimen,

511 1134 627 1197 squam
651 1114 681 1179 id
703 1118 903 1202 coarguerit.
949 1119 1147 1186 l’r'ohoemio
1172 1119 1322 1184 convenit
1343 1140 1408 1183 oon
1429 1140 1573 1203 semper,
1597 1122 1654 1183 aed
1670 1120 1856 1203 frequenter

535 1210 758 1274 sententiarum
778 1223 809 1274 et
831 1214 1007 1275 verborum
1032 1212 1235 1295 conpositioa
1270 1212 1304 1275 id
1326 1213 1406 1277 enim
1433 1212 1551 1278 nostris
1570 1212 1630 1277 iam
1656 1212 1855 1295 tenporibus

535 1301 693 1387 exigitnrr
730 1324 825 1387 quum
856 1316 959 1368 antem
981 1308 1064 1388 apud
1086 1305 1210 1389 priscos
1241 1305 1341 1369 molto
1361 1304 1471 1369 utilius
1488 1306 1633 1389 praecipi
1651 1306 1773 1380 soleat,
1798 1308 1856 1369 rsi-

535 1395 619 1460 nime
640 1400 861 1459 ostendendam
886 1398 1097 1483 eloquentiam
1125 1400 1158 1462 in
1182 1399 1363 1483 principiis,
1400 1399 1473 1485 qnia
1508 1400 1632 1463 facilins
1656 1400 1855 1483 simplicitate

535 1488 677 1552 sirnnlata
703 1490 866 1571 acccipere
903 1490 1006 1573 possit
1033 1503 1160 1556 orator.
1218 1493 1281 1557 Sed
1311 1504 1342 1556 et
1373 1514 1456 1556 nsanc
1477 1493 1639 1557 delicatius
1663 1494 1854 1557 audientium

494 1582 691 1649 tulastidinm
711 1583 792 1646 hanc
810 1586 919 1647 saltem
942 1584 1189 1651 moderationem
1207 1584 1311 1667 capit,
1334 1596 1370 1649 ut
1388 1588 1497 1650 demtus
1514 1608 1662 1670 operam,
1687 1608 1726 1649 ue
1746 1587 1854 1650 ridea-

536 1697 606 1739 mur
625 1676 758 1754 callide,
782 1682 838 1741 sed
860 1690 1007 1742 accurate
1029 1678 1137 1760 potius
1151 1677 1269 1742 dicere.
1312 1678 1350 1741 ln
1373 1679 1536 1761 principiis
1550 1700 1666 1744 carme
1687 1682 1853 1754 dehemus,

535 1790 574 1833 ιιι
596 1772 682 1853 quod
704 1770 888 1834 inusitatum
911 1775 1061 1847 verbnm,
1094 1793 1176 1835 nere
1203 1770 1354 1839 audacius
1383 1772 1568 1837 translatum
1594 1785 1647 1834 aut
1670 1776 1851 1839 obsoletum

537 1887 554 1927 a
577 1876 733 1928 vetustate
755 1876 809 1927 aut
827 1867 958 1947 po'e'tica
979 1865 1104 1929 licentia
1123 1876 1282 1946 sumptum
1302 1864 1355 1927 sit.
1409 1866 1558 1928 Nondum
1580 1867 1703 1948 recepti
1725 1888 1855 1940 sumus,

537 1970 569 2021 ct
589 1960 726 2023 casstodit
751 1980 811 2023 nos
833 1982 943 2023 recens
968 1959 1158 2024 audientium
1181 1958 1327 2021 intentio.
1371 1960 1414 2021 Et
1443 1958 1515 2023 ideo
1536 1958 1614 2021 illud
1636 1982 1768 2045 qnoque
1790 1972 1857 2023 tur·

493 2053 695 2135 sepissimnm
718 2065 785 2127 est,
820 2053 851 2117 in
878 2052 1034 2136 principio
1065 2051 1188 2116 turbari
1214 2050 1398 2114 memoriam
1428 2051 1476 2114 nel
1511 2056 1682 2117 verborum
1707 2053 1857 2117 facultate

535 2145 663 2209 destitui
692 2145 744 2208 rel
766 2146 796 2210 in
826 2166 1016 2233 quocunque
1044 2144 1244 2229 reprehendi.
1294 2144 1387 2208 Solet
1414 2142 1444 2207 iu
1471 2144 1632 2229 principiis
1658 2146 1857 2228 apostrophe

539 2238 655 2300 admitti
678 2240 848 2301 secundum
872 2252 1012 2302 ceterum
1035 2238 1199 2321 erernpla,
1224 2240 1314 2323 quod
1334 2238 1551 2321 diligentiores
1569 2238 1756 2320 prohibent.
1780 2240 1857 2303 Non

535 2332 618 2394 enim
641 2330 713 2413 quia
735 2344 844 2414 potest
873 2334 953 2395 hene
976 2332 1147 2417 aliqnando
1172 2330 1262 2406 lieri,
1301 2332 1416 2414 passim
1436 2330 1579 2395 iacienda
1602 2344 1668 2406 est,
1701 2354 1799 2416 quum
1815 2332 1856 2395 sit

536 2426 637 2509 nugis
669 2428 837 2489 seecundum
858 2437 1014 2499 naturam,
1041 2439 1073 2489 nt
1096 2446 1152 2491 eos
1176 2426 1385 2508 adloquamur
1406 2424 1620 2507 potissimum,
1644 2444 1728 2507 qnos
1747 2424 1855 2488 conci·

492 2516 615 2581 autiare
642 2516 733 2582 nohis
755 2519 926 2581 studemus.
983 2518 1063 2581 Sunt
1081 2518 1135 2580 ilia
1161 2516 1237 2580 vitia
1263 2515 1511 2599 principiorum,
1536 2516 1564 2579 si
1585 2516 1617 2580 id
1639 2519 1742 2591 dicas,
1767 2519 1855 2597 qnod

535 2614 576 2673 ad
597 2612 703 2693 plures
729 2631 839 2674 caussas
866 2611 1103 2674 accommodari
1131 2610 1251 2692 possit;
1275 2614 1362 2695 quod
1380 2611 1556 2693 appellatur
1582 2612 1714 2695 vulgare
1735 2610 1855 2693 prioci-
1956 2671 1957 2676 ,

534 2706 640 2787 pium3
663 2704 713 2767 rel
733 2706 819 2787 qnod
843 2724 957 2771 caussae
975 2724 1039 2767 non
1066 2705 1236 2769 cohaereat
1256 2718 1288 2768 et
1309 2704 1435 2769 aliunde
1462 2704 1647 2769 translatum
1676 2702 1736 2780 sit,
1767 2706 1854 2787 quand

536 2798 670 2863 alienum
692 2798 845 2863 dicitnr.'

929 2975 1029 3042 XVI.
1053 2976 1116 3041 DE
1139 2974 1463 3086 nnnnn‘rlnnss.

492 3139 523 3187 as
618 3114 771 3182 Narratio
794 3137 864 3181 esse
897 3119 990 3181 dehet
1020 3119 1146 3191 brevis,
1184 3116 1371 3199 perspicua,
1401 3112 1593 3197 probabilis.
1636 3114 1719 3177 Nam
1742 3114 1804 3178 etsi
1826 3114 1857 3177 iu

535 3212 701 3286 omnibns,
734 3212 768 3275 in
791 3213 849 3274 hac
875 3224 979 3274 taruco
1003 3210 1052 3274 rel
1080 3210 1213 3273 maxime
1235 3210 1358 3271 vitanda
1385 3218 1433 3270 ιιι
1454 3208 1650 3283 obscuritas,
1688 3220 1721 3270 et
1743 3210 1856 3271 ιιιοιιιιι

535 3306 760 3369 custodiendus
782 3317 813 3369 et
834 3305 994 3367 credibilia
1014 3304 1174 3376 iacienda,
1209 3322 1290 3385 qnae
1308 3302 1407 3364 dicas.
1452 3299 1566 3363 Rrevis
1591 3298 1669 3374 erit,
1692 3301 1721 3363 si
1744 3322 1855 3363 narra·

536 3400 653 3465 tionem
686 3420 745 3461 nec
774 3410 952 3481 repetamus
982 3398 1075 3461 altius
1098 3415 1156 3459 uec
1177 3416 1403 3480 persequamur
1424 3393 1553 3479 longius
1577 3414 1669 3479 qnam
1690 3394 1855 3478 quaestio·

537 3514 592 3557 nes
615 3492 756 3575 exigant,
780 3512 882 3576 neque
905 3492 1079 3555 inseramus
1101 3490 1226 3554 minime
1249 3488 1439 3561 necessaria,
1464 3510 1524 3551 nec
1545 3488 1635 3552 iocos
1648 3508 1853 3563 communes,

494 3604 595 3653 tuneo
617 3606 764 3671 egressus
787 3596 985 3667 appetamus.
1043 3584 1226 3649 Poterimus
1254 3583 1336 3647 enim
1366 3583 1445 3644 haec
1474 3593 1527 3644 ant
1549 3582 1580 3645 in
1602 3584 1854 3665 argumentando

537 3691 591 3743 aut
604 3680 637 3742 in
652 3681 883 3743 commovendo
898 3680 1049 3753 reddere,
1072 3678 1132 3741 uisi
1145 3679 1184 3740 de
1200 3679 1258 3739 bac
1279 3676 1385 3739 reniti
1403 3676 1596 3739 voluerimus
1612 3674 1774 3760 indignam
1795 3675 1856 3738 ali·

536 3796 629 3858 quam
641 3795 707 3836 rem
718 3784 749 3835 et
759 3772 965 3835 miserabilem
982 3773 1248 3846 demonstrando;
1272 3770 1345 3854 qnia
1358 3772 1503 3853 prodest,
1528 3791 1623 3854 quum
1636 3770 1713 3853 qnid
1727 3789 1854 3843 narres,

537 3869 630 3933 etiam
653 3868 915 3953 quemadmodum
937 3878 1059 3950 gestum
1082 3866 1124 3928 sit
1145 3884 1321 3949 exponere.
1376 3866 1438 3926 Sed
1460 3864 1541 3939 hoc,
1572 3863 1652 3925 sicnt
1681 3882 1778 3943 supra
1806 3861 1858 3923 di·

536 3974 619 4025 ιιιιιιι
644 3974 710 4037 ιιι,
749 3960 780 4024 in
803 3960 982 4023 narratione
1005 3959 1159 4023 breviter.
1208 3959 1299 4023 Alias
1320 3969 1422 4021 antem
1454 3960 1596 4021 breviter
1626 3976 1756 4018 narrare
1786 3976 1856 4019 earn

494 4072 525 4139 tt
538 4056 703 4129 uirtutem,
729 4076 810 4140 quae
831 4052 1022 4118 narrationis
1045 4064 1093 4115 est
1115 4054 1262 4128 maxima,
1280 4062 1312 4115 et
1331 4051 1467 4113 iocunda
1490 4063 1521 4113 ct
1542 4052 1583 4113 ad
1603 4050 1856 4131 persuadendum

536 4150 773 4215 accommodata
797 4147 855 4223 sit,
878 4147 974 4212 tollit.
1017 4146 1164 4229 Denique
1185 4144 1257 4208 illa:
1280 4164 1361 4205 nam
1379 4142 1411 4207 is
1427 4154 1612 4226 postquam
1634 4142 1786 4205 excessit
1806 4162 1857 4203 ea·

534 4242 688 4327 ephebis,
720 4264 783 4306 non
817 4254 878 4303 tam
908 4240 1016 4304 brevis
1046 4239 1188 4303 narratio
1209 4257 1303 4321 qnam
1325 4237 1478 4309 iocunda;
1516 4257 1620 4299 ιιιοιιι
1641 4234 1856 4297 adolescentis

536 4339 635 4419 ipsius
665 4348 696 4400 et
726 4357 812 4398 mors
843 4334 1008 4415 Chrysidis
1047 4345 1093 4396 et¹
1113 4332 1216 4396 stultns
1246 4344 1277 4393 et
1298 4329 1402 4394 iorma
1423 4344 1455 4394 et
1476 4328 1655 4394 lamentatio
1677 4340 1708 4390 et
1730 4325 1856 4411 reliqua

536 4429 683 4513 pervarie
705 4430 917 4494 collocantur.
961 4429 1125 4507 Quaedam
1148 4425 1337 4488 narrationis
1354 4424 1467 4489 vitiosa
1483 4425 1648 4507 prolixitas
1662 4433 1733 4498 est,
1758 4442 1854 4507 quun

493 4526 641 4607 ,pepecit
670 4522 834 4587 brevitatis
863 4544 900 4585 ea
930 4521 1032 4585 omnia
1063 4518 1194 4603 singulis
1227 4518 1332 4580 rerhis
1360 4518 1583 4601 exsequimur,
1617 4536 1698 4600 quae
1726 4528 1781 4578 aut
1811 4536 1854 4579 ex

537 4618 739 4701 sequentihus
770 4629 822 4680 ant
844 4639 884 4679 ex
907 4616 1166 4698 praecedentibus
1188 4614 1288 4677 nihilo
1313 4613 1433 4687 minus,
1467 4610 1525 4675 etsi
1547 4622 1732 4685 taceantur,
1762 4608 1855 4672 intel·

609 4863 649 4911 12.
669 4865 730 4911 Ωιι.
753 4866 775 4913 l.
798 4882 868 4913 mann
890 4867 944 4911 cha.
963 4864 987 4911 2.
1006 4866 1060 4912 oba.
1108 4866 1156 4911 Sed
1175 4880 1218 4911 asc
1239 4867 1307 4921 prior
1330 4865 1464 4922 scriptura,
1488 4876 1504 4908 a
1525 4866 1601 4907 verbo
1624 4862 1767 4913 aarum.
1787 4874 1855 4917 pror·

675 4949 716 4981 sas
736 4938 879 4994 repudianda
895 4936 1000 4993 cranii)
1037 4934 1077 4981 lh.
1097 4936 1157 4994 Lep.
1177 4937 1307 4981 mensoria.
1327 4934 1374 4980 Oa.
1412 4932 1454 4980 at.
1473 4934 1534 4978 Coi.
1550 4946 1605 4979 can
1617 4934 1733 4979 saman.
1752 4930 1794 4975 il.
1814 4930 1854 4973 ci.

677 5008 777 5065 Quintil.
797 5008 840 5053 tv.
860 5004 885 5052 2.
923 5002 965 5052 36.
986 5006 1045 5064 laer.
1066 5011 1092 5050 ιιι
1109 5006 1158 5051 ine.
1177 5004 1226 5051 οι.
1264 5002 1306 5052 ih.
1327 5006 1389 5051 (iod.
1408 5000 1544 5050 werria

485 5158 489 5167 “
611 5148 659 5209 hi·
676 5146 742 5202 Ter.
765 5143 834 5203 scd.
854 5146 876 5201 1.
897 5150 923 5201 l·
942 5140 988 5203 2l.
