4434 5959
940 583 1034 648 LIB.
1058 583 1125 648 vt.
1644 585 1705 650 385

384 719 544 803 puralium
566 739 673 784 rerum
695 721 776 799 sint,
800 723 879 790 aliae
901 723 1173 808 incorporalium:
1197 735 1228 788 et
1250 723 1439 790 delinitionis
1470 721 1594 811 quidem
1615 725 1706 790 locus

386 816 432 877 ita
458 814 578 878 divisus
606 826 666 879 est.
725 819 757 881 Α
784 819 930 902 partibus
955 831 1057 882 antem
1087 819 1177 883 loeus
1207 819 1358 883 dividitur
1386 819 1418 882 in
1448 819 1647 903 partitionem
1675 830 1707 882 et

385 907 588 973 divisionem.
644 909 678 974 A
704 921 779 975 nota
804 934 883 977 vero
913 913 1004 978 locus
1033 910 1166 995 simplex
1189 924 1249 977 est.
1305 913 1360 978 Ab
1383 913 1506 976 allectis
1527 927 1629 977 autem
1654 913 1706 976 ulii

384 1013 495 1066 sunta
516 1001 712 1088 coniugatis,
737 1004 789 1069 alii
811 1025 829 1069 a
854 1027 994 1092 genere,
1025 1005 1114 1069 aliia
1136 1007 1257 1082 forma,
1282 1005 1334 1070 alii
1355 1028 1373 1070 a
1395 1007 1506 1084 simili,
1530 1007 1582 1070 alii
1603 1030 1621 1070 a
1643 1006 1703 1070 dil-

266 1161 271 1166 ,
381 1095 535 1172 ferentia,
560 1095 614 1160 alii
635 1119 652 1160 a
672 1099 859 1176 contrariis,
883 1100 935 1164 alii
960 1102 1001 1164 ab
1024 1099 1197 1176 adiunctis,
1223 1099 1274 1164 alii
1298 1121 1314 1164 a
1338 1101 1623 1186 consequentibus,
1648 1117 1729 1166 arn-5

384 1188 603 1268 teredentibns
637 1203 668 1256 et
695 1195 968 1280 repugnantibus,
1007 1193 1102 1258 aliia
1133 1215 1249 1272 cansa,
1287 1192 1339 1257 alii
1366 1195 1404 1257 ab
1429 1195 1569 1272 effectis,
1608 1193 1703 1258 aliia

382 1285 623 1366 comparatione
643 1288 786 1369 parium,
811 1288 965 1354 maiorum
987 1287 1038 1350 vel
1058 1287 1225 1354 minorum.
1270 1289 1378 1352 Genus
1400 1309 1481 1352 vero
1502 1287 1652 1372 dividitur
1670 1286 1702 1348 in

381 1400 530 1460 suprema
558 1403 676 1465 genera
706 1395 737 1446 et
761 1383 872 1461 inea,
907 1404 988 1468 quae
1014 1381 1106 1446 etiam
1128 1380 1249 1464 specics
1277 1400 1346 1445 esse
1371 1393 1518 1464 possunt.
1574 1381 1701 1464 Species

381 1494 515 1559 quoque
538 1475 690 1540 dividitur
716 1476 749 1541 in
772 1477 898 1542 ultimas
923 1475 1046 1560 species
1068 1487 1100 1540 et
1122 1475 1154 1538 in
1175 1497 1229 1553 ea,
1268 1498 1348 1560 quae
1370 1477 1460 1540 etiam
1488 1498 1606 1562 genera
1632 1496 1701 1539 esse

382 1577 534 1648 possunt.
592 1569 745 1634 Similinm
767 1593 895 1656 qunque
917 1570 977 1634 alia
998 1569 1030 1631 in
1051 1568 1184 1653 singulis
1207 1568 1468 1646 considerantur,
1492 1585 1523 1634 et
1544 1582 1742 1646 vocantium

381 1661 547 1743 exemplu
579 1664 639 1729 alia
661 1665 694 1728 in
715 1665 880 1748 pluribus,
919 1676 950 1729 et
972 1663 1151 1745 appellatur
1168 1661 1326 1738 induetio;
1365 1663 1426 1726 alia
1446 1663 1478 1726 in
1500 1664 1697 1744 coniunctis,

381 1764 416 1816 et
443 1766 581 1820 vocatur
612 1759 797 1841 proportio.
854 1759 934 1823 Item
963 1755 1211 1821 differentiarum
1244 1757 1322 1822 aliae
1349 1768 1422 1820 stent
1456 1757 1698 1837 substantiales3

380 1846 480 1924 aliae,
504 1849 562 1913 etsi
588 1872 653 1914 non
674 1852 911 1930 substantiales,
935 1849 1162 1932 inseparabiles
1182 1861 1305 1924 tamen;
1328 1848 1406 1914 aliae
1427 1872 1531 1936 neque
1552 1853 1700 1915 substan-

378 1939 471 2004 tiales
492 1963 594 2028 neque
616 1944 857 2028 inseparabiles.
914 1942 1162 2009 Contrariorum
1192 1944 1252 2008 alia
1283 1943 1429 2008 dicuntur
1451 1949 1601 2021 adversa,
1638 1945 1699 2008 alia

379 2034 560 2115 privantia,
597 2038 656 2101 alia
678 2040 847 2124 negantia,
886 2037 946 2101 alia
970 2035 1116 2101 relativa.
1170 2039 1404 2104 Adiunctorum
1421 2061 1503 2105 vero
1523 2039 1582 2104 alia
1603 2050 1739 2116 snnt,15

378 2148 462 2210 qerae
492 2139 564 2192 ante
589 2153 656 2196 rem
688 2131 859 2208 exsistunt;
899 2131 976 2206 alia,
1014 2152 1093 2214 quae
1121 2152 1191 2193 cnm
1224 2153 1278 2208 ree
1312 2133 1371 2196 alia
1401 2155 1480 2200 vero
1510 2145 1585 2216 post
1616 2153 1696 2197 rem.

377 2221 491 2286 Locus
516 2245 595 2288 vero
617 2224 836 2291 conditionalis
861 2224 1014 2290 dividitur
1034 2224 1068 2286 in
1090 2227 1295 2302 antecedens,
1330 2248 1528 2311 consequens
1550 2237 1582 2291 et
1601 2248 1698 2309 repu-

377 2335 495 2398 gnans.
535 2316 729 2382 *Causarum
757 2339 886 2405 quoque
917 2317 1083 2400 multiplex
1116 2317 1207 2382 locus
1234 2329 1302 2383 est:
1340 2321 1418 2384 aliae
1444 2341 1579 2403 namque
1604 2330 1697 2396 stant,

379 2407 581 2490 quaerisne
599 2410 761 2488 officinam
783 2412 883 2490 aliae,
907 2411 975 2477 sine
990 2410 1105 2495 quibus
1119 2409 1204 2474 ellici
1225 2431 1288 2475 non
1303 2423 1424 2493 potest.
1468 2415 1587 2478 Earum
1604 2435 1697 2490 vero,

379 2522 463 2583 qnae
485 2503 518 2567 ri
539 2525 596 2567 sua
620 2504 782 2584 efficiunt,
807 2506 885 2571 aliae
906 2518 988 2570 sunt·
998 2505 1216 2583 necessariae,
1240 2505 1338 2570 nihilo
1357 2505 1554 2592 indigentes,
1578 2519 1612 2571 nt
1632 2509 1742 2582 elli-20

379 2595 484 2672 ciant3
516 2597 595 2662 aliae
618 2619 698 2663 vero
717 2599 912 2685 indigentes,
947 2613 981 2664 nt
1003 2599 1156 2674 efficiant;
1180 2598 1258 2662 aliae
1279 2620 1359 2665 vero
1377 2599 1554 2684 indigentes
1577 2611 1609 2664 et
1634 2621 1698 2664 non

378 2691 591 2755 necessariae.
633 2693 753 2756 Earum
776 2716 878 2772 vero,
898 2694 964 2758 sine
986 2693 1099 2778 quibus
1124 2713 1187 2756 non
1209 2692 1363 2767 efficitur,
1395 2691 1473 2756 allae
1497 2703 1570 2754 stent
1595 2693 1699 2756 mobi-

376 2783 446 2861 les,
471 2782 550 2848 aliae
568 2783 758 2850 immobiles.
810 2787 894 2852 Item
917 2807 1082 2850 causarum
1101 2786 1181 2850 aliae
1202 2793 1275 2850 stant
1296 2806 1360 2850 non
1384 2796 1596 2868 spontaneae,
1620 2785 1699 2848 aliae

378 2897 422 2940 ex
440 2877 606 2942 voluntate
617 2921 628 2955 ,
653 2879 733 2942 aliae
755 2901 796 2944 ex
816 2880 1078 2963 perturbatione,
1103 2878 1181 2943 aliae
1203 2900 1245 2943 er
1263 2879 1393 2953 babitu,
1417 2876 1495 2941 aliae
1514 2897 1555 2941 ex
1571 2889 1695 2955 natura,

377 2969 462 3034 aliae
483 2991 524 3034 ex
547 2983 637 3048 arte,
661 2972 740 3038 aliae
759 2995 800 3038 ex
821 2995 910 3038 casn.
961 2974 1086 3037 Rursus
1113 2993 1276 3036 causarum
1300 2971 1378 3036 aliae
1397 2982 1470 3035 sunt
1496 2980 1741 3046 constantes,25

377 3063 458 3129 aliae
484 3065 711 3133 inconstantes.
764 3067 933 3150 Amplius,
970 3086 1138 3130 cansarum
1167 3065 1248 3130 aliae
1269 3076 1342 3129 stent
1364 3064 1581 3143 voluntariae,
1619 3064 1698 3127 aliae

375 3158 560 3243 ignoratae.
616 3162 842 3246 ignoratarum
867 3183 942 3246 pars
968 3160 1001 3224 in
1022 3179 1117 3236 casn,
1150 3177 1226 3240 pars
1248 3159 1280 3222 in
1302 3156 1485 3222 necessitate
1508 3170 1556 3222 est
1578 3157 1699 3223 consti·

377 3262 463 3316 tnta.
516 3253 776 3321 Necessariarnm
797 3277 872 3339 pars
894 3256 927 3318 in
948 3252 1005 3331 vi,
1034 3273 1111 3335 pars
1131 3251 1163 3314 in
1185 3249 1346 3314 inscientia
1367 3250 1472 3334 posita
1495 3263 1555 3316 est.
1607 3252 1698 3316 Etle-

378 3355 430 3408 cta
452 3346 587 3412 veroin
610 3359 728 3412 tantum
750 3350 848 3415 dividi
868 3351 1018 3433 possunt,
1053 3357 1203 3430 qnantum
1234 3346 1274 3408 ad
1295 3345 1442 3428 superins
1465 3346 1564 3410 dictas
1586 3365 1696 3410 causas

376 3438 576 3506 reseruntur.
626 3444 739 3508 Locus
761 3466 841 3510 vero
864 3465 881 3508 a
904 3439 1143 3524 comparatione
1165 3439 1341 3514 minorum,
1369 3440 1492 3523 parium
1516 3450 1611 3526 atque
1631 3461 1739 3514 ma-an

378 3531 484 3598 iorum
508 3535 659 3602 dividitur
680 3537 711 3600 in
735 3559 916 3614 nnmerum,
946 3533 1102 3619 speciem,
1136 3533 1221 3610 vim,
1252 3535 1364 3598 adres
1386 3534 1461 3598 alias
1483 3536 1695 3602 allectionem.

377 3627 472 3707 Quae
500 3653 596 3713 quum
628 3631 671 3694 ita
700 3629 793 3719 sint,
819 3650 978 3716 qrteemqne
1012 3625 1090 3692 nihil
1118 3625 1160 3690 sit
1187 3625 1220 3690 in
1244 3625 1398 3692 divisione
1419 3629 1694 3711 praetermissum,

374 3732 465 3784 recte
487 3723 540 3788 M.
559 3723 682 3788 Tullius
697 3724 898 3807 partitionem
914 3721 1088 3798 conclusit,
1113 3720 1239 3798 dicens,
1264 3721 1379 3784 nullam
1395 3723 1574 3806 argumenti
1589 3724 1695 3786 sedem

375 3834 447 3877 esse
468 3817 686 3898 praeteritam.
729 3818 844 3882 Restat
859 3818 959 3903 igitur
980 3817 1087 3888 locus,
1113 3814 1167 3900 qeti
1190 3814 1388 3878 extrinsecus
1409 3816 1563 3893 sumitur,
1587 3836 1692 3900 queem,

374 3908 525 3989 qnoniam
552 3911 630 3975 nihil
660 3910 738 3975 iuris
768 3912 922 3976 consultis
943 3922 992 3976 est
1012 3909 1116 3986 utilis,
1153 3929 1217 3973 non
1241 3907 1388 3974 Trebatii
1409 3931 1521 3989 causa,
1556 3913 1630 3989 sed,
1654 3928 1737 3980 ncta

375 4001 454 4086 qnid
475 4005 622 4086 perlecto
645 4002 737 4088 operi
758 4007 867 4070 deesse
889 4005 1053 4079 videatur,
1077 4001 1240 4086 adiungit:

459 4097 559 4181 (Cap.
583 4100 633 4165 19.
655 4102 686 4174 §.
711 4099 779 4178 tt.)
800 4099 869 4166 Sed
887 4097 1051 4185 qnoniam
1064 4097 1116 4159 ito
1136 4129 1178 4142 -
1199 4125 1241 4139 -
1262 4126 1304 4139 -
1322 4095 1487 4181 prodesse
1504 4095 1692 4182 possimus.

459 4193 511 4256 Ne
539 4193 630 4258 locus
657 4191 737 4257 nihil
764 4191 842 4258 iuris
867 4193 972 4276 perito
1001 4190 1190 4274 profuturus
1218 4189 1450 4274 {negligentiam
1477 4191 1524 4254 sui
1551 4190 1690 4268 laceret,

374 4285 562 4350 Trebatium
585 4287 684 4353 veluti
706 4285 891 4370 qtribnsdarn
912 4281 1071 4369 prooemii
1091 4279 1248 4346 machinis
1271 4295 1383 4348 orator
1404 4283 1505 4347 reddit
1527 4295 1692 4347 attentum.

372 4378 433 4442 Ait
455 4380 535 4444 enim
558 4380 602 4444 ita
622 4400 693 4445 sese
715 4379 859 4444 divisisse
879 4378 912 4442 in
931 4375 1111 4465 principio,
1137 4387 1171 4440 nt
1191 4375 1269 4440 alios
1292 4376 1383 4442 locos
1406 4374 1439 4439 in
1461 4376 1537 4460 ipsis
1559 4379 1692 4440 haerere
1703 4391 1735 4442 tt

374 4470 512 4551 diceret,
551 4476 591 4536 de
619 4473 734 4559 quibus
764 4485 937 4556 ageretur,
971 4472 1051 4538 alios
1082 4469 1279 4537 extrinsecus
1311 4469 1444 4546 assumi,
1482 4482 1514 4534 et
1535 4492 1632 4554 quum
1655 4471 1693 4532 de

375 4565 598 4649 superioribus
625 4567 705 4632 locis
736 4565 850 4633 idonee
871 4566 1060 4650 disputatum
1083 4563 1142 4642 sit,
1176 4563 1373 4628 intractatam
1396 4563 1548 4648 reliquam
1569 4573 1693 4646 partem

372 4682 441 4726 non
462 4672 615 4744 oportere
641 4658 831 4746 praeteritis
867 4681 970 4743 neque
998 4657 1080 4722 enirn
1109 4658 1195 4721 herne
1216 4677 1285 4722 esse
1318 4656 1521 4736 Trebatium,
1560 4657 1694 4741 qutiens

372 4765 442 4818 arte
462 4766 629 4821 contentus
653 4765 834 4820 ceterorum
853 4753 956 4818 studia
975 4753 1143 4844 negligat,
1166 4771 1280 4816 verram
1302 4749 1465 4838 diligentia
1486 4762 1581 4833 atque
1603 4749 1694 4836 inge·

371 4847 428 4914 nio
460 4848 632 4934 plurimum
658 4849 770 4914 valens
798 4858 913 4914 cuncta
944 4849 985 4911 ad
1012 4868 1046 4912 se
1074 4845 1236 4932 pertinere
1258 4847 1372 4922 ducat,
1408 4865 1488 4930 qnae
1510 4844 1692 4908 liberalibus
1704 4863 1736 4914 ts

447 5073 494 5130 2⁸.
522 5074 553 5122 tn
576 5052 737 5140 inscientia]
765 5070 854 5126 Parta.
872 5097 908 5112 -
929 5071 959 5119 tn
976 5071 1050 5122 settis
1067 5067 1138 5123 ven.
1156 5093 1195 5110 -
1212 5069 1243 5120 tn
1260 5069 1379 5120 sensatis
1397 5070 1495 5122 ceterl.
1544 5067 1591 5126 59.
1610 5062 1693 5120 Tres.

370 5151 403 5197 nt
421 5147 452 5198 tn
468 5151 612 5218 prooemio
630 5161 751 5217 magnae
769 5151 871 5199 orator
889 5143 967 5200 Base.

457 5245 681 5294 sumtuose
696 5247 743 5292 vae
758 5247 818 5290 ua
1383 5215 1423 5280 25
