4434 5959
534 574 599 655 28⁰
1073 580 1309 649 uncturus

534 735 605 781 rum
627 738 713 792 esse,
745 719 773 784 si
801 721 935 803 legerit,
974 720 1159 785 arbitretur.
1202 722 1326 785 Natura
1347 718 1448 805 igitur
1470 740 1576 784 rerum
1598 720 1681 795 lert,
1716 715 1770 796 ut,
1794 720 1850 784 ubi

421 844 427 853 ·
534 811 612 893 qttid
644 812 742 876 maius
764 834 802 877 ae
823 814 923 879 minus
945 827 1009 893 cst,
1047 814 1092 879 ibi
1113 812 1281 877 maximum
1307 834 1436 897 natoque
1458 813 1575 897 aliquid
1597 812 1699 876 inesse
1721 833 1850 876 neccsse

533 903 587 967 n't.
625 904 706 985 *Quo
728 905 786 982 lit,
818 918 853 969 ut
873 906 934 971 nint
954 910 1111 995 quaedam
1131 906 1285 970 maximae
1306 906 1569 988 propositiones,
1608 912 1772 991 quomodo
1794 908 1851 969 mi·

532 1016 630 1061 nores
662 998 861 1084 maioresque
895 1022 963 1065 esse
991 1000 1258 1076 inonstrarimus,
1295 1020 1428 1085 quarum
1460 1013 1572 1064 natrrra
1596 1022 1638 1063 ex
1663 998 1850 1082 simplicium

495 1089 786 1171 'sprnpnsitinuum
806 1092 976 1176 partitione
1001 1098 1149 1159 sumenda
1173 1106 1234 1157 est.
1278 1094 1390 1159 Orunis
1409 1093 1491 1158 enim
1512 1094 1646 1175 simplex
1668 1092 1851 1175 propositio

533 1180 586 1245 vel
605 1180 789 1248 affirmativa
809 1198 857 1248 eat
880 1188 930 1251 vel
951 1188 1118 1273 negativa,
1151 1207 1321 1272 earumque
1345 1187 1424 1250 aliae
1445 1200 1517 1250 sunt
1544 1186 1758 1260 universales,
1797 1198 1850 1249 ut:

533 1274 655 1339 Omnis
673 1276 776 1339 bomo
796 1276 909 1343 iustus
927 1292 1002 1357 est,
1021 1283 1150 1347 Nullus
1174 1284 1276 1344 bomo
1299 1280 1412 1345 iustus
1433 1292 1503 1353 ests
1525 1280 1603 1343 aliae
1626 1279 1854 1362 particulares,

531 1378 589 1430 ut:
627 1368 777 1449 Quidam
798 1372 900 1437 bomo
920 1374 1031 1438 iustus
1050 1386 1118 1450 est,
1155 1365 1430 1457 Quidam'tmmo
1451 1374 1564 1437 iustus
1587 1394 1657 1439 non
1679 1385 1752 1445 ectr
1774 1372 1853 1435 alise

481 1476 488 1491 ·
532 1460 730 1537 indefinitae,
755 1474 813 1526 ut:
836 1468 950 1531 Homo
971 1466 1084 1531 iustus
1098 1478 1164 1542 est,
1187 1470 1303 1531 Homo
1323 1465 1432 1533 lustras
1448 1488 1517 1531 non
1538 1478 1611 1541 est;
1634 1464 1714 1530 aliae
1742 1464 1853 1547 singu·

488 1554 631 1628 solares,
656 1554 816 1639 singulare
837 1558 954 1642 aliquid
976 1574 1070 1647 atque
1097 1560 1290 1624 individuum
1312 1560 1531 1637 continentes,
1553 1571 1610 1623 ut:
1633 1563 1719 1626 Ceto
1739 1557 1853 1623 matus

530 1658 600 1723 eat,
625 1651 712 1713 cuo
730 1652 842 1715 iustus
865 1667 1018 1720 nonest.
1077 1658 1263 1737 Harumque
1284 1652 1422 1717 omnium
1445 1654 1523 1717 aliae
1545 1665 1618 1717 sunt
1640 1652 1847 1728 dubitabiles,

534 1740 615 1804 aliae
635 1741 841 1808 indubitatae.
885 1747 1055 1831 Supremas
1077 1750 1177 1834 igitur
1199 1769 1236 1812 ac
1250 1747 1402 1810 maximas
1423 1747 1664 1829 propositiones
1683 1767 1848 1821 vocamus,

531 1856 613 1920 quiae
634 1848 666 1899 et
687 1838 881 1903 universales
903 1852 1027 1905 suntet
1049 1841 1091 1905 ita
1115 1853 1211 1909 uotae
1236 1854 1330 1925 atque
1353 1841 1555 1916 rrrauilestae,
1593 1851 1630 1904 nt
1655 1838 1847 1924 probatione

530 1948 594 1994 non
616 1940 747 2013 egeant,
784 1952 885 2015 eaqrre
902 1934 1028 2014 potius,
1066 1957 1147 2020 qliae
1169 1936 1200 1999 in
1226 1934 1422 2000 dubitatione
1442 1945 1535 2010 stant,
1569 1936 1721 2017 probent.
1765 1934 1848 1996 uam

489 2040 519 2093 lt
531 2044 611 2107 quae
635 2022 808 2089 indubitata
831 2037 926 2102 sunt,
949 2028 1170 2114 ambiguorum
1185 2026 1461 2093 demonstrationis
1475 2027 1580 2091 solent
1596 2046 1664 2090 esse
1678 2024 1847 2109 principia,

531 2116 632 2201 qtralis
651 2126 719 2180 est:
750 2122 894 2185 Omnem
917 2140 1097 2185 numerum
1118 2121 1170 2185 nel
1190 2142 1313 2203 parem
1332 2142 1404 2184 esse
1424 2122 1478 2183 uel
1491 2120 1676 2202 imparem
1699 2131 1749 2185 et:
1779 2122 1851 2184 Ae·

529 2208 648 2295 puello
665 2211 832 2296 relinqui,
861 2213 893 2276 si
914 2216 1114 2299 aequalibus
1131 2212 1290 2297 nequalia
1310 2212 1558 2284 detrahantur:
1578 2224 1784 2297 ceteraeque,
1808 2215 1849 2277 ds

529 2322 662 2385 qttarum
684 2313 759 2367 nota
782 2305 914 2369 veritate
936 2308 1194 2392 conquaeritur.
1246 2304 1407 2369 Maximae
1428 2304 1546 2387 igitur,
1569 2305 1602 2369 id
1627 2317 1694 2380 est,
1718 2307 1849 2368 unirer·

529 2394 612 2457 sales
633 2415 670 2457 ac
693 2396 872 2461 notissimas
890 2400 1148 2482 propositiones,
1187 2420 1228 2462 en
1250 2398 1366 2481 qiribus
1392 2398 1652 2483 syllogismorum
1683 2400 1849 2463 conclusio

486 2486 709 2565 ypdesceudit,
735 2488 779 2553 'in
803 2492 936 2573 'l'opieis
958 2496 998 2556 ab
1027 2492 1206 2558 Aristotele
1228 2490 1418 2572 conscriptis
1444 2490 1538 2555 locos
1572 2492 1749 2574 appellatos
1777 2514 1848 2556 esse

528 2582 768 2663 perspeximus;
791 2588 878 2668 quod
900 2587 981 2650 euim
1003 2586 1157 2651 mariscae
1177 2597 1266 2660 seint,
1290 2585 1406 2659 idest,
1430 2585 1625 2649 universales
1648 2584 1850 2667 propositio·

529 2686 604 2748 nes,
640 2676 778 2761 reliquas
797 2678 828 2741 in
856 2700 891 2743 se
913 2682 1000 2745 velut
1022 2680 1086 2745 loci
1112 2699 1253 2761 corpora
1280 2678 1551 2758 complectuntur3
1574 2682 1662 2763 quod
1683 2699 1764 2745 vero
1788 2700 1849 2742 no·

528 2764 668 2833 lissimae
691 2782 787 2853 atque
806 2773 990 2837 manifestae
1015 2783 1104 2850 siant,
1141 2773 1235 2835 iidem
1257 2772 1511 2856 qttaestionibus'
1525 2784 1706 2854 praestant,
1744 2790 1849 2854 eoqran

528 2864 624 2925 tundo
648 2863 866 2947 ambiguarum
898 2889 1004 2933 rerum
1038 2866 1200 2930 continent
1224 2865 1446 2947 probationes.
1498 2867 1566 2929 Has
1590 2878 1694 2929 alitem
1723 2864 1850 2946 aliquo·

485 2952 607 3023 uticus
637 2956 763 3040 quidem
794 2960 824 3022 in
857 2960 933 3043 ipsis
969 2958 1163 3045 syllogismis
1196 2971 1292 3040 atque
1325 2957 1648 3042 argumentationibus
1678 2959 1850 3022 inbaercrs

529 3048 759 3131 conspicimusr
784 3053 858 3116 aliis
881 3077 960 3120 vero
983 3056 1013 3118 in
1037 3053 1113 3136 ipsis
1132 3051 1459 3134 argttnrentatiouibus
1483 3051 1607 3115 mininie
1629 3051 1848 3123 continentur,

528 3140 592 3208 vim
619 3154 720 3207 tamen
740 3148 1064 3231 argumentationibus
1083 3144 1337 3209 subministrant:
1374 3157 1427 3221 ut,
1458 3147 1485 3209 si
1507 3148 1847 3215 uelimusostendere,

528 3237 687 3317 Regnum
709 3240 830 3303 melius
850 3263 923 3303 esse
944 3263 1048 3328 priam
1064 3242 1299 3314 consulatum,
1323 3238 1481 3303 dicemuss
1504 3243 1663 3323 Regnum
1681 3260 1790 3323 quum
1804 3238 1852 3301 sit

528 3328 673 3403 bonum,
706 3330 905 3419 diuturnius
933 3346 984 3398 est
1017 3356 1120 3419 priam
1151 3336 1360 3397 conuiuatus.
1418 3337 1527 3400 Omne
1551 3356 1650 3407 uero,
1680 3332 1852 3416 quotiesc

487 3436 519 3489 lt
530 3420 747 3499 diuturnius,
771 3426 895 3490 bonum
913 3428 1033 3491 melius
1054 3439 1106 3491 eat
1127 3449 1187 3503 eo,
1211 3427 1304 3514 puocl
1314 3427 1415 3509 prorui
1430 3439 1480 3491 est
1494 3426 1678 3509 temporis:
1700 3444 1852 3506 regnum

528 3504 639 3599 igitur
660 3519 782 3581 melius
802 3533 854 3583 est
871 3524 1064 3586 consulatu.
1108 3522 1173 3584 Hie
1195 3520 1293 3604 igitur
1311 3522 1445 3583 maxima
1467 3518 1648 3601 propositio
1663 3528 1759 3602 atque
1779 3518 1852 3579 uni·

528 3608 661 3671 versalia
690 3622 721 3671 ct
749 3632 868 3693 perse
896 3614 1025 3699 cognita
1055 3634 1158 3698 neque
1185 3612 1331 3698 indigens
1362 3615 1552 3694 probatione
1581 3609 1851 3697 argumentationi

527 3704 647 3771 inserta
670 3715 729 3769 est.
775 3708 823 3769 Ea
847 3728 924 3771 vero
946 3720 1015 3770 est:
1038 3707 1186 3780 Omnia,
1210 3728 1297 3791 pune
1311 3706 1533 3769 diuturniora
1553 3718 1651 3782 stent,
1674 3706 1767 3767 bona
1779 3726 1853 3766 me·

527 3796 618 3861 liora
636 3819 708 3861 esse
730 3798 792 3876 iis,
823 3814 1011 3884 quaesunt
1035 3800 1200 3883 temporis
1224 3800 1387 3864 breuitate
1400 3801 1605 3863 constricta.
1650 3803 1697 3863 at
1720 3799 1747 3861 si
1767 3798 1853 3860 veli·

485 3910 516 3963 33
529 3910 595 3953 mars
617 3893 802 3967 ostendere,
827 3896 908 3958 Nun
924 3916 998 3958 esse
1013 3894 1185 3970 invidum,
1207 3892 1268 3977 pul
1281 3894 1417 3975 sapiens
1438 3894 1503 3969 sit,
1529 3894 1680 3956 dicimus:
1704 3891 1853 3957 Invidus

526 3994 600 4059 est,
624 3984 684 4070 qui
702 3982 831 4049 plueret
845 3986 1160 4077 nliennselicitater
1181 4006 1250 4049 non
1264 3998 1379 4049 atatem
1399 3986 1538 4069 sopiens
1555 3997 1624 4058 est,
1648 3983 1853 4074 quemfeli·

525 4078 615 4141 citus
633 4078 749 4141 alienu
764 4081 961 4144 contristat:
983 4100 1050 4144 non
1070 4092 1122 4143 est
1144 4080 1255 4163 igitur
1269 4078 1405 4143 invidus
1421 4079 1572 4162 sapiens.
1622 4080 1687 4141 Hle
1713 4079 1852 4142 maxima

527 4169 711 4253 propositio
735 4174 999 4257 argumentationi
1021 4192 1084 4237 non
1107 4174 1235 4235 videtur
1256 4170 1398 4247 inclusa,
1422 4176 1477 4245 sed
1499 4172 1698 4235 extrinsecus
1723 4170 1851 4251 posita,

526 4264 712 4350 syllogismo
744 4278 848 4330 tamen
877 4268 959 4331 vires
988 4264 1159 4331 ministrat.
1204 4267 1295 4329 Haec
1322 4286 1401 4329 vero
1422 4276 1487 4339 est,
1512 4270 1670 4349 Quorum
1691 4264 1853 4327 diuersus

485 4370 606 4429 insunt
627 4354 859 4436 definitiones,
882 4362 1035 4425 diuersas
1055 4382 1129 4424 esse
1143 4360 1364 4424 substantias.
1409 4358 1561 4443 Quisquis
1583 4357 1684 4441 igitur
1703 4360 1757 4421 vel
1770 4358 1854 4421 Ari·

526 4452 649 4515 stotelis
673 4454 796 4517 Graeca
823 4455 870 4516 vel
901 4466 1008 4517 nostra
1031 4456 1071 4515 ab
1096 4452 1271 4517 Aristotele
1296 4452 1446 4514 translata
1470 4450 1594 4532 Topica
1620 4452 1850 4531 perspexerit,

524 4545 581 4607 bas
607 4544 671 4609 illic
703 4545 940 4627 propositiones
970 4549 1061 4610 locos
1093 4545 1230 4608 inveniet
1255 4543 1447 4626 nuncupari,
1486 4563 1567 4628 quae
1597 4553 1670 4607 sunt
1692 4543 1852 4608 maximae

525 4651 620 4721 atque
649 4638 843 4702 universales
875 4651 907 4703 et
938 4641 989 4703 uel
1011 4661 1071 4723 per
1099 4661 1135 4702 se
1160 4636 1358 4703 necessariae
1381 4638 1433 4701 rel
1456 4658 1516 4720 per
1539 4657 1575 4701 se
1599 4636 1787 4718 probabiles
1814 4658 1854 4699 ae

530 4768 785 4785 m*

599 4824 624 4877 2.
647 4823 737 4873 minias
762 4826 821 4882 sat,
850 4818 901 4887 tlt]
935 4821 1011 4873 Elns.
1032 4820 1106 4873 Bas‘.
1142 4846 1180 4863 ·-·
1211 4822 1302 4871 minus
1321 4824 1380 4882 ssl,
1411 4820 1500 4870 etism
1527 4818 1566 4869 tta·
1591 4820 1662 4871 Vsu.
1682 4846 1720 4861 -
1739 4823 1850 4883 muru,

522 4897 608 4947 'etlam
628 4892 668 4945 ill
688 4892 775 4949 Paris.
814 4900 842 4953 8.
864 4892 983 4962 Quidam
1002 4891 1084 4947 borno
1104 4898 1194 4944 tutatus
1211 4900 1331 4944 murat
1350 4891 1412 4945 adul.
1427 4892 1503 4945 Eius.
1520 4892 1589 4946 Ven.
1628 4900 1673 4949 10.
1692 4894 1768 4945 auu
1786 4898 1851 4946 sin·

521 4969 656 5037 gestares,
683 4968 828 5033 singulare
853 4968 972 5039 aliquid]
1004 4968 1136 5025 Orelllus.
1162 4996 1200 5009 -
1227 4968 1302 5018 alias
1326 4967 1476 5035 singulare
1500 4966 1609 5040 alipta&
1625 4966 1703 5021 Eius.
1723 4968 1792 5022 ven.
1813 4994 1851 5010 -

521 5044 596 5095 altae
615 5045 797 5111 stupratores,
831 5044 936 5111 aliquid
955 5047 1043 5097 Parti.
1063 5042 1141 5096 Rasa.
1191 5040 1236 5098 Ql.
1257 5058 1352 5097 rernm
1370 5056 1428 5097 orn.
1448 5043 1526 5097 Elns.
1570 5044 1616 5103 26.
1634 5043 1710 5096 anae
1727 5060 1799 5097 vers
1817 5048 1850 5093 ἐκ

522 5122 591 5187 ipsis
607 5116 716 5193 'paridem
737 5138 802 5189 urg.
825 5118 899 5172 Eius.
921 5116 997 5173 unia.
1039 5117 1083 5179 54·
1104 5119 1146 5171 Ac
1163 5118 1191 5169 al
1210 5120 1296 5173 l’arls.
