4434 5959
548 574 614 642 stt
1094 578 1332 644 BOETHlUS

546 739 626 782 vero
648 712 741 794 illud,
770 738 876 802 aquo
906 719 956 795 id,
995 720 1081 802 quod
1105 730 1154 781 est
1178 718 1378 803 ambiguum,
1416 722 1665 801 comprobatur:
1704 734 1740 785 ιιι
1768 744 1871 804 miram

542 812 728 897 quaeritur,
752 833 789 873 an
812 811 844 874 id
865 812 992 897 qnoque
1015 824 1204 897 argentum,
1228 814 1315 895 quod
1335 811 1367 874 in
1387 810 1567 877 nominibus
1582 816 1753 891 debeatur,
1777 817 1872 901 lega·

455 978 457 983 Ι
546 916 610 968 tum
633 904 687 967 sit.
746 906 810 968 ch
830 904 929 989 igitur
948 906 1024 969 illud
1046 918 1111 981 est,
1146 907 1233 989 quod
1254 905 1432 980 dubitatur:
1463 906 1494 968 in
1518 926 1558 969 eo
1581 928 1680 983 vero,
1711 912 1803 988 quod
1825 913 1870 971 ab

545 1000 612 1089 boq
631 998 758 1072 differt,
790 997 904 1061 loeus:
944 1020 1050 1084 aquo
1073 998 1251 1064 ostenditur
1280 997 1403 1062 minime
1424 999 1563 1085 legatum
1584 1020 1654 1063 esse
1676 1014 1870 1085 argentum,

521 1090 633 1175 §quod
654 1090 684 1153 in
707 1090 887 1187 nominibus
909 1093 1079 1165 debeatur,
1103 1091 1176 1177 quia
1200 1092 1329 1153 multum
1352 1092 1479 1166 differt,
1503 1092 1534 1155 in
1557 1114 1630 1156 area
1653 1115 1693 1157 ue
1713 1095 1756 1158 sit
1778 1096 1874 1179 posi·

546 1194 630 1259 tum,
655 1200 694 1245 an
716 1183 746 1246 in
769 1184 948 1247 nominibus
970 1184 1136 1266 scriptum.
1187 1185 1219 1248 Α
1241 1184 1406 1249 contrario
1429 1206 1559 1270 quoque
1581 1188 1662 1251 idem
1685 1200 1754 1262 est:
1779 1201 1814 1252 nt
1840 1191 1872 1253 in

545 1298 607 1352 eo,
642 1279 729 1361 quod
757 1276 938 1359 quaeritur,
978 1300 1015 1339 an
1039 1277 1237 1341 ususfructus
1258 1299 1359 1359 penus
1383 1279 1507 1362 legatos
1528 1280 1582 1344 sit.
1636 1283 1675 1344 ln
1697 1282 1871 1345 usufructu

544 1370 643 1452 igitur
664 1370 807 1455 quaestio
830 1384 895 1445 est:
918 1373 974 1434 sed
995 1374 1155 1454 probatur
1176 1370 1300 1433 minime
1322 1391 1392 1433 esse
1413 1372 1556 1454 legatus,
1581 1374 1655 1456 qnia
1677 1396 1741 1437 non
1757 1386 1874 1457 potest

546 1484 616 1527 esse
636 1486 711 1527 usus
733 1486 839 1528 carum
861 1486 986 1540 rerum,
1025 1485 1105 1549 quae
1128 1466 1244 1528 utendo
1266 1476 1418 1545 pereunt,
1442 1467 1498 1527 sed
1520 1468 1627 1547 potius
1649 1471 1783 1531 abusus.
1830 1469 1874 1532 In

504 1560 645 1637 toabusn
679 1557 778 1643 igitur
805 1560 896 1621 locus
926 1570 990 1633 cst,
1028 1558 1151 1621 scilicet
1171 1556 1203 1620 in
1225 1558 1328 1621 altero
1350 1558 1609 1636 contrariorum,
1649 1583 1746 1645 quum
1767 1562 1874 1625 fuerit

545 1650 575 1714 in
598 1672 658 1716 usu
680 1651 838 1736 quaestio.
892 1654 947 1717 Ab
969 1651 1121 1715 adiunctis
1144 1651 1237 1714 etiam
1258 1652 1349 1714 locus
1371 1655 1482 1715 eodem
1506 1655 1602 1717 modo
1624 1657 1665 1716 ab
1687 1676 1754 1729 eo,
1778 1657 1872 1740 quod

546 1746 727 1832 quaeritur,
758 1757 945 1831 segregatus
973 1757 1044 1821 est,
1082 1758 1117 1807 ιιι
1137 1747 1167 1807 io
1192 1766 1255 1808 uno
1277 1744 1425 1809 adiuncto
1447 1744 1489 1807 sit
1510 1746 1673 1830 quaestio,
1706 1746 1739 1809 in
1762 1748 1872 1811 altero

546 1861 626 1905 vero
648 1840 691 1905 sit
721 1840 825 1904 locus.
878 1840 959 1902 Nam
982 1860 1077 1924 quum
1100 1850 1287 1924 quaeratur,
1323 1860 1362 1901 an
1384 1842 1553 1902 secundum
1581 1838 1719 1903 mulieris
1741 1842 1872 1904 tabulas

545 1955 702 2018 nunqnam
725 1933 827 2014 capite
849 1932 1018 1995 diminutae
1039 1932 1202 2013 possessio
1223 1934 1333 2006 detur,
1372 1930 1401 1992 in
1425 1933 1487 1993 boc
1509 1933 1653 2015 quaestio
1675 1946 1745 2009 est,
1780 1945 1813 1995 at
1838 1934 1871 1995 ia

504 2028 612 2092 :seius
641 2026 788 2090 adiuncto
821 2026 924 2089 locus.
969 2026 1157 2091 Ostenditnr
1183 2024 1263 2087 enim
1297 2024 1422 2087 minime
1452 2025 1518 2088 dari
1548 2029 1664 2089 debere
1686 2027 1871 2108 possessio·

545 2142 632 2197 nem,
657 2120 727 2204 quia
750 2120 791 2183 sit
812 2120 1012 2201 proximum,
1037 2131 1071 2181 ut
1093 2120 1265 2183 secundum
1288 2140 1458 2199 puerorum
1483 2140 1611 2203 quoque
1633 2130 1728 2201 atque
1751 2140 1870 2183 serro-

544 2236 614 2277 rum
638 2214 760 2277 tabulas
789 2215 947 2277 bonorum
971 2212 1132 2295 possessio
1160 2214 1367 2275 concedatur.
1425 2214 1479 2274 Ab
1503 2212 1761 2275 antecedentibus
1784 2234 1870 2277 vero

544 2306 589 2372 ita
614 2320 663 2371 est
684 2310 792 2381 locus,
817 2319 852 2371 ut
873 2308 1016 2391 quaestio
1039 2306 1131 2369 sitin
1149 2306 1431 2388 consequentibus.
1476 2307 1557 2367 Nam
1580 2308 1667 2388 quod
1688 2306 1868 2387 quaeritur,

527 2458 529 2465 .
546 2423 585 2465 an
605 2401 721 2485 aliquid
744 2400 827 2466 dotis
849 2402 975 2465 nomine
996 2421 1058 2483 pro
1074 2397 1183 2461 liberis
1207 2418 1333 2461 manere
1350 2409 1521 2479 oporteat,
1545 2397 1681 2462 sumitur
1695 2420 1870 2483 argumen-

501 2506 630 2570 tttum,
655 2496 742 2559 nullo
765 2497 859 2559 modo
883 2515 1007 2557 manere
1029 2504 1203 2575 oportere,
1227 2514 1269 2554 ex
1290 2492 1566 2567 antecedentibus,
1591 2495 1678 2577 quod
1695 2492 1755 2554 riri
1769 2494 1870 2575 culpa

541 2591 659 2654 factum
676 2602 722 2654 est
737 2588 925 2663 divortium:
949 2590 1037 2652 locus
1054 2586 1160 2669 itaque
1174 2585 1206 2647 io
1221 2586 1436 2659 antecedenti,
1461 2587 1605 2668 quaestio
1629 2608 1708 2650 vero
1729 2586 1764 2649 in
1785 2609 1869 2651 eon·

542 2684 698 2769 sequenti.
753 2682 967 2749 Consecutum
996 2694 1044 2745 est
1075 2680 1157 2743 enim
1190 2678 1250 2741 viri
1283 2681 1374 2762 culpa
1406 2680 1525 2742 lactruu
1554 2679 1747 2753 divortium,
1786 2680 1869 2743 nibil

543 2782 626 2860 apud
647 2788 768 2859 patrem
790 2798 852 2859 pro
876 2776 984 2839 liberis
1007 2794 1213 2855 permanere,
1246 2794 1340 2855 quum
1365 2772 1424 2836 viri
1448 2775 1541 2854 culpa
1564 2774 1787 2859 praecesserit.
1835 2776 1869 2836 Α

543 2870 810 2955 consequentibus
832 2888 913 2933 vero
935 2868 962 2931 si
985 2868 1025 2931 sit
1047 2877 1286 2952 argumentum,
1309 2887 1381 2941 res,
1413 2888 1493 2951 quae
1515 2858 1615 2930 dubia'
1630 2880 1696 2941 est,
1722 2866 1753 2930 in
1775 2879 1867 2929 ante-

499 2964 726 3030 ”cedentibus
749 2983 817 3027 esse
840 2955 1102 3045 deprehenditur:
1128 2960 1214 3022 velut
1235 2981 1331 3041 quum
1347 2959 1526 3042 quaeritur,
1549 2982 1588 3022 an
1610 2960 1754 3024 divortio
1776 2962 1868 3025 lacto

542 3081 613 3122 cum
636 3078 696 3133 eo,
719 3078 789 3119 cum
812 3078 877 3140 quo
900 3054 1091 3119 connubium
1114 3074 1177 3115 non
1200 3065 1295 3125 erat,
1314 3052 1398 3116 dotis
1420 3054 1546 3115 nomine
1568 3054 1686 3135 aliquid
1701 3074 1764 3135 pro
1782 3053 1867 3116 libe·

542 3154 586 3215 ris
606 3170 731 3213 manere
751 3161 914 3231 oporteat.
954 3148 1012 3212 -Fit
1036 3158 1257 3229 argumentum
1279 3144 1344 3209 sie:
1371 3146 1553 3231 siquiden
1574 3150 1649 3210 dote
1667 3168 1730 3228 pro
1752 3148 1867 3211 liberis

542 3265 668 3308 manere
691 3252 874 3326 oporteret,
899 3241 973 3328 quia
996 3254 1116 3322 patrem
1140 3238 1231 3302 liberi
1253 3249 1480 3322 sequerentur:
1504 3262 1574 3302 cum
1596 3261 1637 3305 eo
1659 3253 1757 3323 nupta
1780 3254 1867 3305 esset

542 3337 672 3411 mulier,
704 3336 829 3420 quicum
853 3335 1002 3399 connubii
1026 3335 1073 3397 ius
1096 3344 1192 3396 esset.
1237 3333 1300 3394 Hic
1321 3336 1510 3395 antecedens
1541 3345 1609 3395 est:
1647 3335 1795 3421 Siquid
1817 3358 1866 3397 ex

500 3440 532 3489 tt
542 3430 621 3493 dote
651 3450 718 3511 pro
743 3428 861 3491 liberis
894 3450 1031 3491 manere
1058 3436 1248 3509 oporteret3
1280 3437 1313 3489 et
1340 3426 1372 3488 in
1404 3448 1443 3490 eo
1476 3428 1640 3508 quaestio,
1678 3449 1719 3489 an
1741 3426 1867 3510 aliquid

543 3542 668 3585 manere
689 3532 859 3602 oporteat:
897 3541 1096 3605 consequens
1120 3540 1217 3583 vero:
1253 3540 1332 3582 cnm
1356 3543 1398 3582 co
1423 3522 1546 3583 mulier
1571 3533 1695 3603 ncepta,
1724 3521 1867 3604 quicum

541 3614 702 3694 connubii
719 3614 774 3677 ius
794 3626 901 3686 esset:
923 3636 939 3676 a
962 3634 1027 3699 quo
1050 3613 1185 3677 sumitur
1206 3625 1442 3697 argumentum,
1467 3614 1584 3689 idest,
1608 3615 1864 3697 aeonsequenti.

542 3711 625 3773 Nam
649 3730 743 3793 quom
767 3707 964 3771 manifestum
987 3706 1044 3782 sit,
1067 3728 1131 3771 non
1154 3728 1223 3769 cum
1247 3727 1377 3770 coesse
1399 3720 1547 3787 nuptam,
1571 3730 1642 3771 cum
1658 3729 1725 3793 quo
1739 3730 1866 3773 connu-

542 3802 585 3867 bii
606 3802 654 3867 ius
676 3812 763 3876 erat,
803 3802 999 3875 ostenditur,
1035 3802 1122 3883 quod
1145 3800 1269 3862 minime
1290 3812 1413 3881 patrem
1436 3802 1528 3864 liberi
1550 3814 1741 3884 sequantur,
1766 3816 1864 3886 atque

499 3898 663 3963 tsidcirco
692 3896 769 3959 nibil
796 3916 858 3977 pro
887 3893 995 3958 liberis
1029 3914 1156 3958 manere
1185 3905 1351 3975 oportere.
1412 3896 1474 3957 Hic
1507 3895 1606 3981 igitur
1633 3916 1685 3960 res
1716 3898 1861 3981 quidem,

449 3988 454 3999 '
542 4012 622 4077 quae
645 3990 827 4063 dubitatur,
851 3988 883 4051 in
906 3989 1100 4052 antecedenti
1123 3997 1188 4062 est,
1212 3988 1244 4049 in
1266 4008 1306 4051 eo
1328 3988 1464 4062 scilicet,
1488 4012 1525 4051 au
1549 4009 1590 4051 ιιι
1613 3992 1687 4053 dote
1703 4010 1766 4071 pro
1782 3988 1865 4051 libe·

540 4086 585 4149 ris
607 4104 733 4148 manere
756 4082 874 4168 aliquid
897 4094 1062 4165 oporteat:
1100 4092 1319 4164 argumentum
1344 4104 1420 4145 vero
1442 4084 1474 4145 in
1496 4105 1536 4147 eo
1558 4084 1650 4160 loco,
1685 4082 1740 4166 qui
1760 4094 1808 4146 est
1831 4082 1862 4145 is

541 4176 828 4262 consequentibus,
852 4175 971 4251 idest,
996 4176 1028 4239 in
1051 4175 1198 4251 muliere,
1223 4197 1305 4259 quac
1327 4190 1422 4257 nupta
1445 4190 1493 4239 est
1513 4198 1584 4239 cum
1607 4200 1670 4253 eo,
1693 4199 1766 4239 cum
1793 4197 1862 4259 quo

540 4272 624 4335 nulla
647 4282 739 4334 erant
757 4269 828 4334 iura
851 4270 1012 4335 connubii.
1056 4270 1087 4333 A
1109 4269 1360 4353 repugnantibus
1387 4271 1479 4333 etiam
1503 4272 1650 4354 quotiens
1673 4281 1864 4353 argumenta

499 4380 531 4430 to
542 4376 724 4440 sumuntur,
758 4384 811 4427 res
839 4365 964 4447 quiden:
993 4364 1088 4427 dubia
1117 4364 1147 4426 io
1178 4364 1282 4426 altero
1310 4365 1518 4447 repugnanti,
1555 4364 1588 4428 iu
1619 4368 1757 4428 adverso
1783 4382 1862 4425 reru

540 4459 632 4522 locus
655 4468 703 4521 est
722 4458 923 4542 argumenti:
959 4469 992 4521 ιιι
1014 4478 1110 4542 quum
1133 4456 1317 4541 quaeritur,
1348 4478 1385 4519 an
1410 4459 1512 4540 possit
1532 4459 1630 4522 invita
1652 4458 1766 4521 mirlier
1787 4458 1862 4518 red·

541 4553 616 4616 dere
644 4552 803 4636 legatum,
841 4554 928 4635 quod
956 4564 1043 4615 necte
1071 4560 1259 4613 testamento
1281 4552 1377 4614 semel
1399 4554 1534 4634 accepit.
1592 4556 1701 4616 Locos
1722 4574 1741 4614 a
1763 4572 1863 4633 repn-

542 4643 670 4731 gnanti:
694 4642 820 4707 minime
842 4666 939 4728 posse
961 4644 1090 4710 inritam
1106 4646 1258 4721 reddere,
1282 4649 1370 4727 qnod
1384 4657 1474 4709 recte
1490 4648 1661 4729 acceperit.
1705 4645 1863 4725 Quaestio

541 4738 640 4823 igitur
662 4748 710 4801 est
728 4736 760 4800 in
783 4758 843 4815 eo,
875 4741 963 4822 quod
984 4737 1175 4823 intelligitur
1196 4738 1328 4802 invitam
1350 4742 1500 4815 reddere,
1538 4750 1758 4826 argumentum
1783 4760 1863 4804 vero

497 4850 529 4899 :s
541 4829 572 4894 in
594 4830 697 4895 altero
718 4830 933 4915 repugnanti,
970 4830 1002 4894 id
1023 4842 1093 4907 est,
1126 4831 1158 4895 in
1180 4854 1239 4905 eo,
1271 4836 1358 4918 quod
1380 4833 1566 4918 intelligitur
1587 4844 1675 4897 reete
1698 4833 1859 4915 accipere.

540 4926 670 5009 Pugnat
696 4923 779 4988 enim
814 4923 942 4987 insitam
971 4927 1104 4988 reddere
1127 4935 1159 4988 et
1182 4937 1268 4991 recte
1291 4927 1461 5009 accipere:
1496 4926 1553 4991 sed
1574 4925 1718 5012 quaestio
1740 4925 1773 4989 in
1797 4946 1861 4991 uno

540 5038 651 5082 eorum
674 5028 738 5095 est,
765 5018 855 5082 loeus
876 5018 906 5081 in
929 5018 1043 5081 altero.
1098 5019 1255 5098 Quotiens
1278 5040 1356 5085 vero
1378 5040 1396 5081 a
1418 5020 1521 5083 carreis
1543 5020 1749 5085 efficientibus
1771 5020 1860 5083 duci·

541 5121 594 5177 ιιιι·
615 5122 853 5198 argumentum,
878 5110 1095 5198 quaestionem
1116 5111 1149 5176 in
1170 5112 1292 5180 enectis
1313 5134 1384 5180 esse
1397 5134 1528 5181 neccsse
1548 5126 1617 5195 est,
1640 5124 1675 5180 ιιι
1694 5111 1729 5179 in
1750 5134 1859 5179 exen-
