4434 5959
962 587 1054 653 LIB.
1076 585 1144 650 VI.
1647 586 1714 650 381*

382 725 468 788 nire.
511 726 627 790 Labor
647 725 768 810 qnippe
790 729 890 792 omnis
911 726 1100 792 iniucundus
1123 738 1188 802 est,
1225 724 1358 790 iucunda
1381 737 1428 790 est
1449 725 1596 791 facilitas.
1640 729 1710 790 Ne-

386 819 526 884 cessaria
548 820 640 884 etiam
663 842 728 885 non
750 823 936 887 necessariis
963 821 1080 905 partim
1102 821 1281 903 praeferri,
1303 823 1420 903 partim
1443 821 1534 884 etiam
1558 820 1709 904 postponi

388 915 524 978 debent:
562 917 648 998 quod
676 917 729 978 M.
753 918 879 980 Tullius
909 917 1019 980 tacuit.
1073 915 1263 979 Necessaria
1286 915 1404 1000 qnippe
1426 914 1649 999 praeferuntur
1671 913 1707 976 iis

386 1029 454 1072 non
475 1008 680 1084 necessariis,
705 1030 784 1092 qnae
806 1032 870 1074 non
892 1011 970 1075 boni
989 1009 1133 1086 ratione,
1157 1011 1212 1072 sed
1235 1009 1407 1092 voluptatis
1430 1008 1623 1091 appetitione
1637 1019 1710 1071 sunt

387 1102 580 1177 constituta;
603 1103 704 1165 veluti
725 1104 803 1166 lium
823 1104 917 1189 regio
938 1115 1050 1186 parata
1072 1090 1218 1166 convivia
1241 1104 1343 1166 nullus
1366 1103 1490 1185 sapiens
1510 1102 1627 1166 iudicet
1641 1122 1734 1168 esses

388 1194 523 1258 meliora
545 1195 605 1271 iis,
637 1217 718 1280 quae
739 1209 869 1261 naturae
891 1200 1038 1281 expleant
1064 1195 1283 1281 indigentiam.
1330 1197 1492 1276 Quaedam
1514 1216 1594 1260 vero
1616 1208 1706 1273 sunt,

388 1309 470 1372 quae
490 1289 561 1371 ipsa
579 1282 687 1370 speeie
712 1291 807 1365 boni,
847 1312 942 1375 quum
965 1289 1143 1354 necessaria
1168 1311 1232 1353 nou
1249 1289 1329 1364 sint,
1356 1289 1485 1354 meliora
1506 1301 1578 1352 strat
1600 1313 1709 1354 neces-

387 1381 504 1445 sariis:
535 1384 618 1446 Nam
639 1387 748 1447 virere
769 1385 981 1448 necessarium
1002 1394 1052 1446 est
1072 1394 1105 1446 et
1128 1381 1194 1446 sine
1210 1403 1249 1446 eo
1265 1383 1435 1447 subsistere
1451 1383 1562 1446 animal
1577 1386 1708 1470 neqnit;

386 1476 611 1558 philosophari
632 1499 712 1542 vcro
734 1499 798 1542 non
816 1491 868 1541 est
889 1477 1117 1542 necessarium:
1152 1477 1261 1540 melius
1292 1487 1395 1541 tamen
1418 1478 1578 1560 longeque
1602 1481 1708 1542 excel-

387 1569 503 1632 lentius
525 1580 573 1634 est
595 1572 819 1655 philosophum
841 1574 971 1648 vivere,
996 1592 1088 1654 qnam
1110 1581 1230 1633 tantum
1254 1568 1375 1634 vivere.
1419 1570 1504 1633 Illud
1529 1571 1611 1632 cuitu
1633 1594 1707 1638 raro
1721 1589 1751 1639 tt

387 1663 562 1746 paucisque
582 1664 677 1728 etiam
697 1666 856 1730 utentibus
877 1667 1001 1730 ratione
1023 1685 1228 1738 eoncessum,
1252 1664 1328 1727 illud
1346 1665 1520 1747 pecudibus
1542 1686 1708 1732 commuue

389 1756 567 1819 nobiscum.
627 1759 692 1821 Sua
713 1779 842 1842 quoque
865 1759 974 1822 alienis
997 1759 1068 1821 iure
1086 1757 1220 1822 meliora
1243 1778 1310 1820 esse
1333 1760 1501 1830 dicuntur,
1528 1761 1626 1822 veluti
1648 1764 1708 1827 bo·
1755 1829 1760 1834 ,

243 1812 282 1900 ⁵.
390 1849 525 1913 minibus
549 1850 631 1915 ratio
653 1851 780 1934 potius,
814 1874 908 1937 quam
930 1850 1105 1933 voluptatis
1128 1851 1300 1932 appetitio:
1338 1853 1416 1916 illud
1438 1852 1518 1915 enirn
1543 1855 1708 1936 proprium

389 1954 440 2006 cst
458 1943 617 2020 bominis,
653 1945 732 2008 illud
760 1945 909 2010 alienum.
965 1949 1052 2011 Rara
1084 1965 1213 2028 qttoqnc
1245 1947 1429 2030 vulgaribus
1460 1945 1590 2010 meliora
1616 1960 1706 2012 sunt:

387 2045 486 2120 atque
499 2037 550 2100 bic
566 2039 658 2102 locus
673 2041 833 2120 approbat
854 2040 907 2116 id,
931 2041 1019 2125 quod
1039 2037 1184 2120 superius
1200 2038 1316 2101 dietum
1336 2052 1405 2116 est,
1429 2039 1705 2121 philosophantem
1720 2059 1750 2107 ts

389 2130 488 2193 vitam
510 2130 579 2213 ipsa
601 2131 666 2196 vita
688 2153 758 2196 esse
780 2133 966 2207 meliorem3
1001 2153 1072 2193 nam
1095 2149 1175 2213 quae
1197 2152 1270 2194 rara
1292 2146 1382 2209 strat,
1419 2133 1511 2196 laeile
1533 2132 1583 2208 id,
1621 2140 1709 2219 quod
1821 2161 1826 2166 ·

388 2225 525 2306 vulgare
546 2237 612 2300 est,
637 2228 838 2289 antecedunt.
894 2224 1126 2290 Desiderabilia
1148 2223 1322 2318 etiamliis,
1346 2228 1467 2310 quibus
1484 2227 1576 2289 facile
1599 2250 1708 2295 carere

386 2320 512 2397 possis,
548 2317 602 2380 illa
630 2339 681 2380 res
703 2321 862 2400 approbat
890 2341 959 2383 esse
981 2319 1130 2392 meliora,
1169 2321 1255 2399 quod
1277 2321 1412 2385 maxime
1436 2321 1655 2386 desiderantur
1677 2336 1711 2388 et

387 2411 456 2474 sine
474 2412 523 2474 bis
545 2411 637 2474 anxia
661 2410 724 2474 vita
746 2424 813 2487 est,
838 2413 955 2489 veluti,
988 2411 1106 2495 siquis
1128 2410 1248 2494 capillis
1270 2411 1370 2474 vistim
1393 2415 1557 2477 conterat:
1582 2417 1709 2501 aegrius

391 2505 474 2567 enim
497 2506 670 2569 toleramus
692 2526 802 2569 carcre
824 2506 895 2570 risu
916 2528 1008 2589 quam
1030 2503 1173 2585 capillis,
1197 2516 1291 2588 atque
1315 2527 1356 2568 ex
1376 2507 1440 2569 boc
1462 2507 1622 2572 meliorem
1639 2517 1755 2576 esse20.

389 2597 493 2660 νίειιπι
514 2599 636 2681 capillis
659 2599 849 2676 iudicamus,
874 2603 961 2683 quod
982 2599 1031 2662 bis
1051 2596 1168 2669 facile,
1192 2591 1249 2662 illo
1272 2618 1374 2680 aequo
1397 2599 1500 2662 animo
1516 2605 1626 2665 carere
1644 2626 1708 2669 non

388 2710 572 2770 possumus.
631 2691 781 2754 Perfecta
802 2693 892 2755 etiam
914 2691 1111 2774 imperfectis
1133 2691 1318 2755 naturaliter
1343 2693 1520 2765 excellunt;
1551 2693 1602 2756 illa
1625 2698 1708 2760 enim

389 2802 479 2845 snam
499 2783 637 2846 formam
659 2785 772 2866 adepta
793 2798 884 2860 sunt,
921 2786 976 2849 illa
997 2785 1135 2848 minime.
1205 2786 1288 2848 Tota
1317 2785 1408 2848 etiam
1431 2786 1573 2866 partibus
1596 2791 1708 2852 eodem

389 2879 487 2941 modo
509 2877 734 2941 excellentiora
756 2899 826 2942 esse
847 2880 1052 2943 arbitramur.
1096 2881 1178 2941 Nam
1201 2879 1287 2961 quod
1308 2890 1409 2942 totum
1432 2889 1498 2954 cst,
1532 2881 1627 2943 babet
1652 2905 1709 2946 na-

390 2982 483 3034 tnrae
504 2973 670 3054 propriam
691 2974 846 3050 sormam
881 2976 967 3058 quod
995 2994 1074 3037 vcro
1102 2993 1176 3053 pars
1200 2985 1246 3035 est
1268 2984 1298 3035 et
1320 2974 1360 3035 ad
1380 2973 1477 3036 totius
1501 2971 1611 3038 nititur
1632 2983 1751 3057 per-2⁵

390 3065 583 3139 sectionem,
614 3068 752 3129 nondum
774 3087 850 3129 suae
879 3067 1121 3148 pulchritudinis
1152 3065 1288 3148 speciem
1316 3066 1426 3148 cepit,
1464 3065 1524 3129 nisi
1549 3071 1589 3130 ad
1611 3069 1708 3132 totins

390 3158 607 3241 integritatem
641 3161 811 3224 referatur.
866 3162 934 3224 lam
963 3184 1044 3226 vero
1070 3160 1193 3224 ratione
1222 3161 1340 3224 utentia
1369 3160 1501 3224 rationis
1522 3162 1711 3241 expertibus.

389 3254 494 3315 nullus
516 3254 639 3316 dubitat
659 3277 728 3318 esse
749 3255 894 3320 meliora.
947 3254 1141 3319 Voluntaria
1163 3275 1291 3339 ottoque
1320 3253 1506 3318 necessariis
1527 3253 1596 3318 iure
1620 3267 1708 3320 aute-

387 3358 570 3428 ponuntur;
606 3369 677 3408 nam
699 3369 779 3430 quae
802 3349 980 3415 voluntaria
1010 3361 1108 3422 sunt,
1139 3348 1238 3412 libera
1267 3361 1367 3426 stent,
1407 3369 1487 3433 quae
1510 3349 1705 3426 neccssaria,

387 3443 526 3525 quodam
549 3461 607 3505 nos
630 3442 730 3505 veluti
753 3444 893 3507 dominio
915 3441 1109 3508 necessitatis
1132 3444 1327 3526 astringunt:
1364 3454 1459 3525 atque
1481 3439 1552 3506 ideo
1576 3445 1707 3508 meliora
1719 3457 1750 3507 3⁰

386 3555 458 3598 csse
479 3536 657 3599 voluntaria
680 3537 868 3600 necessariis
889 3536 1115 3601 existimamus.
1161 3535 1357 3618 Quamquam
1379 3535 1412 3597 in
1430 3535 1494 3598 boc
1515 3535 1608 3598 etiam
1630 3537 1708 3602 illud

386 3627 520 3713 intelligi
558 3629 678 3711 possit,
715 3632 801 3714 quod
837 3653 856 3693 a
884 3631 976 3695 nobis
1007 3629 1151 3711 superius
1182 3628 1299 3692 dictum
1335 3640 1400 3704 est,
1440 3649 1503 3690 non
1532 3631 1708 3694 necessaria

390 3743 489 3804 saepe
510 3723 694 3787 necessariis
716 3724 883 3808 anteponi,
922 3727 1049 3810 quando
1078 3723 1203 3808 quidem
1226 3744 1279 3799 ea,
1317 3742 1397 3808 quae
1420 3722 1597 3786 voluntaria
1616 3737 1709 3800 strnt,

389 3837 455 3881 non
497 3828 570 3880 sunt
617 3819 820 3895 neccssaria,
877 3817 1055 3883 voluntaria
1092 3838 1171 3880 vero
1207 3820 1340 3886 meliora
1385 3825 1457 3880 siret
1499 3818 1705 3881 necessariis:

390 3931 456 3975 non
490 3912 667 3974 necessaria
711 3912 810 3997 igitur
848 3934 944 3995 saepe
982 3910 1167 3974 necessariis
1202 3913 1375 3975 excellunt.
1441 3907 1588 3972 Animata
1626 3921 1751 3994 quo-³5

390 4027 455 4091 qne
486 4005 662 4070 inanimatis
689 4006 789 4090 ipsius
818 4007 912 4071 animi
943 4005 1146 4090 vegetatione
1175 4005 1374 4068 considerata
1399 4005 1617 4083 anteponenda
1639 4026 1708 4069 esse

388 4099 475 4164 ratio
495 4102 684 4180 persuadet3
721 4103 873 4165 naturalia
906 4101 999 4164 etiam
1026 4119 1089 4160 non
1112 4099 1305 4162 naturalibus
1328 4109 1360 4161 et
1382 4093 1552 4160 artificiosa
1574 4095 1708 4161 inartifi-

391 4192 507 4258 ciosisa
545 4192 745 4276 optimusque
778 4195 830 4257 bic
851 4196 967 4280 gradus
989 4205 1055 4270 est,
1094 4205 1129 4256 ut
1149 4206 1291 4256 naturam
1314 4194 1390 4268 arti,
1423 4205 1521 4258 artem
1543 4192 1707 4272 praeferas

390 4285 541 4360 inertiae3
584 4307 637 4350 ars
658 4287 776 4372 qnippe
796 4288 935 4352 imitatur
964 4299 1118 4352 naturam.
1176 4287 1249 4366 Quo
1271 4287 1325 4363 lit,
1361 4299 1395 4351 ut
1417 4287 1470 4364 id,
1509 4288 1598 4373 quod
1619 4287 1651 4350 iu
1673 4307 1707 4350 se

388 4381 505 4446 retinet
526 4381 673 4462 pnlebri,
697 4403 738 4444 ex
758 4394 869 4446 natura
892 4383 1014 4459 veniat,
1037 4383 1128 4445 errius
1149 4380 1267 4443 imitari
1288 4381 1424 4465 speciem
1447 4379 1547 4466 eupit.
1591 4381 1707 4464 Longe
1718 4401 1750 4450 tt

388 4471 472 4539 vero
493 4487 654 4556 postrema
677 4488 767 4553 sunt,
802 4498 902 4562 quae,
940 4497 1036 4561 qurum
1058 4474 1193 4538 artificio
1216 4487 1358 4551 careant,
1392 4497 1454 4540 non
1477 4474 1583 4558 speeie
1605 4475 1707 4538 solum

388 4582 538 4642 naturae,
563 4592 673 4633 vertam
695 4571 786 4635 etiam
809 4575 850 4634 ab
871 4571 1046 4636 imitatione
1069 4568 1246 4633 discedunt.
1291 4573 1398 4653 Atque
1419 4573 1499 4636 baec
1521 4569 1646 4651 qrridem
1669 4569 1708 4630 de

388 4665 497 4746 specie
525 4664 557 4726 in
585 4665 875 4746 comparationibus
905 4666 1157 4729 considerantur.
1217 4664 1279 4726 Vis
1301 4677 1402 4728 autem
1425 4665 1456 4728 iu
1480 4685 1519 4730 eo
1543 4661 1706 4738 consistit,
1791 4719 1796 4736 ,

388 4757 424 4822 io
436 4779 502 4843 quo
513 4759 751 4839 consideratur,
770 4760 846 4843 quid
860 4781 920 4822 una
932 4779 1074 4844 quaeque
1085 4779 1138 4822 res
1149 4757 1250 4840 possit
1266 4758 1409 4832 efficerea
1426 4779 1494 4822 nam
1510 4759 1597 4841 qttod
1612 4775 1708 4839 qnae-

390 4873 455 4936 que
476 4873 528 4915 res
547 4865 674 4934 potest,
714 4875 750 4918 ca
782 4853 830 4916 vis
852 4854 919 4918 eius
940 4853 1114 4918 rectissime
1137 4853 1262 4914 dicitur.
1320 4851 1473 4916 Efficiens
1494 4851 1593 4934 igitur
1614 4865 1750 4914 cansats

389 4945 575 5030 graviorem
598 4947 661 5011 vitn
683 4949 778 5011 babet
800 4969 893 5033 qnam
916 4970 971 5024 ea,
1006 4967 1086 5032 qnae
1108 4945 1185 5009 nibil
1208 4945 1322 5021 efficit,
1347 4945 1432 5008 velut
1455 4944 1573 5008 artilex
1595 4941 1708 5006 melior

390 5052 440 5103 cst
464 5062 556 5123 quam
579 5041 728 5106 materia:
750 5042 805 5105 illa
827 5042 944 5126 qtaippe
967 5042 1081 5105 stolida
1103 5052 1150 5106 est
1172 5052 1264 5124 atque
1287 5040 1416 5104 immota
1437 5061 1496 5102 nec
1511 5037 1628 5123 aliquid
1642 5037 1708 5100 cffi-

391 5133 498 5212 ciens,
522 5134 581 5199 nisi
609 5136 744 5202 formam
774 5138 814 5200 ab
848 5135 991 5214 artifice,
1022 5133 1054 5197 id
1075 5145 1141 5214 est,
1166 5137 1206 5198 ab
1229 5133 1380 5198 efficiente
1403 5155 1497 5208 causa
1518 5131 1707 5216 susceperit.
