4434 5959
930 624 1022 687 LlB.
1044 625 1075 688 1.
1593 630 1651 691 1⁰1

349 758 541 835 retineatur,
574 759 690 821 nnllam
718 780 852 841 poenam
879 764 1008 825 subesse
1037 759 1195 828 retinenti.
1237 761 1349 847 Itaque
1371 766 1421 826 hle
1444 764 1662 848 inductionem

349 863 456 935 potest
474 851 581 915 lacere
598 864 764 915 accersatur
782 853 859 929 ille,
892 854 946 934 qui
969 865 1079 917 contra
1103 856 1285 918 senteutiam
1308 857 1387 939 legis
1408 858 1524 940 scripta
1546 858 1659 925 desem.

349 949 412 1021 dil;
435 957 467 1007 el
486 945 717 1008 similitudinem
735 968 799 1010 non
822 957 911 1009 extra
930 968 1071 1019 caussam,
1094 952 1151 1010 sed
1170 970 1210 1011 cx
1236 954 1341 1011 eadem
1364 972 1457 1013 carisa
1482 950 1569 1013 lacit,
1604 949 1650 1024 Si,

348 1039 469 1121 inqiut,
502 1038 739 1119 Epaminondas
760 1038 806 1115 id,
838 1042 924 1122 qnod
942 1038 985 1101 ait
1003 1038 1083 1121 legis
1099 1040 1288 1121 scriptorem
1315 1042 1479 1116 sensisse,
1492 1045 1530 1103 ad
1553 1044 1651 1124 legem

349 1134 413 1195 suis
430 1130 541 1195 verbis
563 1132 672 1204 addat,
695 1131 814 1207 idest,
838 1135 1044 1194 darnnaudum
1070 1154 1157 1207 esse,
1182 1136 1234 1215 epu
1259 1134 1430 1197 exercitum
1448 1157 1511 1199 nou
1537 1138 1683 1209 tradens.

348 1234 480 1305 praeter
489 1231 587 1296 eunt,
609 1222 666 1305 qui
684 1222 730 1284 rei
752 1223 896 1304 publicae
917 1246 1009 1288 cattsa
1032 1226 1214 1299 retinuerit;
1245 1228 1305 1289 boc
1326 1226 1353 1289 si
1374 1230 1480 1303 addat,
1504 1228 1654 1310 numquid

348 1315 415 1398 pati
440 1315 603 1396 potestis?
645 1318 719 1379 Non
750 1316 877 1398 opinor.
921 1317 1044 1381 Deinde
1076 1316 1103 1381 si
1136 1320 1197 1384 hoe
1227 1320 1305 1385 idem
1333 1321 1397 1405 legi
1429 1318 1566 1382 additum
1594 1342 1652 1383 vos
1690 1354 1694 1371 ·

349 1421 456 1471 vestra
487 1407 674 1473 atteteritate
704 1411 744 1472 ad
764 1411 917 1491 populum
936 1410 1067 1484 feratis,
1096 1410 1246 1492 numquid
1272 1414 1302 1474 id
1330 1413 1467 1495 populus
1491 1411 1651 1493 patietur?

349 1504 424 1565 Non
454 1501 605 1583 patietur.
656 1504 765 1586 Ergo,
802 1503 923 1585 inquit,
956 1506 1042 1587 quod
1075 1503 1147 1565 addi
1179 1508 1216 1566 ad
1248 1506 1348 1589 legem
1381 1528 1438 1587 per
1468 1510 1563 1569 verba
1587 1527 1658 1569 non

349 1607 475 1676 potest,
498 1594 531 1658 id
551 1606 705 1677 tamquam
727 1594 861 1659 additum
886 1595 944 1671 sit,
968 1593 1057 1693 sequi
1080 1617 1144 1661 non
1170 1597 1302 1661 debetis.
1346 1599 1486 1678 Quod
1462 1622 1506 1673 st,
1530 1599 1651 1681 inquit,
1663 1612 1696 1659 m

348 1687 534 1749 sententiam
555 1688 723 1768 scriptoris
745 1709 846 1770 neque
869 1678 1102 1792 Epaminondae
1125 1711 1225 1773 neque
1251 1688 1363 1754 vestris
1388 1691 1486 1753 literis
1509 1692 1650 1754 videmus

350 1778 460 1863 colligi
477 1800 591 1860 posse,
629 1781 728 1870 nttrlto
751 1781 849 1863 magis
871 1781 948 1843 illud
969 1801 1004 1843 re
1025 1780 1093 1861 ipsa
1117 1794 1148 1844 et
1176 1782 1290 1847 iudicio
1323 1796 1429 1847 vestro
1452 1786 1565 1846 nuttari
1586 1806 1649 1846 non

348 1885 472 1956 potest,
494 1875 580 1956 quod
601 1894 640 1935 ne
665 1876 765 1937 verbo
784 1874 909 1958 qttidem
926 1872 1039 1935 mutari
1064 1884 1182 1953 polest.
1225 1877 1346 1939 Verum
1366 1878 1428 1937 boc
1449 1876 1530 1939 seire
1555 1878 1650 1939 debe·

348 1977 437 2041 mus,
459 1966 492 2029 in
519 1966 653 2049 dialogis
671 1988 847 2031 sermonem
869 1987 956 2041 esse,
982 1986 1046 2027 non
1068 1965 1251 2041 dictionem
1274 1967 1440 2032 dictionem
1459 1981 1560 2033 etitem
1580 1992 1664 2033 esse,

350 2060 490 2123 oratoris
508 2058 540 2123 in
561 2058 706 2123 civilibus
721 2059 834 2123 causis.
878 2058 1003 2122 Idcirco
1025 2069 1126 2122 autem
1143 2059 1208 2123 ait:
1231 2062 1302 2124 Aut
1323 2064 1423 2124 aliter
1440 2064 1502 2125 boe
1519 2063 1555 2125 in
1577 2084 1648 2125 scr·
1662 2073 1696 2137 ιι,Ι

350 2174 449 2215 mone
468 2162 569 2235 atqtte
593 2152 629 2213 in
657 2152 799 2216 dicendo
828 2152 873 2214 sit
895 2151 1069 2214 utendum.
1128 2152 1261 2225 Sermo,
1297 2154 1497 2235 pbilosophi;
1534 2154 1647 2229 dictio,

349 2244 512 2311 oratoris:
542 2245 769 2309 orationalem
793 2255 947 2326 potestet
971 2243 1188 2327 addialogurn
1212 2246 1401 2321 convenire,
1436 2248 1463 2310 si
1481 2248 1519 2309 sit
1542 2248 1649 2329 paullo
1680 2241 1696 2279 ¹³

349 2338 544 2420 splendidior
573 2338 733 2401 elocutio:
769 2337 933 2420 proprium
969 2349 1070 2400 tamen
1107 2339 1245 2402 oratoris
1278 2351 1336 2403 est.
1387 2341 1508 2403 Deinde
1540 2355 1649 2405 notare

350 2436 498 2497 debemus
523 2453 631 2495 ornnes
650 2431 850 2514 magistratus
872 2442 1038 2511 praetores
1060 2433 1252 2538 appellatos;
1275 2445 1309 2494 ut
1329 2435 1400 2495 hies
1433 2434 1533 2517 Quod
1557 2438 1650 2515 Epa-

350 2524 530 2588 minondas
552 2526 791 2587 Thebanorum
804 2535 991 2605 imperator
1015 2524 1059 2596 ei,
1077 2525 1144 2607 qui
1168 2526 1232 2587 sibi
1258 2548 1305 2587 ear
1324 2528 1398 2609 lege
1411 2538 1554 2609 praetor
1573 2548 1649 2589 sue-
1659 2543 1691 2591 ct

348 2629 530 2681 cesserat.
590 2639 734 2701 ,rqutun
756 2617 943 2698 imperatori
964 2620 1133 2680 succedere
1155 2622 1264 2681 debeat
1286 2619 1469 2701 imperator.

431 2660 662 2775 Retioeiuittio
685 2722 737 2773 est
758 2710 870 2774 oratio
897 2710 1045 2792 scripse
1070 2734 1107 2774 re
1131 2713 1307 2794 probabile
1335 2714 1467 2819 cliqttid
1491 2682 1646 2787 eliciens,

349 2805 440 2888 quod
451 2804 647 2885 expositum
670 2816 703 2867 et
722 2826 787 2886 per
810 2824 847 2865 se
861 2803 1035 2883 cognitum
1051 2826 1121 2867 suo
1137 2826 1171 2867 sc
1192 2807 1223 2867 υἱ
1243 2818 1276 2868 et
1297 2807 1429 2868 ratione
1452 2806 1648 2886 confirmet]

350 2896 667 2981 Argtrmentationum
688 2901 768 2960 duae
788 2908 893 2979 partes
912 2907 1001 2969 sunt,
1024 2898 1162 2961 inductio
1184 2909 1215 2961 et
1234 2897 1444 2961 ratiocinatio.
1489 2899 1538 2961 De
1560 2897 1649 2959 indu·

349 2990 456 3053 ctione
477 2988 539 3051 iam
558 2989 671 3051 dietum
694 3002 760 3053 ests
783 3011 866 3053 ntrne
889 2992 928 3054 de
948 2988 1188 3053 ratiocinatione
1210 3000 1360 3063 tractatus
1383 3002 1451 3065 est,
1474 2989 1586 3066 idest,
1611 2992 1691 3069 dett

349 3082 556 3165 syllogismis.
601 3083 722 3145 Verum
745 3094 779 3146 ut
798 3086 839 3147 ad
865 3104 965 3166 genus
985 3082 1120 3163 speeiem
1147 3082 1336 3158 reseramus,
1360 3082 1561 3165 syllogismus
1585 3103 1648 3153 uon

350 3170 528 3259 argumenti
547 3196 662 3241 nornen
683 3187 749 3250 est,
782 3180 838 3240 sed
864 3173 1161 3256 argumentationisr
1194 3176 1234 3237 ita
1261 3188 1294 3237 nt
1316 3174 1454 3237 inductio
1480 3196 1542 3237 uon
1562 3175 1649 3239 inve·¹

349 3268 454 3333 niendi
473 3271 586 3331 modus
606 3282 673 3345 est,
695 3273 750 3333 sed
771 3270 874 3333 lorrna
895 3266 1029 3331 dicendi.
1085 3268 1298 3347 Quamobrem
1320 3268 1367 3331 sic
1391 3266 1529 3330 delinivit
1552 3266 1649 3339 ratio-¹

349 3362 560 3437 cinationem,
582 3360 617 3425 id
636 3374 703 3438 est,
726 3362 964 3443 syllogismum:
987 3364 1216 3429 Ratiocinatio
1237 3373 1310 3435 est,
1333 3361 1451 3444 inquit,
1476 3361 1587 3427 οναιιό
1603 3382 1649 3421 ear

347 3455 425 3537 ipsa
447 3478 485 3517 re
502 3456 675 3538 probabile
693 3456 822 3539 aliquid
842 3456 995 3531 eliciens,
1019 3460 1110 3543 quod
1131 3457 1326 3541 expositum
1342 3467 1375 3522 ct
1390 3478 1454 3539 per
1472 3477 1507 3517 ae
1525 3453 1648 3535 cogui-
1660 3472 1691 3519 tu

346 3560 420 3611 tum
447 3568 514 3610 etta
538 3569 575 3610 se
602 3549 636 3611 υἱ
659 3561 692 3611 et
720 3548 853 3612 ratione
881 3549 1076 3626 confirmet.
1128 3552 1171 3615 Et
1204 3549 1236 3613 in
1266 3552 1324 3611 bac
1351 3548 1531 3611 delinitione
1554 3544 1649 3608 multa

348 3640 524 3704 eommunia
549 3662 618 3704 esse
642 3654 775 3722 possunt
805 3664 874 3703 cum
909 3642 1099 3707 inductione.
1158 3646 1236 3707 Nam
1264 3645 1349 3726 qrrod
1378 3640 1438 3717 ait,
1468 3640 1582 3703 oretio
1604 3660 1650 3702 ex

347 3733 425 3815 ὶριιι
444 3755 484 3795 re
501 3734 674 3815 probabile
696 3732 827 3817 aliquid
843 3735 996 3812 eliciens,
1020 3748 1081 3799 tam
1103 3734 1351 3800 ratiocinationis
1374 3747 1420 3797 cst
1442 3755 1532 3816 quam
1562 3732 1650 3793 indu·

346 3826 472 3889 etionis.
514 3828 590 3889 Hoc
617 3838 719 3889 autem
748 3828 912 3909 proprium
934 3829 1203 3906 ratiocinationis,
1224 3832 1308 3912 quod
1328 3828 1389 3892 ait:
1424 3827 1524 3910 Quod
1544 3846 1650 3905 expo·

346 3919 449 3981 situm
474 3930 509 3981 et
526 3940 591 4000 per
617 3920 850 4003 recognitum
883 3940 1005 3984 suase
1041 3923 1074 3984 υἱ
1098 3934 1131 3985 et
1157 3921 1289 3985 ratione
1316 3919 1509 3997 corma-met.
1557 3917 1692 3987 ludu-35

346 4013 410 4074 etio
432 4010 514 4073 enirn
551 4032 615 4077 non
643 4034 702 4093 per
727 4034 761 4075 se
790 4011 996 4097 cognoscitur
1031 4034 1133 4095 neque
1156 4034 1210 4077 sua
1237 4032 1270 4075 se
1293 4014 1325 4075 vi
1346 4024 1377 4075 et
1399 4014 1520 4073 ratione
1534 4009 1651 4069 coufir-

351 4114 431 4167 mat:
456 4106 512 4166 sed
537 4116 571 4166 ut
593 4104 684 4168 iidem
704 4105 799 4168 laciat
815 4107 997 4185 probandae
1018 4105 1086 4181 rei,
1100 4154 1105 4164 .
1119 4105 1332 4169 similitudines
1352 4117 1422 4167 ante
1446 4105 1651 4184 praecedunt.

350 4196 455 4260 Ileete
480 4196 586 4279 itaque
603 4198 803 4263 ratiocinatio
824 4198 947 4261 delinita
969 4210 1037 4275 est,
1060 4199 1172 4275 idest,
1198 4198 1319 4273 oratio,
1342 4218 1421 4281 quae
1443 4220 1483 4259 cx
1504 4194 1651 4257 confesso

349 4300 569 4371 argumentum
591 4292 753 4355 continens
775 4290 1079 4368 consimilitudine,
1102 4294 1157 4353 sed
1176 4314 1234 4372 per
1250 4312 1283 4353 se
1308 4289 1514 4373 cognoscitur
1541 4298 1571 4349 et
1596 4306 1650 4347 sua
1676 4344 1678 4352 ι

349 4402 384 4443 ae
404 4380 439 4443 vi
471 4392 504 4444 et
536 4383 658 4446 ratione
690 4383 866 4447 confirmat.
909 4385 1030 4447 Verum
1059 4388 1145 4468 qtrod
1168 4384 1300 4447 diximus
1325 4406 1365 4445 ex
1387 4380 1534 4443 confessu
1558 4386 1694 4459 argit-tl

349 4485 488 4537 mentum
509 4476 692 4552 continens,
726 4499 788 4540 non
818 4476 1034 4541 similitudine:
1057 4478 1116 4540 uisi
1140 4479 1219 4540 enirn
1243 4476 1311 4560 quis
1338 4474 1541 4545 confiteatur,
1581 4470 1653 4555 quia

349 4566 492 4631 inimicus
511 4567 589 4644 luit,
624 4590 688 4633 non
712 4570 772 4633 erit
793 4582 1031 4655 argumentum
1065 4572 1104 4636 Si
1124 4566 1393 4661 inimicussuit,
1425 4566 1566 4631 occidit:
1597 4568 1670 4629 sed·

422 4782 525 4833 12.-
543 4776 615 4829 ΗΜ
629 4782 672 4829 rel
689 4774 789 4848 ffctc
806 4797 855 4831 sen
873 4796 903 4831 re
921 4786 984 4851 ipre
1003 4778 1055 4833 Cd.
1075 4781 1137 4833 Bae.
1156 4778 1269 4832 Videtur
1288 4774 1580 4849 tanteulnterpolstio.
1601 4777 1655 4831 Oa.

423 4852 468 4907 tt.
489 4870 643 4903 sermonem
661 4870 729 4918 esee,
749 4872 806 4905 uon
823 4854 988 4925 dictionem]
1009 4853 1076 4909 vste
1096 4853 1162 4929 quld
1182 4854 1352 4909 dltcrlntlnls
1374 4850 1525 4907 intercedat
1545 4868 1654 4905 termo-

349 4942 411 4977 nem
432 4930 505 4979 lnter
524 4942 551 4979 et
570 4926 731 4980 dictionem.
751 4930 833 4981 Care.

422 5004 467 5056 ¹9.
488 5006 677 5067 magistratus
685 5010 818 5070 praetore
819 5002 1011 5071 suppellatos]
1026 5002 1073 5055 Sic
1086 5000 1135 5054 cd.
1148 5004 1208 5056 Bas,
1222 5001 1285 5055 Aac.
1293 5004 1333 5059 St.
1343 5000 1455 5059 did.—
1417 5003 1655 5071 -magtrtrenp

349 5082 374 5125 et
389 5082 541 5142 praetores
557 5081 742 5147 imperatores
759 5079 914 5147 appellatos
932 5096 968 5130 ex
986 5076 1112 5149 interpol.
1132 5076 1217 5151 Cepp
1237 5076 1290 5131 Oa.

420 5152 466 5207 5⁸.
486 5152 594 5219 orello}
613 5150 679 5205 (ἔοι.
697 5152 761 5205 llas.
781 5156 897 5206 dse-
917 5157 993 5205 retle
1012 5154 1083 5206 Ceut.
1104 5152 1157 5209 Oa·
