4434 5959
976 1133 1404 1223 ΒΟΕΤΗΙΙ

794 1315 1591 1439 couneusuu10uuu

910 1571 914 1574 ’
1006 1575 1153 1642 LIBER
1175 1573 1365 1640 SEXTUS.

621 1909 708 1973 Fore
734 1907 905 1992 quosdam,
938 1902 1076 1983 Patrici,
1107 1907 1273 1969 rhetorum
1293 1903 1501 1987 peritissime,
1525 1925 1589 1970 non
1614 1903 1843 1982 uubisaverim,

512 2003 592 2088 ,qni
610 2003 696 2066 huno
715 1998 746 2062 in
768 1997 903 2079 Topicis
923 1998 1067 2063 altiorem
1094 2022 1135 2064 ex
1156 1997 1358 2082 philosophia
1383 2008 1549 2062 tractatum
1577 1997 1665 2062 varia
1686 2002 1848 2062 obtrecta-

536 2098 623 2164 tione
648 2095 899 2178 reprehendant,
934 2093 1007 2177 quia
1028 2093 1112 2157 inter
1136 2093 1273 2178 logicam
1300 2091 1542 2175 disputationem
1565 2092 1727 2174 physicam
1749 2093 1849 2156 inter·

537 2203 702 2276 posuerat.
746 2188 791 2252 Hi
805 2208 885 2252 vero
908 2198 998 2265 stant,
1021 2187 1074 2251 vel
1093 2185 1209 2271 quibus
1223 2188 1288 2249 hoo
1311 2197 1411 2250 totum
1433 2184 1653 2268 philosophari
1667 2185 1848 2268 displiceat,

536 2287 589 2352 vel
616 2284 670 2370 qui
702 2281 734 2345 in
756 2293 1014 2367 argumentorum
1043 2281 1123 2346 locis
1152 2281 1310 2344 naturales
1334 2279 1498 2345 admisceri
1523 2300 1632 2343 causas
1666 2279 1852 2362 oportuisse

535 2402 599 2445 non
621 2377 812 2442 existiment.
857 2377 919 2440 Sed
945 2390 1056 2441 contra
1077 2375 1204 2458 priores
1224 2375 1349 2458 quidem
1373 2385 1404 2438 et
1425 2395 1441 2436 a
1464 2374 1516 2438 M.
1540 2373 1699 2439 Tullioet
1720 2377 1852 2458 abipsa

493 2473 770 2558 1oqnodammodo
791 2471 925 2533 humana
946 2470 1086 2546 ratione,
1125 2491 1207 2554 quae
1228 2468 1259 2531 io
1283 2480 1371 2534 motu
1387 2467 1493 2551 posita
1515 2468 1633 2554 aliquid
1652 2489 1777 2552 semper
1801 2471 1850 2534 io·

535 2565 631 2652 quirit
652 2575 747 2649 atque
767 2585 887 2648 amore
912 2563 1062 2628 scientiae
1089 2583 1192 2649 neque
1214 2562 1318 2645 decipi
1338 2563 1457 2646 patitur
1488 2583 1589 2645 neque
1618 2561 1686 2625 ullo
1709 2565 1807 2628 modo
1833 2587 1852 2628 a

532 2659 676 2727 veritatis
703 2658 829 2722 ratione
850 2657 992 2733 traduci,
1023 2677 1118 2739 saepe
1146 2655 1338 2741 multumque
1364 2676 1552 2738 responsum
1576 2667 1635 2719 est.
1680 2655 1725 2720 Iis
1747 2677 1848 2734 vcro,

533 2755 588 2840 qui
609 2755 852 2837 sequestrandas
875 2754 915 2816 ab
944 2752 1084 2816 oratoria
1099 2750 1251 2815 facultate
1270 2750 1493 2833 philosophiae
1513 2749 1692 2832 disciplinas
1715 2761 1846 2833 putant,

530 2849 786 2931 respondendum
807 2847 948 2910 breviter
969 2844 1128 2909 existimo.
1173 2843 1311 2907 Ratione
1329 2845 1454 2928 quidem
1475 2843 1611 2927 reperiri
1626 2843 1701 2927 quid
1721 2856 1844 2927 potest,

489 2945 585 3017 assed
607 2942 644 3016 id,
661 2942 770 3004 melios
794 2950 888 3024 atque
906 2939 1028 3003 facilius
1049 2937 1165 3001 artifex
1187 2938 1298 3015 faciet,
1322 2938 1348 3001 si
1369 2938 1400 3002 in
1421 2958 1518 3020 opere
1538 2939 1746 3002 construendi
1768 2943 1847 3005 artis

528 3035 710 3101 facilitatem
734 3047 829 3118 atque
853 3031 1042 3118 elegantiam
1071 3043 1246 3115 comparet.
1309 3033 1347 3096 ln
1380 3033 1572 3118 argumentis
1602 3054 1731 3119 quoque
1764 3035 1846 3099 idem

530 3151 598 3194 esse
621 3126 819 3191 manifestum
849 3138 909 3190 cst.
953 3127 999 3191 Vi
1025 3147 1160 3212 namque
1183 3125 1333 3190 naturalis
1354 3125 1472 3211 ingenii
1487 3139 1671 3211 argumenta
1691 3151 1847 3211 promun-

528 3237 602 3298 tur3
625 3223 680 3286 sed
698 3243 749 3284 ars
770 3221 951 3298 facultatem
975 3218 1092 3282 imitata
1117 3202 1245 3283 oriturae
1269 3220 1348 3282 viam
1375 3223 1528 3305 quandam
1552 3221 1773 3308 rationemque
1794 3248 1847 3291 re·

528 3315 630 3400 perit,
657 3337 718 3400 qua
733 3316 767 3378 id
781 3315 865 3379 effici
879 3315 999 3380 facilius
1013 3337 1049 3378 ac
1064 3315 1174 3378 snelius
1184 3313 1299 3396 possit.
1344 3315 1381 3377 ln
1396 3336 1456 3400 qua
1472 3335 1506 3378 re
1516 3314 1643 3379 illorum
1657 3338 1788 3382 necesse
1801 3332 1849 3383 est

486 3411 777 3492 comprehendatur
797 3430 901 3484 error,
926 3410 980 3495 qui
1001 3408 1193 3474 rhetoricam
1213 3407 1393 3472 facultatem
1410 3409 1581 3472 naturalem
1598 3431 1667 3474 esse
1683 3411 1847 3491 dixerunt,

529 3503 682 3587 quoniam
701 3504 834 3588 quilibet
859 3503 956 3569 totius
987 3504 1063 3568 artis
1085 3504 1204 3566 alienus
1226 3513 1257 3565 et
1285 3501 1447 3566 intendere
1469 3503 1654 3569 in'alterum
1674 3505 1794 3570 crimen
1817 3520 1847 3570 et

461 3643 466 3651 .
528 3617 598 3661 sese
619 3615 762 3680 purgare
781 3597 863 3661 solet
887 3608 918 3661 et
936 3607 1125 3682 argumento
1148 3595 1266 3680 aliquid
1286 3598 1426 3677 probare
1441 3597 1615 3662 contendit.
1660 3599 1849 3681 Reprehen-

528 3692 622 3756 dendi
643 3693 735 3755 etiam
758 3703 848 3768 sunt,
872 3691 926 3775 qui
946 3693 1075 3754 eandem
1090 3691 1271 3764 facultatem
1293 3690 1325 3753 in
1347 3691 1415 3753 sola
1431 3702 1498 3754 arte
1513 3691 1648 3772 positam
1672 3713 1742 3756 esse
1759 3696 1848 3758 dixe·

526 3799 612 3852 mnt.
658 3784 814 3866 Oportuit
833 3784 914 3849 enim
936 3805 993 3848 eos
1014 3783 1282 3860 animadvertere,
1306 3805 1429 3848 omnem
1450 3784 1576 3869 quidem
1596 3797 1693 3849 artem
1718 3787 1767 3851 sui
1783 3809 1848 3850 ma·

484 3881 637 3945 asteriam
667 3881 800 3942 effectus
826 3900 868 3942 ex
889 3889 1000 3942 nttnra
1027 3879 1208 3960 suscipere,
1242 3879 1298 3941 sed
1318 3878 1350 3940 iu
1376 3899 1411 3941 ea
1438 3889 1543 3942 tamen
1565 3880 1689 3943 ratione
1710 3883 1846 3964 propria

524 3976 706 4060 facultatem
734 3973 983 4059 elegantiamque
1015 3973 1168 4057 experiri.
1226 3973 1316 4035 Haec
1343 3972 1467 4058 itaque,
1506 3993 1586 4057 quae
1616 3973 1731 4038 artium
1761 3976 1845 4042 ratio

526 4068 673 4154 perficit,
698 4070 737 4132 ab
755 4068 908 4152 imperitis
931 4068 1023 4132 etiam
1045 4069 1134 4144 fieri,
1169 4077 1327 4150 utcunque
1353 4066 1543 4151 contigerit,
1576 4081 1726 4154 possunt.
1758 4071 1845 4134 Bene

427 4199 433 4209 ·
528 4173 631 4226 autem
653 4183 690 4225 ac
708 4162 802 4226 facile
827 4183 919 4226 nemo
942 4162 1059 4240 eflicit,
1083 4161 1144 4224 nisi
1166 4159 1243 4224 artis
1268 4161 1393 4226 ratione
1415 4161 1513 4224 fuerit
1530 4161 1715 4228 instructus.
1741 4165 1845 4246 Quum

526 4256 627 4342 igitur
648 4256 746 4320 totius
769 4257 877 4340 operis
897 4258 978 4320 haec
996 4258 1038 4320 sit
1065 4255 1217 4330 intentio,
1255 4267 1289 4318 ut
1311 4267 1515 4341 argumenta,
1552 4277 1633 4340 quae
1658 4258 1794 4322 confusa
1815 4270 1846 4322 et

487 4369 520 4420 ao
529 4350 626 4416 veluti
647 4352 752 4414 elaeusa
775 4363 887 4415 natura
904 4350 1104 4434 suppeditat,
1130 4349 1334 4413 artificialiter
1359 4350 1582 4434 vestigentur:
1608 4349 1766 4436 quid‘sit,
1790 4373 1847 4436 per

529 4448 616 4529 quod
640 4443 768 4509 efficere
789 4447 843 4522 id,
882 4448 969 4530 quod
990 4443 1166 4527 promittit,
1204 4464 1256 4505 ars
1286 4442 1406 4520 valeat,
1439 4447 1498 4506 sstb
1520 4444 1658 4526 exempli
1684 4449 1847 4511 notatione

530 4541 737 4602 demonstrat.
790 4541 835 4603 Ut
856 4538 937 4602 enim
960 4539 1084 4602 facilius
1107 4547 1294 4622 argumenta
1315 4537 1534 4621 reperiantur,
1558 4539 1610 4602 illa
1635 4559 1688 4603 res
1710 4540 1846 4616 efficiet,

530 4631 558 4695 si
579 4635 836 4696 demonstrentur
850 4632 941 4708 loci,
964 4632 995 4695 in
1016 4632 1130 4714 quibus
1150 4644 1333 4718 argumenta
1348 4647 1420 4698 stunt
1440 4635 1609 4698 collocata.
1654 4633 1783 4698 Etenim
1802 4647 1847 4709 ut,

530 4724 558 4789 si
580 4724 649 4810 quis
673 4725 791 4809 aliquid
812 4739 960 4810 quaerat,
985 4725 1110 4790 facilius
1129 4725 1164 4790 id
1183 4727 1375 4813 investigare
1396 4729 1499 4811 possit
1523 4739 1619 4813 atque
1638 4729 1801 4805 invenire,
1823 4727 1850 4790 si

489 4807 623 4884 ts‘locns
645 4819 674 4885 ei
692 4830 909 4898 monstretur,
934 4819 1047 4884 ubisit
1066 4821 1205 4902 positum
1226 4820 1278 4900 id,
1304 4826 1392 4906 quod
1405 4822 1556 4908 inquirite
1579 4822 1622 4887 ita
1644 4821 1737 4888 etiam
1753 4843 1849 4912 quum

607 5051 653 5106 20.
672 5045 844 5109 facultatem
862 5065 919 5102 non
938 5048 1098 5101 naturalem
1117 5050 1194 5105 Elos.
1213 5049 1288 5105 forr.
1304 5046 1372 5120 sar.
1392 5049 1474 5103 modo
1492 5051 1672 5128 maturantem,
1704 5058 1847 5122 utstatim

458 5192 462 5199 ‚
530 5123 562 5175 ta
579 5121 641 5176 sola
660 5129 723 5176 arta
738 5128 861 5197 positam
868 5143 879 5187 ,·
899 5119 949 5180 mo
969 5139 997 5179 er
1015 5122 1055 5182 no
1075 5139 1166 5180 antem
1185 5129 1345 5200 aseptsatmc
1365 5123 1581 5194 confunduntur.
