4434 5959
898 602 903 612 '
924 608 928 615 ’
957 595 1048 657 LIB.
1072 596 1120 658 11.
1202 624 1206 631 ·
1621 602 1683 664 tto

370 740 440 803 est,
479 730 574 792 habet
602 741 635 793 et
655 729 771 806 senem
800 739 831 793 ct
858 731 1101 794 coniecturam.
1146 734 1224 797 ideo
1246 744 1449 819 qrraecunq'ue
1472 760 1588 821 genera
1610 750 1682 801 suut

370 825 613 907 quaestionum,
637 822 702 885 suis
723 824 1001 889 constitutionibus
1021 830 1180 889 tractanda
1204 838 1288 909 suut.
1396 880 1398 883 .

457 923 508 981 Ac
537 916 690 982 maxime
717 918 910 979 coniecturis
934 914 1132 1007 faciendis]
1178 921 1220 983 Ut
1255 942 1312 1001 per
1336 922 1564 986 coniecturam
1591 926 1682 1005 (quae

371 1014 463 1096 qrrasi
485 1010 626 1074 incidens
660 1012 723 1087 est)
751 1011 982 1090 compensatio
1013 1012 1062 1073 itta
1093 1012 1240 1083 tottatur,
1278 1036 1338 1097 qua
1361 1014 1407 1091 is:
1437 1015 1489 1099 qui
1518 1029 1683 1077 accusatur

370 1104 562 1177 uraicstatis,
600 1102 698 1165 utitur
728 1103 832 1164 dicens
865 1105 1038 1183 periturum
1060 1105 1157 1167 tuisse
1186 1107 1377 1183 exercitum,
1417 1108 1475 1170 nisi
1497 1114 1581 1170 arma
1603 1116 1707 1171 eon-5

369 1200 512 1260 cederet.

455 1289 558 1370 Quod
578 1288 626 1360 ii,
653 1288 712 1371 qui
731 1288 1002 1359 accusabuntur,
1025 1290 1284 1370 comparabunt]
1328 1292 1371 1355 Ut
1393 1291 1565 1371 periturum
1583 1292 1683 1356 fnisse

370 1381 546 1446 exercitum
578 1401 746 1462 negemus;
782 1383 870 1463 qnod
898 1383 993 1444 sumit
1024 1383 1094 1457 bic,
1134 1382 1187 1464 qui
1224 1403 1307 1445 arina
1338 1383 1477 1465 prodidit
1505 1396 1537 1447 et
1565 1386 1683 1448 instru-

370 1487 490 1540 menta.
1254 1525 1260 1543 ,
1294 1555 1299 1562 ι

457 1571 529 1630 Ant
556 1568 587 1629 si
614 1568 686 1628 ntia
712 1566 858 1647 ratione]
902 1566 1057 1642 Quoniam
1088 1569 1230 1649 superius
1263 1570 1338 1631 diras
1370 1567 1508 1631 rationes
1545 1579 1576 1631 et
1605 1572 1681 1631 diras
1694 1571 1723 1618 ¹⁰

369 1664 596 1725 iudicationes
618 1660 724 1739 posuit
746 1665 1009 1727 coniecturales:
1044 1666 1124 1726 Non
1132 1660 1307 1751 satricum
1317 1661 1460 1752 fnisse,
1496 1675 1533 1725 ut
1554 1663 1681 1742 periret

367 1756 562 1827 exercitus,
597 1766 629 1815 et
647 1775 714 1817 non
736 1759 798 1817 boc
826 1759 943 1821 animo
959 1754 1125 1845 factrcm,·
1162 1754 1278 1817 idcirco
1303 1756 1351 1815 bic
1374 1759 1501 1817 enudem
1525 1756 1680 1819 rationem

366 1848 503 1929 repetit,
528 1859 561 1909 ut
581 1848 812 1910 coniecturam
833 1850 913 1912 dicat
935 1851 967 1912 in
991 1852 1068 1909 banc
1092 1848 1345 1911 constitutionem
1370 1852 1573 1911 tractandam.

452 1944 514 2003 Ex
533 1942 740 2005 coniecturali
771 1944 1010 2006 constitutione
1037 1939 1206 2021 semeber]
1258 1941 1339 2019 Quia
1362 1942 1503 2023 partibus
1526 1943 1590 2005 suis
1613 1943 1678 2025 ipsa

367 2035 532 2095 tractanda
554 2045 614 2094 est.
1693 2040 1722 2087 ¹5

452 2127 514 2189 Sin
535 2139 652 2189 autem
672 2140 766 2211 certo
787 2130 922 2191 nomine
943 2127 1121 2208 maleficii]
1174 2128 1218 2190 Ut
1244 2148 1326 2188 nunc
1348 2138 1437 2190 certo
1461 2129 1585 2193 nornine
1608 2151 1680 2193 reiis

368 2233 417 2283 est
440 2220 621 2282 maiestatis.
665 2218 778 2283 Potest
801 2222 880 2283 enim
902 2221 971 2285 sine
993 2234 1083 2283 certo
1105 2221 1229 2281 nornine
1246 2242 1317 2283 reus
1340 2242 1427 2295 esse,
1452 2234 1483 2283 et
1499 2244 1561 2285 uon
1577 2224 1679 2285 statim

369 2316 408 2375 ad
438 2313 676 2390 definitionem
707 2313 934 2397 adstringitur,
972 2336 1067 2398 quum
1095 2312 1235 2376 criminis
1264 2336 1377 2377 nomen
1406 2315 1523 2377 uultum
1555 2316 1680 2378 videtur

368 2407 535 2469 adiectum.

452 2498 514 2563 Sia
532 2511 647 2561 mitem
665 2512 758 2563 certo
782 2502 918 2563 nornine
937 2500 1101 2575 maleficii
1122 2500 1294 2563 obnubitur
1319 2500 1355 2561 iu
1378 2500 1555 2581 iudicium]
1615 2500 1722 2563 {arn20

368 2594 420 2653 bic
440 2590 550 2671 incipit
573 2592 740 2655 incidentis
762 2594 881 2657 adhoc
901 2595 1001 2655 thema
1024 2594 1154 2653 atterius
1169 2604 1301 2666 status,
1324 2592 1441 2665 idest,
1457 2592 1550 2669 finis
1572 2597 1678 2676 (quem

368 2697 514 2757 statum,
544 2684 659 2760 finem
691 2697 722 2747 et
756 2708 851 2766 supra
876 2687 983 2768 posuit
1011 2686 1166 2748 dicendo:
1195 2684 1287 2767 Quid
1313 2685 1358 2749 sit
1380 2686 1590 2747 maiestatem
1617 2686 1678 2747 mi·

368 2782 487 2854 uicere)
508 2790 678 2858 praccepta
700 2792 849 2841 tractare.

452 2872 512 2933 Sin
540 2873 636 2933 alind
661 2894 799 2956 quoquc¹
821 2874 961 2956 aliquod
985 2874 1108 2955 genus]
1161 2871 1382 2951 Quarumtibet
1417 2864 1676 2935 constitutionum

369 2966 420 3027 vei
441 2966 694 3045 praecedentium
718 2968 768 3028 vel
790 2968 1000 3049 sequentium.
1688 2963 1721 3009 ²⁵

451 3061 564 3141 Qreom
579 3059 740 3139 piurimis
756 3054 912 3135 infirmet
927 3056 1132 3136 rationibus]
1175 3058 1219 3121 Ut
1241 3056 1322 3118 dicat
1334 3078 1395 3118 nou
1412 3056 1556 3118 futurum
1567 3055 1675 3129 inisse,

369 3162 402 3213 ut
424 3152 544 3231 periret
568 3152 746 3226 exercitum
769 3165 822 3215 aut
844 3153 957 3217 aliter:
979 3154 1062 3216 Non
1082 3154 1145 3214 boc
1163 3150 1281 3213 animo
1291 3145 1440 3239 fecisti,
1463 3150 1523 3211 scd
1541 3161 1578 3210 nt
1595 3170 1676 3230 per-

369 3246 467 3307 deres
479 3288 489 3317 ‚
502 3242 644 3333 fecisti.

452 3338 586 3400 Deinde
605 3350 739 3419 oportet
762 3350 996 3401 accusatorem
1016 3337 1102 3399 ittnd
1112 3380 1121 3411 ,
1159 3336 1251 3420 qrtod
1273 3336 1346 3417 ipsc
1366 3346 1517 3417 arguat,
1555 3336 1598 3395 ab
1616 3356 1674 3405 eu,

369 3430 460 3511 qnod
476 3427 642 3518 defensor·
662 3442 858 3511 comparat,
896 3420 1075 3512 separare]
1119 3430 1268 3491 Postilla
1295 3430 1477 3509 superiora,
1502 3426 1593 3491 etiam
1617 3428 1719 3487 huc3⁰

368 3523 475 3583 dicere
497 3524 678 3601 oportebit,
702 3535 916 3585 acccusatorcm
940 3526 1147 3595 contendere,
1173 3543 1372 3603 courpnrnrc.

449 3619 498 3679 Et
520 3618 582 3677 troc
605 3617 825 3679 extenuando
858 3614 1021 3692 maleficii
1054 3614 1326 3697 magnitudinem
1354 3614 1457 3677 simui
1487 3613 1675 3696 atiaugcec]

368 3712 413 3775 Ut
434 3722 607 3783 extenues,
629 3712 715 3790 qiiod
737 3707 932 3788 praestitisse
953 3729 988 3769 se
1009 3708 1101 3779 dicit;
1126 3729 1262 3785 nitreas,
1287 3709 1374 3791 qtrod
1396 3709 1529 3770 admisit.

451 3803 585 3865 Deinde
613 3801 780 3882 oportebit
802 3801 913 3881 ipsam
940 3802 1035 3863 ittam
1057 3802 1304 3881 comparativam
1329 3801 1548 3865 iudicationem
1570 3822 1676 3881 expo·

365 3918 447 3957 nere
468 3906 645 3977 tamqnam
665 3915 804 3957 ceresam
826 3893 1075 3971 dctiberativam]
1121 3896 1157 3957 lu
1186 3893 1330 3957 omuibus
1352 3894 1572 3975 assumpticis
1593 3912 1674 3975 qrtn-
1687 3900 1718 3947 ³⁵

365 3989 519 4051 titatibns
542 4000 615 4067 post
636 3989 739 4050 omnia
764 3999 948 4069 argmuenta
969 4008 1009 4047 ex
1037 3988 1283 4062 constitutione,
1318 4008 1398 4070 qnae
1429 3998 1501 4048 suut
1522 3982 1674 4064 propria,

365 4080 458 4143 locus
479 4093 638 4142 extremus
669 4080 881 4161 interponitur
909 4078 996 4160 quiasi
1018 4080 1256 4142 ‹deliber-ativae
1279 4100 1412 4141 causac:
1444 4079 1472 4139 in
1496 4098 1555 4159 qun
1580 4096 1675 4155 qrrnc·

366 4174 463 4248 ritur,
489 4173 565 4255 qiud
584 4172 758 4234 faciendum
781 4174 843 4245 sit,
876 4182 908 4232 ut
928 4192 967 4231 cx
992 4174 1052 4232 boc
1073 4174 1248 4253 probetur,
1273 4172 1346 4253 quid
1369 4172 1541 4233 iaciendum
1565 4168 1674 4229 inerit.

450 4272 642 4350 Tamquam
666 4286 806 4328 carosam
828 4266 1076 4347 deliberativam]
1135 4268 1179 4330 Ut
1207 4288 1269 4329 nou
1303 4264 1473 4326 iudicialis
1495 4284 1585 4323 caiisa
1609 4262 1670 4333 sit,

366 4364 420 4425 sed
440 4362 679 4433 deliberativa,
711 4372 741 4421 et
771 4360 881 4422 eodem
904 4378 1021 4441 genere
1043 4369 1177 4443 agatur3
1211 4359 1301 4441 quasi
1322 4358 1391 4421 sola
1419 4358 1484 4439 ipsa
1509 4366 1610 4431 esset,
1644 4354 1673 4416 id
1687 4365 1718 4415 u

367 4464 432 4529 est,
454 4474 547 4515 carisa
567 4454 799 4517 deliberativa·

459 4672 485 4724 7.
512 4662 635 4735 quodid,
660 4668 707 4734 qur·
733 4662 950 4729 accrrsabrmtur,
979 4661 1192 4732 comparabunt]
1223 4664 1368 4735 Perpetem
1389 4661 1493 4717 editum
1514 4662 1617 4718 fuerat:
1644 4662 1674 4715 tu·

368 4740 582 4797 acceduntur.
615 4738 832 4806 comparabunt,⁸
865 4738 1069 4790 emendarimus
1095 4756 1127 4790 ex
1155 4742 1222 4810 ipsis
1248 4738 1331 4791 Tutttt
1358 4738 1456 4792 verbis.
1478 4740 1560 4791 Cirr.
1607 4740 1674 4793 Lod.

368 4815 428 4868 Bet.
446 4830 473 4867 et
494 4814 536 4866 St.
557 4819 618 4867 sic:
637 4813 666 4863 la·
684 4818 730 4881 qui
757 4812 967 4865 accenduntur.
988 4812 1041 4865 On.

439 4896 484 4948 23.
500 4897 650 4959 praecepta
675 4891 813 4953 tractare]
846 4888 885 4937 Lo
902 4904 948 4938 um
971 4887 1045 4942 lirino
1078 4884 1220 4939 intellectu
1238 4884 1394 4939 .·dttficttem
1424 4884 1577 4941 reddiderat
1604 4886 1672 4939 mnia

368 4966 571 5034 interpunctio,
590 4968 632 5015 eui
654 4963 805 5016 renudtum
827 4962 917 5015 nituit.
937 4966 1017 5013 (Μ.
1593 4984 1596 4993 2

436 5042 483 5097 50.
501 5054 540 5091 ω
557 5045 697 5106 comparet
717 5035 786 5089 esd.
810 5040 887 5101 cac,
908 5051 938 5088 nt
958 5035 1053 5089 lomb.
1077 5040 1105 5087 tu
1125 5036 1183 5087 Cic.
1204 5034 1259 5088 02.

436 5116 482 5170 40.
501 5128 539 5166 ω
557 5114 651 5163 eodem
669 5111 779 5162 modo·
791 5116 880 5182 -r'psa
898 5110 986 5161 sola·
1001 5116 1057 5162 -t‘n
1076 5112 1198 5179 aliquantu
1210 5109 1441 5161 cornedtatiouem
1451 5106 1520 5164 eod.
1532 5110 1592 5162 Bas.
1620 5110 1672 5161 Os.
