4434 5959
556 636 597 697 St
1061 628 1350 693 VICTORINUS

555 772 688 836 dixlnms
711 770 963 852 approbandum.
1017 767 1066 831 lta
1091 779 1124 830 et
1145 767 1281 832 Cicero:
1312 771 1368 831 An
1393 789 1473 831 vero
1491 766 1543 831 vir
1565 768 1798 851 amplissimus
1821 771 1864 833 P.

554 867 668 946 Scipio
685 862 853 953 pontifex
874 862 1047 923 maximus
1069 861 1246 925 'liberium
1267 862 1457 923 Gracchum
1485 860 1699 924 mediocriter
1725 859 1865 953 labefa-

554 971 700 1020 ctantem
720 966 849 1019 statum
875 954 927 1017 rei
947 953 1103 1035 publicae
1130 954 1285 1035 privatus
1311 952 1507 1043 interjecit:
1542 954 1725 1018 Catilinam
1748 956 1861 1035 [vero]

554 1053 669 1112 orbem
689 1062 801 1111 terrae
822 1046 923 1108 caede
944 1058 1044 1130 atque
1069 1046 1234 1109 incendiis
1251 1056 1384 1111 uastare
1407 1044 1597 1127 cupientem
1617 1066 1679 1111 nos
1703 1050 1865 1129 consules

529 1146 543 1191 ⁵
552 1141 796 1229 perferemus?
818 1142 880 1203 Hic
903 1162 943 1202 ex
958 1140 990 1201 vi
1006 1160 1110 1201 rerum
1130 1138 1330 1222 intelligimus
1354 1139 1451 1201 minus
1472 1158 1540 1201 esse
1558 1150 1672 1201 statum
1690 1140 1735 1201 rei
1754 1140 1864 1220 publi-

440 1232 445 1245 '
553 1258 608 1298 cae
631 1256 723 1319 quam
752 1235 863 1297 orbem
889 1246 1062 1296 terrarum:
1101 1229 1214 1293 deiude
1241 1230 1382 1293 similiter
1407 1251 1448 1292 ex
1471 1230 1502 1294 vi
1529 1231 1729 1315 intelligimus
1761 1233 1864 1293 suiuus

553 1348 622 1389 esse
645 1326 838 1389 labefactare
859 1349 951 1409 qitam
972 1337 1108 1387 vastare.
1132 1326 1179 1387 lta
1204 1344 1244 1383 ex
1265 1322 1298 1385 vi
1319 1343 1547 1405 personarum,
1572 1346 1666 1407 quiam
1693 1326 1862 1387 Gracchus

552 1433 582 1481 et
603 1418 739 1483 Catilina
763 1420 983 1493 nominantur,
1009 1417 1141 1482 Catilina
1166 1414 1263 1497 magis
1280 1412 1431 1477 timendus
1446 1418 1643 1496 agnoscitur.
1688 1419 1863 1480 Praeterea

553 1534 592 1573 ex
624 1532 755 1575 numero
784 1512 985 1595 intelligimus
1021 1510 1118 1571 maius
1150 1530 1218 1571 esse
1250 1510 1329 1571 ditos
1360 1508 1505 1571 consules
1534 1530 1625 1590 quam
1665 1510 1861 1591 Scipionem.

511 1602 542 1654 ‘⁰
553 1607 617 1667 Hic
636 1604 769 1687 liguram
793 1625 854 1666 non
876 1603 983 1685 posuit
1006 1602 1102 1666 totius
1124 1600 1260 1686 negotii;
1283 1601 1313 1664 id
1336 1613 1399 1676 est,
1424 1604 1681 1684 quemadmodum
1695 1603 1863 1665 occiderit

553 1698 733 1760 Gracchum
764 1697 890 1778 Scipio,
925 1697 980 1759 nbi
1010 1694 1181 1770 occiderit,
1216 1696 1340 1779 quando
1373 1693 1545 1769 occiderit,
1586 1698 1667 1759 tande
1689 1696 1860 1761 occiderit.

550 1791 672 1853 Verum
695 1792 791 1865 haec,
815 1790 886 1873 quia
908 1789 982 1852 nihil
1004 1790 1193 1869 proderant,
1216 1785 1426 1868 praetermisit
1452 1797 1548 1869 atque
1566 1808 1629 1851 uno
1653 1793 1753 1852 verbo
1780 1810 1862 1851 cou-

456 1931 462 1944 .
550 1882 663 1958 clusit,
695 1885 782 1964 quoti
813 1881 856 1944 ait
884 1878 1059 1971 interfecit
1066 1902 1080 1952 ‚·
1115 1879 1203 1943 cuius
1232 1877 1320 1941 serbi
1345 1878 1540 1941 considerata
1577 1880 1632 1956 vi,
1666 1882 1764 1943 maius
1787 1902 1859 1943 esse

550 1974 752 2062 intelligimus
773 1974 950 2037 interlicere
973 1994 1064 2056 quam
1083 1992 1123 2034 ex
1145 1974 1222 2035 urim
1245 1971 1392 2035 eiicere·
1416 1972 1537 2034 Verum
1559 1972 1590 2034 in
1612 1973 1680 2037 aliis
1703 1975 1859 2055 exernplis

508 2074 583 2130 ¹⁵et
601 2088 643 2130 ex
665 2067 767 2150 ligura
791 2068 883 2129 debet
903 2064 1099 2147 comparatio
1119 2063 1208 2138 lieri,
1243 2074 1277 2125 ut
1300 2062 1399 2127 maius
1421 2063 1538 2147 aliquid
1566 2065 1705 2130 minusve
1726 2068 1859 2129 ‹lemon-

549 2173 648 2234 strcs;
670 2160 698 2222 si
718 2158 834 2224 dicas-t
862 2159 955 2225 Illud
974 2172 1053 2221 tunc
1064 2155 1212 2248 sactum
1239 2168 1310 2232 est,
1333 2155 1625 2246 thisamenus,
1648 2161 1698 2223 ita
1706 2157 1859 2248 factum

549 2266 622 2327 est,
645 2264 832 2335 propterea
841 2251 990 2343 sactum
1008 2263 1082 2328 est,
1118 2249 1308 2333 etreliqua,
1331 2250 1465 2333 quaein
1488 2250 1649 2315 elementis
1674 2252 1860 2335 principali-

549 2348 609 2408 bus
630 2346 844 2409 eontinentur.
1071 2394 1075 2401 .

632 2438 748 2502 Simile
775 2449 889 2500 autem
910 2459 957 2500 ear
976 2437 1086 2519 speeie
1113 2428 1335 2519 comparabili
1355 2447 1417 2497 aut
1443 2458 1490 2498 ear
1518 2434 1730 2523 conferenda
1753 2449 1858 2521 atque

506 2532 538 2587 to
548 2530 782 2593 assimulanda
800 2532 926 2593 natura
946 2530 1133 2610 iudicatur]
1176 2530 1280 2609 Otium
1301 2526 1432 2591 iacimus
1447 2541 1665 2611 argumentum
1684 2550 1724 2593 ex
1746 2532 1858 2594 adiun-

548 2636 602 2685 cto
615 2624 754 2706 negotio
776 2643 835 2704 per
856 2623 1102 2698 similitudinem,
1137 2623 1169 2686 in
1189 2643 1225 2683 ea
1244 2620 1445 2684 similitudine
1471 2623 1603 2704 qualitas
1628 2625 1857 2689 consideranda

548 2729 608 2778 est.
653 2716 825 2796 Superiora
848 2715 927 2777 enim
951 2716 1048 2777 mains
1073 2726 1105 2777 et
1136 2716 1233 2777 minsis
1261 2726 1293 2777 et
1325 2736 1424 2797 aeque
1447 2734 1592 2797 magnum
1618 2738 1659 2779 ex
1681 2708 1855 2802 quantitate

547 2809 783 2893 cognoscimus.
807 2810 896 2871 -Nec
916 2821 1060 2889 partemue
1082 2810 1144 2871 hoe
1172 2828 1240 2870 esse
1262 2828 1340 2888 par,
1374 2809 1460 2891 quod
1484 2808 1596 2871 simile.
1648 2810 1772 2873 Etenim
1795 2833 1856 2893 par

547 2924 588 2965 ex
607 2922 750 2968 incasura
771 2901 895 2964 definita
918 2914 948 2963 et
970 2924 1011 2964 cx
1029 2912 1210 2983 comparata
1230 2900 1394 2983 utriusque
1415 2900 1586 2982 quantitate
1605 2904 1853 2987 cognoscimus:

504 2998 537 3055 is
548 2996 646 3059 simile
661 3008 763 3057 autem
788 3016 851 3058 non
872 2995 905 3058 in
923 3017 981 3071 eo,
1005 3008 1153 3081 quantum
1168 2995 1230 3070 sit,
1253 2996 1308 3057 sed
1330 2992 1360 3056 in
1375 3014 1437 3071 en,
1461 2997 1554 3078 quale
1569 2994 1626 3069 sit,
1650 2997 1852 3060 attendimus.
1929 3024 1931 3029 ·

548 3091 597 3153 lta
615 3109 679 3150 uon
699 3108 740 3150 ex
762 3108 906 3150 mensura
931 3088 967 3150 iit
994 3088 1116 3164 simile,
1140 3091 1195 3152 sed
1221 3109 1261 3151 ex
1286 3088 1373 3149 vultu
1398 3098 1429 3151 et
1451 3108 1587 3169 superna
1614 3092 1745 3172 quadam
1770 3091 1855 3155 lacis

547 3182 738 3245 declaratur.
759 3230 764 3249 ,.
782 3179 889 3245 Simile
907 3181 1014 3265 itaque
1036 3185 1160 3245 duobus
1181 3182 1280 3245 modis
1296 3180 1498 3244 considerare
1513 3181 1679 3255 debemus3
1702 3182 1732 3244 in
1747 3184 1856 3263 specie

545 3274 717 3337 ior-mariun
740 3283 771 3334 et
795 3284 905 3335 natura
927 3295 1046 3336 rerum.
1076 3327 1079 3332 .
1103 3275 1148 3338 Et
1165 3275 1337 3356 scriptores
1355 3274 1476 3356 quidem
1501 3273 1612 3335 artium
1634 3274 1732 3337 simile
1753 3297 1855 3357 gentis

545 3376 667 3449 puniant
688 3367 748 3427 sub
768 3365 880 3427 similia
904 3366 984 3439 tria;
1006 3362 1133 3442 tiatira,
1158 3368 1268 3443 idest,
1292 3366 1474 3451 imaginem3
1498 3361 1710 3454 παραβολήν,
1733 3367 1852 3443 idest,

505 3458 770 3528 suscitationem
787 3452 1013 3545 παράδειγμα,
1036 3458 1067 3520 it
1089 3470 1157 3534 est,
1180 3462 1371 3541 exemplum.
1416 3461 1481 3523 Per
1500 3459 1666 3541 imaginem
1682 3458 1781 3524 simile
1801 3461 1853 3538 lit,

546 3574 639 3635 quum
653 3572 692 3613 es
703 3550 793 3613 simili
801 3550 905 3632 speeie
914 3552 1018 3613 vultus
1026 3552 1164 3615 vultibus
1177 3574 1413 3635 comparamus:
1430 3564 1481 3627 ut,
1497 3556 1545 3617 Os
1557 3553 1856 3637 humerosquedeo

545 3644 680 3709 similis.
723 3644 862 3728 (Virgit.
881 3648 968 3708 Aen.
991 3644 1021 3707 1.
1044 3645 1133 3724 593.)
1177 3647 1242 3709 Per
1257 3645 1454 3709 collationem
1469 3645 1566 3707 simile
1580 3644 1730 3719 iacimus,
1753 3668 1854 3730 quum

545 3760 651 3801 rerum
673 3737 867 3800 diversarum
890 3736 1080 3801 conferimus
1100 3749 1132 3799 et
1154 3740 1336 3819 copulamus
1354 3760 1418 3803 non
1438 3738 1594 3821 speciem,
1617 3742 1673 3801 sed
1687 3749 1853 3803 naturama

547 3846 600 3906 ut,
623 3832 744 3914 Qualis
764 3830 934 3913 mugitus,
945 3828 1055 3919 fugit
1078 3852 1183 3915 quum
1203 3832 1341 3894 saucius
1359 3852 1458 3894 aram
1484 3834 1635 3895 Taurus.
1677 3834 1854 3912 (detail.

504 3926 620 3989 tsiii.
643 3924 732 4003 224.)
772 3925 861 4001 Aut,
1217 3980 1220 3989 .
1267 3954 1270 3961 ⁴

550 4050 557 4059 ·
869 4018 1066 4081 Poenorum
1082 4016 1194 4099 qrculia
1216 4016 1250 4078 in
1272 4016 1365 4081 arvis

601 4149 605 4156 »
629 4109 775 4173 Saucius
796 4110 851 4173 ille
873 4109 1174 4192 gravi-venantum
1197 4113 1332 4171 vulnere
1350 4122 1487 4193 pectus,

548 4224 553 4233 ’
629 4206 727 4265 Tunc
746 4204 882 4265 demum
903 4215 1014 4265 movet
1034 4222 1134 4263 arma
1152 4204 1218 4264 leo.
1261 4206 1361 4279 (Aen.
1384 4205 1467 4267 ΧΠ.
1491 4206 1523 4265 lt.
1543 4204 1574 4271 5.
1596 4206 1643 4285 6.)
1685 4208 1749 4271 Hic
1769 4208 1853 4273 euim

545 4294 722 4377 Virgilius,
753 4306 787 4356 ut
808 4299 962 4376 probaret
984 4297 1125 4356 Turnum
1150 4296 1245 4356 rebus
1274 4296 1417 4359 omnibus
1444 4298 1551 4361 fractis
1580 4318 1641 4361 non
1675 4303 1851 4381 deiectum,

502 4390 599 4457 snaed
620 4390 731 4450 iratum
753 4388 880 4471 magis,
914 4386 987 4469 quia
1016 4388 1070 4449 vix
1098 4388 1162 4449 boc
1190 4386 1346 4462 creditur,
1371 4389 1501 4472 negotio
1524 4411 1582 4451 suo
1606 4392 1696 4455 iidem
1717 4396 1790 4458 lecit
1809 4416 1853 4459 ex

544 4483 692 4543 adittncto
710 4482 869 4563 negotio,
903 4500 965 4561 per
986 4478 1235 4553 similitudinem,
1270 4482 1411 4561 quaesit
1434 4483 1465 4545 in
1488 4497 1737 4565 pectenaturae.
1779 4488 1850 4564 Sic,

543 4573 666 4657 inquit,
690 4585 720 4636 et
744 4574 795 4636 leo
816 4572 915 4656 magis
932 4572 1095 4646 irascitur,
1119 4584 1286 4655 postquam
1309 4574 1405 4637 luerit
1426 4576 1619 4641 vulneratus.
1662 4582 1730 4642 Per
1746 4601 1855 4643 exem-

543 4667 629 4747 plum
649 4677 751 4727 autem
767 4677 842 4727 tune
858 4664 959 4728 simile
977 4665 1130 4739 iacimus,
1155 4664 1226 4727 siin
1250 4670 1396 4747 ex'emplo
1420 4668 1489 4748 ipso
1505 4669 1638 4753 qualitas
1652 4675 1852 4736 ostendatur.

545 4760 647 4839 Saepe
669 4759 748 4821 enim
771 4758 948 4838 exemplum
970 4756 1000 4819 in
1020 4758 1194 4841 quantitate
1218 4772 1377 4835 versatur,
1401 4760 1519 4836 idest,
1542 4765 1573 4825 iu
1598 4766 1626 4827 vi
1650 4766 1699 4827 vel
1720 4766 1853 4829 niimero

618 5007 644 5061 3.
663 5006 745 5071 vero]
765 5017 802 5055 ω
820 5006 953 5055 omittunt
974 5000 1023 5054 Cd.
1043 5002 1110 5058 Bas.
1131 5009 1193 5056 Aac.
1212 5002 1264 5057 Oa.
1326 5012 1330 5019 “

617 5082 663 5136 29.
681 5079 794 5144 umfnu]
816 5076 967 5147 tegebatur
985 5074 1053 5153 olim
1072 5076 1178 5143 tuor,
1206 5082 1302 5145 (etiam
1322 5076 1374 5133 cd.
1395 5078 1471 5153 Bas)
1490 5077 1537 5133 sed
1556 5098 1714 5155 perperam,
1732 5098 1762 5137 iu
1777 5098 1853 5157 patet

543 5174 576 5209 es
594 5154 836 5230 consequentibus.
855 5153 941 5205 Cara:
1481 5164 1486 5173 ·
1564 5164 1570 5175 ι
1717 5164 1719 5170 ,
1779 5166 1782 5175 Δ
