4434 5959
549 611 613 676 tto
985 603 1028 672 C.
1051 605 1209 672 IULIUS
1229 601 1410 670 VICTOR

549 761 657 834 sperat
677 745 896 834 probationem
913 743 1062 830 pudoris,
1085 743 1300 828 asperioribus
1313 744 1376 810 illis
1391 742 1471 812 iuris
1485 740 1738 829 adlegationibus
1753 741 1852 808 minos

549 844 752 929 repugnabit.
809 841 862 906 Sic
882 852 1015 925 utraque
1037 861 1072 902 se
1096 859 1148 902 res
1171 836 1304 902 invicem
1325 835 1464 913 iurabit,
1502 840 1626 922 eritque
1645 837 1741 902 iudex
1769 837 1853 902 circa

552 939 601 1005 ins
620 947 761 1001 nostrum
783 955 839 1017 ape
858 932 1030 998 modestiae
1047 931 1216 1010 attentior3
1238 930 1321 994 circa
1339 929 1542 1006 modestiam,
1566 929 1644 994 iuris
1663 931 1852 1013 probatione

548 1031 740 1115 proclivior.
791 1029 855 1090 Sed
875 1039 992 1091 utnon
1017 1045 1143 1108 semper
1164 1023 1338 1087 necessaria
1368 1033 1422 1086 aut
1450 1022 1535 1086 utilis
1560 1034 1609 1087 est
1631 1024 1783 1108 partitio,
1811 1025 1852 1088 ita

521 1135 727 1206 sopportune
748 1121 902 1199 adbibita,
937 1120 1066 1184 ιιιιιΙιιιιιι
1087 1130 1120 1182 ιι
1141 1117 1219 1182 lucis
1241 1129 1272 1182 et
1297 1117 1419 1201 gratiae
1446 1118 1584 1181 conlert.
1639 1119 1751 1200 Neque
1773 1120 1851 1184 euim

547 1218 650 1282 solum
671 1216 704 1278 id
725 1216 836 1290 efficit,
861 1224 896 1277 ιιι
914 1211 1050 1276 clariora
1068 1211 1165 1286 bant,
1188 1231 1270 1296 quae
1291 1211 1406 1275 dicturi
1427 1232 1555 1286 sumus,
1578 1213 1634 1274 sed
1653 1211 1758 1274 reiicit
1772 1231 1853 1296 qno·

550 1332 613 1395 que
632 1309 805 1373 audientem
827 1319 917 1372 certo
943 1306 1136 1392 singularum
1156 1305 1292 1388 partium
1315 1304 1396 1381 line,
1420 1323 1483 1368 noo
1508 1304 1599 1367 aliter
1620 1327 1712 1391 quam
1733 1304 1853 1368 lacien-

549 1404 634 1467 tibus
652 1403 714 1466 iter
732 1401 860 1464 multum
883 1403 1050 1463 detrabunt
1069 1396 1265 1484 fatigationis
1286 1409 1394 1464 ιιοιιιι
1414 1397 1590 1481 inscriptis
1612 1397 1767 1481 lapidibus
1780 1418 1854 1481 spa·

546 1497 605 1560 tia.
648 1495 784 1560 Partitio
806 1494 905 1580 igitur
927 1494 1071 1578 quotiens
1093 1493 1265 1557 adhibenda
1287 1504 1335 1556 est
1354 1493 1504 1556 illustrem
1527 1503 1560 1556 et
1584 1491 1762 1557 distinctam
1779 1493 1854 1557 lacit

505 1587 735 1654 llorationem.
778 1587 963 1653 Pae-titionis
978 1597 1084 1669 partes
1104 1598 1176 1650 ιιιιιι
1194 1587 1291 1664 duae,
1314 1608 1447 1671 quarum
1466 1598 1600 1672 utraque
1622 1607 1735 1672 magno
1755 1607 1853 1668 opere

547 1684 587 1744 ad
607 1681 806 1763 aperiendam
829 1701 955 1744 caussam
977 1692 1009 1744 ιι
1033 1680 1280 1745 constituendam
1306 1679 1443 1762 pertinet
1474 1679 1739 1746 controversiam.
1783 1681 1852 1744 Una

547 1796 622 1859 pars
640 1786 705 1850 est,
736 1795 817 1858 qnae
841 1773 919 1859 quid
938 1795 1008 1836 cum
1028 1771 1217 1836 adversariis
1238 1771 1424 1850 conveniat,
1454 1773 1584 1859 etquid
1605 1775 1636 1837 iu
1662 1785 1853 1840 conmaner-

546 1868 592 1933 sia
621 1868 817 1953 relinquatur
849 1866 1001 1941 ostendit;
1036 1888 1077 1930 ex
1098 1887 1158 1950 qua
1183 1878 1303 1930 certum
1326 1867 1472 1950 quiddam
1501 1867 1673 1931 destinatur
1698 1863 1855 1940 auditori,

549 1961 583 2025 in
606 1981 671 2045 quo
693 1959 826 2024 animum
847 1962 959 2023 debeat
980 1961 1099 2023 babere
1120 1970 1322 2042 occupatum.
1380 1961 1493 2026 Altera
1516 1971 1581 2037 est,
1611 1959 1643 2023 in
1669 1981 1732 2042 qna
1751 1979 1856 2024 rerum

507 2053 709 2130 ssomnium,
746 2053 918 2138 dequibus
940 2052 1054 2116 erimus
1077 2050 1213 2126 dicturi,
1247 2053 1388 2117 brevitor
1409 2053 1570 2137 expositio
1592 2051 1723 2138 ponitur
1751 2051 1857 2115 distri·

551 2149 644 2221 buta,
668 2167 729 2231 qua
749 2146 933 2222 coniicitur,
957 2157 992 2209 ιιι
1009 2155 1114 2209 certas
1136 2144 1238 2210 auimo
1259 2165 1312 2208 res
1334 2156 1440 2209 teneat
1460 2147 1606 2222 auditor,
1630 2146 1743 2231 quibus
1767 2145 1857 2209 dictis
1953 2213 1954 2232 ,

548 2238 706 2323 intelligat
725 2238 797 2302 lore
822 2251 1019 2323 peroratum.
1069 2239 1159 2319 Quae
1181 2237 1312 2320 partitio
1338 2239 1414 2322 quid
1438 2239 1608 2304 conveniat
1632 2249 1665 2303 et
1692 2239 1858 2326 quidnon

550 2332 719 2396 conveniat
749 2332 909 2409 ostendit,
952 2333 1031 2397 baec
1058 2334 1153 2396 debet
1180 2329 1275 2407 illud,
1307 2334 1393 2414 quod
1418 2331 1602 2409 conveniat,
1638 2332 1790 2396 inclinare
1822 2331 1860 2394 ad

550 2445 628 2489 snae
648 2445 760 2490 causae
781 2427 980 2490 commodum
1001 2426 1066 2488 boc
1085 2427 1200 2490 modo:
1223 2423 1445 2516 interfectam
1468 2437 1612 2489 matrem
1628 2446 1703 2490 esse
1722 2447 1746 2488 a
1759 2423 1855 2503 salio,

507 2535 540 2586 at
551 2519 704 2583 conuenit
729 2519 813 2583 mibi
841 2541 919 2582 cum
945 2519 1174 2593 adversariisr
1208 2518 1290 2582 item
1313 2529 1434 2583 eontra
1457 2516 1679 2611 intersectum
1710 2539 1784 2582 esse
1815 2517 1859 2582 ab

552 2633 665 2677 uxore
684 2616 976 2696 Agamemnonem
1001 2612 1174 2684 conuenite
1208 2632 1254 2674 an
1273 2613 1459 2676 sceleratus
1482 2615 1638 2688 Orestes,
1661 2623 1695 2676 et
1719 2633 1767 2675 an
1787 2633 1858 2676 see·

549 2707 660 2769 lerata
672 2709 963 2793 Clytaemnestra,
988 2725 1057 2769 non
1074 2704 1244 2768 conuenit:
1266 2707 1373 2768 etboc
1387 2702 1424 2771 τὸ
1446 2700 1643 2796 κρινόμενον.
1685 2707 1748 2770 Sed
1763 2727 1858 2790 qurum

548 2799 656 2862 scelus·
672 2799 713 2862 sit
732 2811 860 2877 matrem
879 2799 1079 2862 interemisse
1099 2797 1151 2860 vel
1166 2798 1307 2862 maritum
1330 2797 1540 2873 interemisse,
1562 2799 1658 2884 idque
1677 2799 1857 2874 conveniat,

548 2891 716 2975 plurimum
737 2893 866 2975 prolicit
889 2892 982 2956 etiam
1019 2893 1058 2955 ad
1088 2891 1140 2966 id,
1179 2893 1265 2976 quod
1292 2912 1354 2955 non
1385 2893 1533 2957 convenit
1554 2892 1637 2956 inter
1661 2905 1788 2977 partes,
1825 2902 1861 2956 ut

507 3003 539 3053 25
550 2985 698 3048 scelerati
717 2986 901 3061 rideantur,
924 2985 983 3071 qni
1003 2984 1036 3049 id
1057 2984 1216 3048 admisisse
1236 2987 1420 3048 doceantur.
1464 2987 1527 3060 Ut,
1550 2986 1662 3050 dicam
1684 2988 1726 3050 de
1745 2986 1861 3050 auari-

551 3079 622 3155 tia,
646 3079 688 3142 de
704 3079 882 3162 superbia,
906 3080 948 3142 de
966 3078 1179 3142 cnedelitute.
1222 3080 1289 3153 Ut,
1312 3079 1424 3142 dicam
1440 3079 1573 3162 primo,
1596 3101 1683 3166 quae
1701 3080 1738 3144 in
1757 3103 1861 3167 quae·

551 3185 668 3248 stura,
691 3194 778 3257 quae
791 3172 828 3236 in
845 3172 1038 3248 aedilitate,
1062 3171 1206 3258 quaein
1225 3184 1393 3256 praetura
1415 3175 1562 3250 Romae,
1582 3185 1760 3257 postremo
1774 3197 1862 3262 quae

551 3267 590 3330 in
607 3264 786 3348 prouincia
807 3264 1014 3329 commiserit
1021 3288 1034 3338 ,·
1063 3277 1095 3329 ιι
1118 3264 1203 3328 ιιΙίι.
1256 3264 1310 3328 Sic
1332 3275 1364 3330 et
1387 3266 1521 3330 Marcus
1545 3267 1669 3331 'stallius
1692 3267 1772 3332 lecit
1799 3287 1860 3350 pro

552 3359 680 3422 Tullio:
704 3359 867 3422 damnum
891 3360 1010 3423 datum
1028 3359 1144 3423 mutio
1169 3369 1202 3422 et
1222 3357 1254 3422 ui
1278 3359 1468 3423 hominibus
1483 3359 1628 3424 αινιαιὶι
1651 3372 1686 3424 et
1709 3360 1862 3452 asanai-

509 3453 602 3522 soia'a
620 3455 660 3516 P.
684 3451 778 3514 Fabii
809 3463 969 3514 constare
997 3451 1089 3527 dicit;
1125 3451 1162 3514 in
1184 3451 1419 3516 controuersia
1439 3463 1554 3516 aretem
1577 3472 1671 3530 esse,
1705 3475 1753 3517 an
1781 3455 1862 3518 dolo

557 3547 649 3618 malo
655 3544 817 3607 damnum
824 3545 1012 3618 dotnmsim
1029 3547 1116 3628 quod
1130 3555 1177 3608 est
1188 3541 1227 3609 τὸ
1237 3540 1438 3631 κρινόμενον,
1454 3548 1603 3632 quodque
1616 3547 1863 3628 adluanturpln-

550 3637 663 3700 rimum
684 3655 726 3698 ex
745 3637 811 3712 bis,
848 3639 887 3700 de
915 3639 1029 3722 qnibus
1050 3637 1223 3701 convenire
1250 3637 1404 3701 constitit.
1447 3639 1556 3702 Idem:
1593 3640 1710 3703 dolum
1732 3643 1862 3702 malum

552 3751 643 3805 esse,
659 3751 763 3814 quum
765 3728 917 3821 familia
928 3743 1065 3795 armata
1077 3732 1140 3806 eit,
1156 3751 1260 3816 quum
1274 3732 1320 3793 ael
1332 3732 1401 3794 cim
1414 3732 1560 3807 uenerit,
1577 3753 1682 3816 qurum
1696 3733 1862 3796 dunensem

550 3825 718 3888 intulerit.
772 3826 863 3904 Quae
891 3837 992 3889 autem
1024 3825 1153 3908 partitio
1176 3824 1331 3901 omnium,
1356 3845 1433 3908 quas
1460 3824 1574 3889 dicturi
1603 3845 1728 3900 sumus,
1754 3847 1861 3890 rerum

507 3937 539 3988 as
553 3915 748 3980 distributam
769 3916 908 3982 continet
928 3918 1183 4000 expositionem,
1221 3921 1297 3982 baec
1320 3921 1435 3982 babere
1457 3920 1549 3982 debet
1571 3917 1781 3992 brevitatem,
1805 3921 1862 3982 ab·

551 4009 759 4086 solutionem,
796 4009 998 4091 paucitatem.
1044 4010 1191 4074 Brevitas
1215 4022 1284 4087 est,
1308 4033 1403 4095 quum
1429 4011 1487 4074 nisi
1509 4007 1718 4074 necessarium
1742 4011 1861 4074 nullum

550 4104 719 4192 assumitur
738 4106 889 4176 rerbume
913 4124 993 4188 quae
1014 4104 1133 4167 iccirco
1155 4116 1203 4168 est
1225 4105 1325 4180 utilis,
1350 4107 1437 4188 qnod
1454 4107 1548 4168 rebus
1569 4103 1643 4186 ipsis
1663 4111 1695 4164 et
1716 4105 1861 4186 partibus

551 4216 685 4272 oarrsae,
708 4216 772 4260 non
796 4197 901 4260 verbis
924 4217 1027 4281 neque
1048 4197 1206 4260 extraneis
1229 4197 1420 4260 ornamentis
1442 4197 1560 4260 animus
1574 4197 1727 4262 aetditoris
1751 4211 1861 4264 tenen-

551 4293 692 4354 deusest.
736 4287 908 4353 Absobatio
929 4301 989 4364 est,
1012 4310 1070 4371 per
1095 4309 1189 4374 quam
1220 4291 1377 4368 omnium,
1415 4313 1496 4376 qnae
1517 4291 1658 4356 incidunt
1679 4291 1709 4354 io
1734 4313 1860 4362 calisam

508 4397 541 4449 to
553 4401 691 4466 genera,
715 4385 755 4446 de
776 4382 889 4466 quibus
910 4383 1072 4446 dicendum
1094 4394 1159 4460 est,
1193 4384 1423 4466 amplectimur.
1468 4385 1506 4448 ln
1529 4407 1590 4470 qua
1611 4385 1784 4468 partitione
1806 4409 1860 4450 ca·

552 4477 688 4538 sendum
706 4486 778 4551 est,
812 4497 852 4538 ne
873 4476 957 4539 aliud
977 4474 1106 4560 aliquod
1128 4497 1228 4562 gentes
1250 4477 1324 4540 utile
1345 4477 1562 4562 relinquatur,
1592 4491 1647 4542 aut
1668 4501 1744 4545 sero
1768 4493 1860 4545 extra

550 4565 770 4650 partitionem,
793 4568 826 4632 id
846 4570 935 4655 qood
955 4567 1187 4632 vitiosissimum
1210 4590 1247 4632 ac
1267 4570 1479 4652 turpissimum
1495 4583 1559 4649 est,
1583 4571 1752 4638 inferatur.
1775 4575 1860 4640 Pau·

551 4659 630 4724 citas
657 4660 688 4724 in
716 4660 887 4744 partitione
912 4674 1076 4737 servatur,
1114 4662 1286 4747 sigenam
1314 4662 1384 4746 ipsa
1412 4684 1517 4728 rerum
1540 4679 1717 4749 ponantur,
1757 4689 1859 4753 neque

1515 4813 1859 4829 -.ὴ-

554 4887 560 4902 ’
637 4881 661 4938 5,
692 4883 754 4929 ced.
779 4889 907 4943 ορονιιιιιι.
954 4881 998 4931 29.
1027 4883 1088 4930 cod.
1117 4883 1142 4932 2.
1162 4899 1231 4931 mano
1250 4883 1402 4944 dampnatas
1428 4891 1452 4932 at
1472 4887 1494 4932 l.
1514 4885 1641 4936 damnum.
1689 4891 1729 4936 Sic
1748 4895 1771 4937 al
1788 4891 1857 4936 istra.

689 4950 732 4999 so.
751 4953 812 4999 Col.
830 4967 875 5010 pro
891 4953 919 5000 Ρ.
938 4953 1011 4998 foen
1027 4955 1097 5000 babet
1112 4955 1209 5014 pracda
1226 4955 1263 5008 ei,
1289 4955 1328 5013 qui
1348 4961 1385 5001 eat
1408 4957 1499 5001 librarii
1518 4971 1589 5002 error
1610 4965 1677 5006 nolas
1699 4965 1791 5008 saleru
1811 4971 1856 5004 ase

688 5023 850 5083 iatrllisssatis.
888 5020 930 5070 39.
948 5023 1009 5068 Edd.
1028 5025 1121 5074 emnia.
1153 5023 1193 5070 ll.
1213 5025 1276 5085 Lapa
1293 5039 1324 5069 ne
1342 5031 1386 5070 ast
1404 5025 1514 5084 aliquod.
1533 5028 1603 5076 Bata.

628 5120 672 5200 lb.
691 5121 751 5197 ctess
770 5139 805 5197 de
826 5121 935 5198 lunens..
953 5144 974 5197 l.
995 5148 1039 5199 22.
1140 5135 1144 5146 ’
1183 5127 1195 5146 ”
