4434 5959
522 595 584 656 tor
666 559 697 672 J
926 595 1419 696 Favoniusflnunoctus

521 740 594 800 dum
617 736 710 800 altior
732 734 913 819 Aquilone,
936 736 1087 800 humilior
1108 738 1232 801 Austro
1253 734 1418 814 incurrat,
1442 735 1568 802 videtur
1592 739 1747 816 eradere;
1778 743 1844 807 nisi

521 834 609 915 quod
630 831 797 915 aliquando
821 852 881 912 pro
904 833 1076 893 mundanae
1097 829 1192 894 sortis
1216 842 1461 912 etcorporum,
1486 833 1602 915 quibus
1620 834 1676 894 ae'r
1695 849 1840 918 praeest,

519 925 705 989 necessitate
727 926 905 1006 perpetitur
933 924 1032 988 veluti
1060 923 1109 987 sui
1132 923 1254 986 luminis
1288 937 1435 989 mortem.
1494 929 1595 991 Vides
1617 948 1718 1014 ergo,
1750 934 1843 1014 quod

519 1041 667 1083 numerus
691 1019 774 1094 iste,
798 1041 892 1103 quem
918 1019 1069 1094 diximus,
1102 1030 1175 1102 agat
1194 1017 1225 1080 in
1248 1019 1350 1083 caelo.
1396 1019 1532 1098 Constat
1553 1024 1605 1085 hic
1626 1045 1665 1088 ex
1687 1026 1785 1108 pleno
1811 1039 1843 1087 et

495 1137 583 1184 snon
601 1115 718 1196 pleno,
753 1113 854 1175 tribus
873 1111 1017 1174 videlicet
1041 1123 1072 1173 et
1092 1114 1228 1175 duobus.
1273 1115 1342 1176 Nec
1366 1114 1517 1178 dividitur
1543 1117 1624 1180 sicut
1651 1119 1754 1182 omnis
1780 1119 1843 1181 irn-

518 1231 580 1290 par
612 1207 797 1291 aequaliter.
852 1209 969 1270 Sensus
1002 1205 1149 1286 corporis
1178 1205 1283 1268 nostri
1310 1209 1369 1268 sub
1397 1209 1460 1271 hoc
1485 1229 1617 1276 nruncro
1641 1213 1841 1295 [contineri]

519 1301 719 1364 manifestum
749 1311 808 1362 est.
867 1301 963 1362 Hunc
995 1299 1133 1363 Romani
1164 1299 1193 1361 in
1227 1301 1338 1381 populi
1367 1300 1523 1367 divisione
1548 1309 1649 1370 secuti
1674 1318 1767 1382 sunt,
1809 1307 1841 1370 in

520 1398 659 1481 quinque
684 1399 801 1457 classes
822 1394 926 1456 omnia
948 1393 1083 1457 civitatis
1106 1395 1245 1456 membra
1265 1395 1460 1459 claudentes.

604 1490 751 1552 Senarins
776 1509 876 1563 vero,
900 1487 953 1572 qui
974 1486 1116 1570 sequitur
1139 1509 1307 1566 nruuerus,
1341 1502 1502 1572 potentem
1525 1515 1563 1557 ac
1585 1495 1720 1559 divinam
1746 1507 1842 1558 natu·

477 1605 573 1654 torae
596 1605 670 1646 suae
696 1581 819 1646 obtinet
840 1593 1046 1665 potestatem:
1080 1579 1236 1666 siqnidem
1260 1586 1380 1660 τέλειος
1400 1585 1542 1666 primus,
1580 1587 1697 1664 idest,
1728 1589 1840 1671 perie-

519 1693 608 1752 ctus,
636 1677 728 1742 etiarn
749 1676 918 1758 repetitur.
962 1671 1164 1764 Perfectum
1188 1676 1377 1740 arithmetici
1405 1689 1542 1756 vocant,
1579 1679 1693 1766 quise
1727 1682 1842 1762 implet

517 1775 661 1858 partibus
683 1773 759 1836 suis.
802 1776 941 1837 Partem
962 1770 1172 1832 calculatores
1195 1770 1320 1846 dicunt,
1352 1771 1467 1855 quibus
1496 1773 1600 1838 maior
1625 1775 1730 1860 aliqua
1751 1798 1841 1838 sum·

518 1892 569 1932 ma
595 1868 819 1950 componitur,
851 1878 885 1928 ut
907 1865 959 1927 hic
985 1861 1187 1937 exdimidia,
1220 1863 1328 1938 tertia,
1362 1878 1451 1928 sexta
1481 1869 1656 1932 coniunctis
1678 1869 1840 1934 senarium

517 1984 681 2027 nnmerum
710 1959 863 2040 complet.
908 1959 989 2022 Nam
1016 1957 1155 2021 111.11.
1180 1967 1212 2019 et
1234 1959 1261 2020 I.
1286 1960 1380 2042 (quae
1404 1960 1512 2040 portio
1538 1973 1588 2024 cst
1619 1967 1721 2043 sexta)
1743 1983 1839 2026 sena-

476 2058 605 2130 tsriam-
620 2056 748 2138 expedit
771 2052 988 2138 quantitatem.
1044 2051 1142 2131 Quod
1162 2049 1194 2111 in
1217 2050 1284 2113 aliis
1306 2052 1471 2133 exprimo
1491 2075 1587 2119 versu
1609 2056 1746 2121 numeris
1774 2079 1841 2120 non

517 2151 674 2233 reperies.
733 2151 816 2212 Nam
839 2145 937 2210 ceteri
960 2166 1052 2228 pares
1077 2143 1200 2207 numeri
1223 2155 1277 2207 aut
1298 2146 1378 2208 enim
1410 2169 1443 2210 se
1465 2151 1642 2231 complent,
1673 2154 1840 2214 autetiam

517 2255 697 2315 transeunt;
722 2242 775 2306 hic
801 2241 890 2306 solus
916 2251 981 2314 est,
1006 2238 1146 2322 quisuis
1171 2240 1314 2320 partibus
1338 2241 1404 2303 sine
1427 2243 1492 2306 ullo
1514 2243 1693 2308 discrimine
1714 2267 1840 2328 suppu-

519 2348 603 2401 tatus
627 2336 814 2399 absolvitur.
859 2336 940 2396 Nam
957 2333 1177 2416 quaternarius
1200 2334 1296 2426 habet
1315 2334 1470 2398 dimidiam
1487 2339 1567 2412 duo;
1591 2340 1733 2414 tertiam,
1759 2361 1841 2422 pro·

516 2442 589 2513 pter
603 2431 765 2493 monadem
780 2427 1002 2502 insecabilem,
1017 2446 1082 2490 non
1094 2427 1209 2501 habct;
1233 2440 1364 2512 quartae
1379 2429 1523 2493 accidens
1533 2432 1748 2496 tertiinumeri
1761 2457 1841 2498 con·

474 2547 506 2595 on
517 2525 596 2586 tinet
614 2544 776 2585 summam.
835 2519 1002 2604 Colligere
1020 2539 1100 2602 crgo
1122 2541 1186 2582 non
1208 2533 1317 2603 potest
1340 2535 1511 2606 quattuor,
1547 2530 1634 2610 quod
1651 2529 1702 2592 hic
1723 2531 1839 2593 tertius

517 2639 558 2680 ex
577 2616 750 2698 imparibus
768 2627 917 2678 constans
936 2615 1025 2676 solus
1044 2613 1189 2676 emeruit.
1234 2617 1315 2678 Nam
1339 2629 1435 2692 octo,
1461 2619 1516 2703 qui
1535 2641 1576 2683 ex
1593 2623 1724 2704 paribus
1740 2643 1839 2707 quar·

516 2722 567 2776 tus
590 2723 656 2786 est,
695 2731 790 2794 quum
809 2709 924 2769 habeat
952 2705 1108 2768 dimidiam
1130 2719 1298 2793 quattuor,
1333 2711 1426 2786 tertia
1448 2725 1572 2789 carcat,
1605 2727 1747 2801 quartam
1772 2719 1837 2781 dito

509 2805 666 2886 accipiat,
702 2804 841 2887 quintam
864 2822 962 2876 vero,
995 2812 1115 2862 sextam
1148 2793 1377 2887 septiniamque
1398 2827 1470 2870 uon
1499 2810 1631 2886 habeat,
1667 2811 1838 2874 accedente

519 2911 648 2973 octava,
673 2919 755 2980 quae
773 2907 939 2978 superest,
963 2915 996 2956 se
1013 2897 1174 2976 complere
1191 2917 1254 2960 non
1274 2899 1416 2981 poterit,
1441 2913 1475 2964 ut
1495 2901 1526 2964 in
1541 2902 1591 2966 his
1610 2905 1747 2967 numeris
1766 2925 1839 2967 cer·

473 3010 572 3060 tsnas
590 2993 686 3055 licet:
722 2991 806 3055 1111.
830 2991 878 3054 ΙΙ.
901 2992 930 3053 Ι.
954 3001 1075 3069 septem
1097 3001 1181 3065 sunt,
1205 3010 1269 3054 nou
1292 3005 1386 3070 octo,
1412 2995 1465 3079 qni
1486 3017 1582 3078 supra
1607 3010 1699 3061 scrut:
1724 3019 1759 3062 se
1778 2999 1838 3061 ita·

517 3109 579 3174 que
602 3087 766 3169 complere
795 3105 860 3148 non
883 3094 1069 3166 potuerunt.
1127 3082 1255 3160 Decas,
1291 3087 1419 3171 quintus
1449 3109 1508 3170 par
1536 3111 1702 3167 numerus,
1740 3095 1839 3156 habet

516 3181 674 3245 dimidiam
696 3182 754 3258 V„
782 3179 908 3242 tertiam
931 3177 1132 3252 nonhabet,
1157 3192 1299 3264 quartam
1324 3203 1387 3244 non
1414 3184 1527 3258 habet,
1551 3185 1691 3268 quintam
1707 3187 1836 3270 recipit,

516 3278 583 3351 11.;
606 3287 716 3350 sexta,
740 3274 891 3355 septima,
917 3285 1051 3345 octava,
1077 3293 1160 3334 noua
1181 3287 1270 3355 parte
1290 3275 1433 3356 privatus
1461 3289 1530 3352 est;
1555 3281 1723 3343 accedente
1749 3281 1836 3343 deci·

517 3392 586 3446 rna,
609 3371 725 3444 idest,
748 3368 826 3431 facit
849 3379 941 3439 octo,
966 3385 1029 3427 non
1047 3366 1167 3428 decem.
1213 3366 1390 3454 Duodecim
1407 3391 1530 3432 rursum
1551 3375 1701 3448 attende,
1725 3394 1836 3456 quam·

476 3463 567 3531 novis
589 3463 716 3525 alterius
737 3483 851 3525 versus
876 3461 1020 3523 videatur
1041 3460 1160 3522 habero
1188 3461 1340 3545 reliquias
1369 3476 1423 3526 aut
1451 3479 1542 3527 extra
1564 3477 1684 3530 sortem
1712 3487 1836 3548 propo·

517 3558 595 3620 sitae
617 3555 747 3618 rationis
769 3557 832 3631 sit,
856 3556 946 3638 quia,
970 3565 1005 3616 ut
1028 3573 1136 3615 monas
1160 3553 1190 3616 in
1209 3556 1311 3636 primo
1332 3579 1442 3635 versu,
1468 3559 1514 3622 sie
1535 3558 1565 3621 in
1587 3562 1725 3623 secundo
1742 3562 1836 3623 decas

517 3650 643 3715 obtinet
671 3649 921 3712 fundamentum.
980 3649 1072 3730 Ergo
1102 3646 1130 3709 si
1158 3649 1321 3713 duodecim
1350 3654 1486 3732 partium
1509 3638 1588 3717 v'elis
1610 3655 1837 3736 supputatione

519 3745 698 3817 conticere,
732 3740 879 3804 transibit
903 3753 1000 3805 semet
1020 3741 1143 3820 ipsum,
1183 3763 1240 3805 arec
1263 3746 1388 3822 cadem,
1424 3769 1505 3832 quae
1533 3769 1629 3830 supra
1661 3751 1741 3812 dicta
1765 3761 1835 3824 cst,

518 3838 640 3902 ratione
663 3837 848 3922 quadrabit:
872 3837 1025 3920 siquidem
1037 3837 1100 3897 Vl.
1118 3835 1293 3913 dimidiam,
1317 3839 1401 3903 llll.
1425 3841 1569 3916 tertiam,
1595 3853 1737 3926 quartam
1754 3844 1835 3919 lll.,

476 3943 640 4000 tssextam
664 3953 745 3995 vero
768 3931 888 4012 etipsa
918 3927 1122 3994 duodecima:
1157 3931 1292 3994 sedecim
1318 3931 1450 3997 iaciunt.
1510 3935 1558 3998 lta
1584 3936 1644 3998 sibi
1666 3937 1839 4019 coaequari

519 4049 584 4090 non
609 4028 726 4089 valent.
771 4025 809 4088 In
828 4027 884 4087 has
907 4025 987 4088 enim
1009 4025 1094 4088 solas
1115 4035 1223 4103 partes
1250 4026 1414 4090 duodecim
1439 4049 1633 4110 separamus.
1677 4030 1740 4092 Sed
1758 4031 1840 4092 baec

520 4124 559 4184 de
584 4121 652 4183 aliis
674 4118 893 4181 instructionis
916 4116 1018 4203 gratia
1040 4118 1235 4197 dixerimus,
1272 4143 1310 4184 uc
1336 4124 1374 4184 de
1399 4123 1534 4203 septimo
1557 4133 1612 4184 ant
1638 4134 1754 4185 octavo
1780 4145 1840 4186 nu-

521 4236 610 4278 mero
635 4213 829 4295 disputantes
862 4215 1089 4278 obscuritatem
1122 4215 1272 4297 aliquam,
1311 4215 1394 4277 nulla
1422 4216 1674 4299 praestructione
1701 4219 1807 4298 posita
1825 4262 1835 4292 ,

522 4309 712 4371 subiremus.
758 4308 827 4368 Nec
847 4307 1011 4368 dicendum
1035 4321 1099 4384 est,
1131 4309 1271 4391 quaesit
1292 4311 1405 4374 horum
1436 4311 1600 4392 plenitudo
1621 4331 1837 4386 numerorum,

478 4404 636 4484 inquibus
657 4422 717 4481 pcr
738 4402 923 4464 alterutrum
944 4402 1044 4464 ductis
1064 4403 1129 4466 VI.
1152 4403 1362 4468 coniiciuntur
1378 4391 1461 4469 annii
1506 4405 1566 4467 His
1588 4403 1670 4467 cuim
1693 4403 1838 4468 Africani

522 4495 713 4578 posterioris
736 4496 799 4557 vita
821 4494 971 4558 conclusa
996 4507 1056 4558 est.
1508 4543 1510 4548 -

606 4588 765 4669 Septimus
775 4588 873 4671 igitur
885 4609 1031 4650 numerus
1040 4591 1153 4670 plenus
1163 4600 1209 4652 est
1219 4589 1267 4654 his
1280 4589 1444 4669 decausis,
1459 4591 1530 4676 quia
1541 4603 1571 4654 et
1582 4591 1613 4654 in
1626 4589 1717 4656 initio
1731 4593 1794 4656 duo
1806 4601 1838 4654 et

520 4693 587 4745 tres
596 4683 697 4745 medio
707 4693 737 4743 et
750 4682 1148 4764 duoiinecomplexuscst;
1163 4697 1238 4759 tum,
1251 4689 1336 4767 quod
1347 4686 1514 4767 primusex
1523 4685 1773 4750 duobusdirersi
1782 4707 1838 4768 ge·

598 4861 624 4914 7.
645 4853 758 4907 Scribe:
787 4855 890 4906 Sensus
913 4860 1040 4922 corporis
1057 4861 1149 4908 nostri
1167 4856 1217 4906 sub
1236 4854 1286 4908 lroe
1304 4863 1447 4908 memorari
1466 4857 1627 4924 confessum
1654 4863 1707 4910 ast.
1729 4859 1838 4910 Banna.

522 4939 566 4990 ll·
577 4936 618 4986 An
630 4949 687 4982 esse
697 4933 838 5000 reperitur
848 4931 901 4984 On.
916 4932 959 4987 16.
972 4931 1043 4984 Fort.
1057 4939 1108 4984 arat
1121 4949 1176 4984 non
1190 4950 1217 4982 se
1230 4932 1376 5000 complent.
1398 4935 1477 4986 Brun.
1498 4939 1542 4990 19.
1557 4931 1631 4984 Fort.
1645 4939 1748 5000 qranrta
1761 4949 1840 4982 acee-

520 5007 599 5062 drns.
616 5010 694 5059 Barr.
708 5006 835 5062 astron.
846 5003 1179 5076 tdest‚1.,factt.ttarr.
1199 5009 1245 5067 35.
1258 5008 1331 5060 Fort.
1341 5007 1475 5075 siqnidem
1487 5005 1682 5072 thtmtdta,
1697 5007 1764 5060 1111.
1777 5014 1838 5057 trr-

521 5087 575 5148 tta,
596 5080 890 5150 qrtartn111.,sexta
917 5098 985 5132 vero
1013 5081 1050 5134 II.
1076 5091 1106 5134 st
1124 5089 1186 5151 ipsa
1211 5081 1373 5134 derodertnra
1401 5080 1450 5155 (1.)
1475 5081 1593 5136 sedecim
1603 5079 1736 5152 sonitant.
1753 5083 1836 5136 Bata.

520 5159 567 5215 59.
586 5158 651 5229 [ες.
671 5157 753 5210 Nunc
772 5154 917 5208 dicendum
932 5162 984 5208 est.
1002 5158 1083 5212 Bam.
1122 5161 1167 5218 40.
1187 5157 1252 5230 Lag.
1272 5157 1303 5214 V
1303 5157 1326 5212 1.
1345 5167 1374 5211 et
1392 5157 1424 5212 l..
1443 5155 1524 5229 conf.
1545 5163 1621 5214 anni.
1642 5159 1727 5218 lim.
