4434 5959
545 602 607 667 sm
1053 547 1339 663 vlcronm'ns

544 741 638 803 stioai
660 741 809 823 prodest,
841 758 923 801 nrrnc
943 736 972 802 ei
990 736 1055 813 rei,
1084 756 1165 821 quae
1188 734 1287 798 vicina
1309 745 1356 797 est
1377 733 1566 819 quaestioni.
1613 733 1727 821 Itaque
1746 756 1843 818 argo.

543 846 678 897 mentum
703 852 782 893 urrnc
810 830 945 893 ricinum
970 841 1018 893 est
1040 828 1234 913 quaestioni,
1267 848 1348 891 uiroc
1370 829 1442 892 loco
1465 828 1577 904 tertio,
1603 857 1684 898 num
1706 839 1842 915 quarto,

544 948 627 990 nrsnc
648 924 758 1009 quinto
780 923 931 989 nascitur.
975 922 1164 986 Aristotcles
1187 932 1288 984 antem
1310 920 1389 983 dixit
1410 920 1501 984 etiam
1517 924 1590 991 loco
1607 929 1726 991 decimo
1748 940 1844 1007 posse

543 1018 614 1082 iieri
644 1028 875 1101 argumentum.
932 1017 995 1078 Sed
1023 1036 1117 1096 quum
1146 1034 1239 1095 saepe
1269 1024 1481 1097 argumentum
1504 1027 1566 1081 tam
1588 1020 1686 1105 longe
1707 1039 1723 1080 a
1747 1036 1846 1099 quae·

517 1112 647 1175 astione
669 1111 729 1185 sit,
753 1110 816 1172 boc
837 1119 955 1171 tantum
978 1106 1155 1190 syllogismi
1178 1118 1246 1181 est,
1270 1116 1304 1167 ut
1325 1105 1373 1181 id,
1398 1111 1484 1190 quod
1506 1108 1601 1195 longe
1622 1134 1640 1175 a
1661 1110 1846 1195 quaestione

545 1217 611 1279 est,
650 1204 748 1267 eidem
778 1202 952 1285 quaestioni
980 1200 1102 1263 dicendi
1127 1196 1366 1261 ratiocinatione
1394 1200 1578 1285 coniungat.
1636 1209 1686 1269 Ae
1708 1202 1846 1265 vicinum

546 1308 760 1381 argumentum
783 1296 845 1358 talc
866 1307 932 1359 est:
961 1293 1131 1376 Quoniam
1149 1291 1202 1355 nic
1226 1290 1382 1355 inimicus
1392 1290 1494 1379 ficit,
1530 1298 1673 1361 occidite
1703 1296 1801 1377 longe
1825 1312 1845 1353 a

546 1390 729 1475 quaestione
751 1398 968 1472 argumentum
987 1388 1047 1448 tale
1069 1397 1133 1447 est:
1156 1382 1318 1451 Inimicus
1337 1385 1469 1448 occidit.
1499 1388 1586 1451 'Hoc
1601 1390 1673 1472 quia
1694 1385 1845 1473 generale

546 1495 610 1558 est,
634 1480 969 1563 primodisserendum
982 1489 1048 1553 est,
1072 1488 1175 1540 utrum
1195 1477 1334 1539 inimicus
1349 1498 1473 1557 semper
1491 1480 1632 1546 occidat:
1649 1483 1741 1566 'quod
1753 1488 1846 1561 post.

503 1590 535 1639 to
547 1596 637 1658 quam
659 1574 849 1648 asserueris.
872 1594 934 1637 non
950 1571 1050 1634 statim
1069 1571 1188 1650 probas
1206 1570 1287 1630 brine
1303 1568 1473 1633 occidisse:
1495 1574 1551 1635 led
1565 1577 1605 1636 ad
1626 1576 1689 1639 hoc
1703 1573 1843 1657 proiicit,

547 1680 581 1731 ut
603 1689 711 1730 rursm
733 1670 848 1731 doceas
870 1669 953 1729 barne
972 1663 1130 1726 inimicum
1151 1661 1265 1723 inisse:
1290 1664 1375 1744 qnod
1395 1674 1560 1745 postquam
1576 1668 1746 1732 asserueris
1761 1668 1845 1729 brine

544 1760 699 1824 inimicum
721 1760 838 1836 inisse,
876 1770 950 1821 trine
972 1759 1092 1819 demum
1115 1754 1198 1816 redis
1220 1755 1258 1815 ad
1279 1754 1508 1835 quaestionem:
1545 1762 1642 1842 Ergo
1662 1762 1732 1837 laic,
1763 1756 1847 1842 qnia

543 1850 813 1942 inimicitasuit,
836 1850 972 1914 occidit.
1016 1846 1137 1911 Deinde
1159 1848 1254 1928 louge
1276 1845 1404 1925 petitum
1427 1863 1642 1931 argumentum
1664 1852 1755 1915 etiam
1777 1852 1844 1915 illic

552 1946 623 2007 iicet
645 1944 913 2017 animadvertere,
945 1940 999 2004 ubi
1022 1940 1140 2005 Cicero
1162 1938 1323 2021 redarguit
1343 1938 1571 2024 Hermagoran
1592 1966 1655 2006 non
1678 1956 1763 2006 recte
1784 1946 1844 2005 srrb

503 2040 712 2122 esqualitate
742 2036 886 2119 posuisse
915 2034 1188 2097 deliberationem
1214 2041 1246 2093 et
1274 2030 1610 2111 demonstrationem,
1635 2036 1690 2099 ubi
1710 2036 1845 2118 primum

546 2136 641 2196 docet
669 2152 785 2215 genera
815 2150 884 2192 esse
911 2147 1093 2191 causarumz
1132 2125 1216 2208 qnod
1240 2122 1266 2187 si
1289 2144 1403 2205 genera
1422 2138 1493 2187 sunt
1521 2148 1706 2206 cansarum,
1739 2144 1846 2213 partes

545 2224 671 2309 generis
700 2244 811 2286 causae
841 2243 909 2286 esse
938 2243 1002 2283 nnn
1029 2238 1142 2301 posse;
1180 2227 1211 2279 et
1232 2215 1258 2279 si
1286 2227 1392 2298 partes
1413 2218 1538 2301 generis
1560 2240 1670 2287 canisae
1692 2246 1759 2288 esne
1781 2246 1845 2287 nnn

544 2319 686 2400 possint,
719 2317 818 2379 merito
840 2314 939 2395 magis
961 2325 1067 2395 partes
1088 2309 1222 2392 partium
1246 2332 1313 2373 esse
1340 2332 1401 2375 non
1424 2332 1530 2394 posse.
1574 2316 1743 2381 Postremo
1765 2318 1848 2381 redit

543 2412 585 2473 ad
604 2409 836 2493 quaestionema
861 2411 957 2475 Male
974 2407 1083 2490 igitur
1104 2402 1290 2466 deliberatio
1311 2415 1345 2466 et
1366 2404 1591 2471 demonstratio
1612 2410 1674 2473 sub
1694 2411 1845 2494 qualitate

501 2516 534 2566 2⁰
540 2514 730 2587 ponuntur.
780 2502 891 2585 Itaque
924 2508 1140 2584 argumentum
1175 2516 1256 2557 nunc
1287 2497 1384 2578 longe
1415 2500 1637 2582 aquaestione
1659 2513 1725 2578 est,
1759 2524 1842 2565 nisae

544 2595 680 2658 ricinum
705 2604 752 2656 est
773 2590 961 2677 quaestioni.
1004 2588 1126 2653 Deinde
1144 2589 1291 2651 debemus
1311 2590 1372 2652 lion
1388 2589 1651 2669 animadvertere,
1674 2614 1846 2678 argumen-

543 2696 609 2751 tum
630 2688 839 2770 quodcunque
861 2685 1027 2757 srrmimur,
1063 2693 1168 2744 utrum
1191 2680 1220 2742 in
1244 2702 1362 2763 genere
1391 2682 1448 2758 sit,
1487 2704 1524 2747 an
1547 2685 1576 2747 in
1599 2685 1723 2767 specie:
1764 2687 1791 2751 si
1812 2689 1844 2749 in

544 2800 680 2865 genere,
703 2778 770 2843 sine
791 2776 986 2842 dubitatione
1007 2794 1189 2857 proponere
1207 2776 1378 2850 debemus;
1402 2776 1509 2841 deinde
1524 2780 1701 2860 approbare
1715 2782 1845 2843 eandem

542 2870 814 2956 propositionem
837 2869 933 2934 tertio
948 2870 1022 2935 loco
1036 2867 1173 2948 speciem
1189 2888 1363 2942 assumere3
1386 2882 1498 2951 quarto
1514 2870 1587 2935 loco
1602 2872 1845 2952 assumptionem

500 2987 533 3037 νε
542 2965 659 3047 speciei
681 2965 785 3029 miritis
806 2963 984 3028 rationibus
1004 2961 1206 3043 approbare3
1229 2971 1393 3040 postremo
1415 2962 1616 3029 concludere.
1657 2963 1759 3027 Huitrs
1779 2965 1846 3045 syl·

541 3057 670 3144 logisnii
690 3056 888 3121 subiiciamus
910 3054 1087 3135 exernplmn
1108 3053 1185 3114 iliud
1206 3054 1305 3133 ipsum
1328 3052 1587 3135 Epamiuotidae:

623 3153 751 3217 Omnes
766 3152 878 3234 leges,
901 3148 1047 3222 iudices,
1069 3144 1117 3207 ad
1133 3146 1347 3210 commodum
1360 3148 1411 3210 rei
1422 3147 1574 3230 plublicae
1588 3148 1724 3239 efferre
1738 3172 1842 3233 opor·

542 3257 607 3317 tet.
631 3244 708 3323 ceu]
752 3244 841 3305 Haec
861 3238 1040 3324 propositio
1062 3250 1109 3301 est
1131 3238 1288 3321 generalis
1309 3240 1375 3303 sine
1391 3241 1451 3303 ulla
1473 3241 1679 3307 dubitatione.
1724 3244 1847 3307 Deinde

543 3338 701 3418 approbet
717 3338 844 3397 eandem
860 3332 1129 3416 propositionem:
1151 3335 1205 3395 En
1222 3334 1310 3396 enim
1329 3335 1452 3397 uirtute
1464 3345 1498 3397 et
1512 3335 1679 3417 sapientia
1698 3336 1848 3401 maiores

500 3454 533 3505 30
543 3429 652 3493 nostri
660 3426 838 3518 serenent,
870 3437 932 3490 cet.
976 3424 1090 3488 'l'ertio
1119 3424 1192 3489 loco
1220 3426 1342 3507 speeies
1374 3427 1563 3492 assumitur:
1597 3431 1694 3511 Ergo
1721 3429 1756 3490 in
1783 3432 1848 3493 bne

541 3542 673 3605 qrurque
691 3520 820 3584 iudicio
840 3519 983 3583 desinite
999 3519 1120 3581 literne
1141 3518 1227 3601 legis
1247 3520 1475 3601 perscrutari,
1500 3531 1562 3583 cet.
1621 3520 1743 3599 (triario
1772 3522 1848 3585 loeo

543 3615 700 3696 approbat
722 3613 984 3695 assumptionem:
1007 3611 1237 3675 Considerate.
1273 3611 1365 3694 Quid
1387 3612 1498 3695 magis
1516 3614 1598 3677 utile
1608 3610 1693 3702 suit
1715 3614 1849 3677 Theba·

541 3708 617 3783 nis,
648 3728 751 3791 quam
770 3703 1057 3770 Lacedaemonios
1078 3702 1227 3791 opprimi
1248 3716 1310 3767 cet.
1354 3706 1525 3768 Postremo
1547 3703 1724 3768 concludit:
1748 3707 1851 3789 Quod

541 3801 573 3863 ei
604 3802 697 3883 leger
725 3820 860 3874 omnes,
888 3810 950 3861 cet.
1008 3796 1082 3859 Hoc
1110 3808 1211 3861 etitem
1241 3809 1458 3881 argumentum
1486 3798 1581 3879 longe
1614 3818 1633 3859 a
1664 3800 1848 3880 quaestione

500 3916 532 3967 35
543 3890 672 3976 petitum
693 3892 918 3977 cognoscimus
951 3888 1066 3961 [seiles
1104 3902 1319 3975 argumentum
1348 3910 1443 3981 vero,
1466 3890 1553 3973 quod
1581 3888 1613 3952 in
1641 3890 1747 3971 speeie
1777 3906 1846 3970 est,

541 4007 667 4067 semper
689 4007 758 4048 esim
781 3984 974 4048 dubitatione
995 3986 1203 4068 proponitur;
1239 3982 1278 4047 Si
1297 3983 1359 4047 noc
1377 3994 1443 4057 est,
1466 3983 1551 4047 iliud
1568 3983 1677 4067 igitur
1690 4004 1760 4047 non
1774 3998 1846 4049 esta

544 4081 616 4144 Aut
639 4075 917 4170 haeserimus,
939 4089 1001 4143 orsi
1023 4073 1315 4167 illudfaeiamus.
1359 4074 1504 4150 Verum,
1529 4097 1622 4159 quum
1645 4077 1674 4139 in
1696 4078 1852 4159 proposi-

542 4172 628 4237 tione
649 4170 680 4233 sr'
699 4182 766 4246 cst.
796 4164 882 4237 κατὰ
903 4174 1103 4256 συνημμένον
1124 4169 1259 4233 dicitur:
1293 4190 1386 4251 quum
1405 4168 1435 4235 in
1461 4168 1679 4251 propositione
1699 4182 1761 4232 aut
1782 4184 1849 4247 est,

543 4260 628 4335 enti
658 4265 876 4349 διεζευγμένον
910 4262 1036 4327 dieitur.
1090 4268 1322 4349 Argumentum
1345 4260 1456 4347 igitur,
1486 4263 1572 4346 quod
1600 4260 1631 4323 in
1652 4260 1758 4342 speeie
1780 4273 1846 4340 est,

501 4363 534 4413 tt
545 4358 637 4419 debet
654 4377 779 4438 semper
799 4377 869 4419 cum
891 4356 1085 4421 dubitatione
1108 4355 1264 4439 proponi:
1289 4354 1378 4417 buius
1397 4354 1625 4435 propositionis
1640 4352 1782 4416 iacienda
1799 4367 1851 4418 est

544 4448 758 4530 approbatioa
786 4448 896 4513 deinde
918 4448 1089 4531 assumptio
1112 4450 1247 4513 eiusdem
1269 4447 1385 4531 speciei
1405 4445 1546 4509 iacienda
1568 4459 1616 4509 est
1637 4468 1694 4528 per
1716 4450 1847 4511 eandem

619 4613 663 4666 17.
682 4615 711 4658 et
727 4610 753 4657 si
767 4615 868 4677 partes
887 4610 949 4680 ren]
970 4605 1121 4679 legebatur
1140 4622 1218 4659 antee
1238 4614 1270 4657 ut
1286 4610 1312 4657 si
1326 4613 1443 4675 partes:
1462 4605 1509 4657 scd
1523 4623 1555 4658 es
1574 4620 1632 4659 tota
1651 4610 1721 4659 serie
1740 4612 1851 4661 orario-

544 4686 587 4734 nis
606 4678 693 4752 liquet
711 4676 747 4737 rb
765 4688 797 4731 ut
817 4681 870 4732 hoe
890 4684 919 4733 in
939 4682 1003 4733 ioco
1022 4678 1087 4734 ferri
1107 4698 1163 4733 nnn
1183 4697 1268 4753 passe.
1308 4680 1397 4732 immo
1416 4696 1447 4732 se
1468 4684 1540 4733 erius
1553 4680 1620 4733 illud
1635 4680 1745 4735 verbum
1756 4680 1850 4749 docet,

544 4760 612 4809 satis
631 4752 753 4807 ostendit
771 4754 916 4825 legendum
936 4772 995 4807 esse
1012 4764 1050 4809 et.
1069 4755 1152 4809 Care.
1190 4754 1236 4828 (ut
1255 4760 1337 4807 etism
1359 4752 1427 4807 Cnd.
1447 4698 1510 4809 Eas.
1530 4757 1606 4821 Are.)

618 4828 861 4897 27.conemodnm1
881 4828 950 4882 cod.
970 4830 1033 4883 nu.
1051 4857 1088 4873 ·-
1107 4830 1249 4882 eornmoda
1269 4828 1336 4881 iidd.
1356 4830 1408 4882 On.

619 4908 664 4960 98.
683 4921 764 4973 quum
783 4908 812 4954 in
829 4910 1020 4974 propositione
1038 4908 1064 4954 si
1081 4912 1125 4955 est
1149 4908 1214 4972 ceu]
1259 4906 1289 4957 ln
1313 4904 1459 4957 basileensi
1480 4902 1601 4958 editione
1620 4903 1736 4977 legitur:
1766 4922 1850 4975 qinom

544 4984 576 5031 in
590 4983 779 5048 propositione
796 4982 823 5029 sl
840 4986 884 5029 est
903 4978 1022 5041 dicium,
1038 4984 1195 5049 propositio
1214 4978 1393 5051 hypothetice
1412 4978 1524 5035 dicitur.
1564 4982 1765 5045 Argumentum
1786 4984 1850 5047 igi-

544 5062 592 5105 tur
610 5068 664 5107 ees.
685 5068 753 5125 qaae
772 5066 830 5106 sota
848 5052 933 5105 lectio
952 5050 1016 5105 ieret
1037 5058 1141 5123 nequir.
1171 5055 1254 5109 Cere.
1291 5050 1472 5119 (Lectio‘tid.
1490 5054 1573 5108 Basil.
1592 5071 1634 5107 eu
1653 5059 1736 5109 etiarn
1758 5058 1786 5107 in
1807 5054 1851 5109 St.

545 5127 606 5182 did.
626 5128 739 5182 Rectam
759 5126 840 5181 babet
860 5128 928 5183 Cod.
947 5128 1009 5182 Bas.
1030 5128 1097 5199 Os.)
