4434 5959
952 597 1046 663 LIB.
1070 596 1137 663 lll.
1640 595 1702 659 323

383 762 400 805 a
423 736 608 803 definitione
628 738 736 815 locus,
761 740 843 805 alter
865 762 882 805 a
903 738 1040 823 partium
1061 736 1311 803 enumeratione.
1356 738 1516 820 Quaeres
1538 736 1702 800 maximam

382 834 602 898 conluuionem
633 845 789 915 praestat.
845 836 926 898 Nam
959 855 1054 919 quum
1077 831 1223 915 superius
1244 832 1276 895 io
1297 832 1443 897 locorum
1466 830 1702 895 enumeratione

381 929 464 991 alter
489 948 507 989 a
536 926 720 991 definitione
745 928 855 1003 locus,
880 929 959 992 alter
984 927 1058 990 sita
1079 927 1215 1007 partium
1238 927 1472 990 enumeratione
1494 924 1702 1008 propositus;

382 1040 544 1105 quumque
566 1041 649 1082 nttnc
668 1022 937 1086 enumerationem
960 1020 1096 1103 partium
1121 1021 1171 1082 rel
1203 1018 1389 1083 divisionem
1417 1019 1608 1083 definitionis
1630 1038 1704 1100 spe-

378 1114 446 1175 cies
466 1133 538 1175 esse
560 1112 749 1176 confirmet:
773 1128 900 1177 nonest
922 1114 1068 1188 dubium,
1095 1112 1184 1197 quin,
1200 1134 1295 1195 quum
1314 1112 1396 1177 idem
1419 1114 1459 1175 sit
1475 1114 1610 1195 partium
1626 1130 1729 1178 eurr-5
1837 1105 1845 1115 ⁵

378 1205 536 1282 eucratio,
568 1208 655 1290 qnod
678 1207 819 1270 definitio
842 1207 936 1287 (idem
959 1229 1092 1292 namque
1112 1218 1166 1269 ‘est
1187 1206 1331 1289 species,
1356 1211 1444 1291 quod
1462 1208 1597 1291 genus),
1621 1205 1703 1266 idem

380 1298 473 1361 locus
495 1298 537 1361 sit
559 1318 576 1359 a
598 1298 806 1375 definitione,
845 1300 900 1385 qui
921 1314 970 1365 est
993 1323 1008 1363 a
1032 1299 1169 1383 partium
1191 1302 1439 1364 enumeratione.
1484 1299 1582 1364 Cuius
1605 1320 1704 1382 quae-

381 1392 495 1455 ationis
522 1394 612 1455 valde
639 1393 772 1457 difficilis
802 1392 929 1458 facilior
958 1392 1119 1459 absolutio
1152 1404 1217 1469 est,
1255 1392 1282 1457 si
1317 1393 1531 1459 definitionum
1565 1392 1705 1475 ipsarum

381 1485 507 1551 formas
534 1508 571 1549 ac
600 1486 763 1550 distantias
792 1490 993 1575 colligamus.
1053 1486 1168 1549 Multis
1191 1508 1325 1572 namque
1346 1487 1417 1550 fieri
1440 1488 1540 1550 modis
1563 1486 1705 1550 delinitio

379 1592 503 1663 potest.
560 1578 650 1647 Inter
671 1602 752 1665 quos
775 1576 855 1645 unus
884 1596 931 1647 est
957 1602 1053 1645 verris
1081 1592 1177 1663 atque
1205 1579 1331 1664 integer
1360 1581 1549 1644 delinitionis
1576 1582 1703 1654 modus,
1719 1598 1749 1647 to

381 1672 437 1757 qui
449 1672 542 1737 etiam
557 1674 773 1737 substantialis
782 1674 908 1752 dicitur,
934 1673 1048 1756 reliqui
1059 1696 1118 1755 per
1130 1673 1313 1738 abusionem
1326 1674 1526 1738 definitiones
1537 1685 1705 1738 vocantur.

381 1766 436 1833 De
450 1765 565 1851 quibus
582 1766 727 1830 omnibus
742 1768 849 1848 paullo
867 1768 1027 1850 posterius
1040 1766 1199 1849 integram
1213 1767 1324 1831 faciam
1338 1767 1537 1832 divisionem.
1568 1770 1664 1831 Nunc
1674 1766 1706 1829 in

381 1880 552 1923 commune
564 1859 609 1922 sie
620 1861 782 1925 disseram.
812 1864 893 1925 Nam
904 1863 975 1946 quia
986 1860 1087 1926 omnis
1100 1859 1242 1925 definitio
1254 1861 1405 1943 explicat,
1422 1862 1498 1944 quid
1507 1860 1548 1923 sit
1559 1859 1602 1935 id,
1620 1862 1708 1943 quod

384 1952 552 2027 definitur;
569 1954 743 2035 explicatio
757 1967 858 2018 autem
867 1956 903 2017 fit
912 1956 1035 2019 duobus
1050 1953 1163 2029 modis,
1182 1975 1246 2017 rino
1258 1954 1403 2037 quidem,
1416 1976 1512 2039 quum
1526 1974 1636 2036 prore
1649 1951 1707 2015 mi·

382 2046 468 2110 nime
484 2046 613 2131 cognita
630 2048 753 2130 planius
771 2049 889 2132 aliquid
903 2049 1052 2123 affertur,
1076 2046 1139 2111 alio
1152 2068 1253 2121 vero,
1270 2070 1367 2131 quum
1377 2047 1413 2110 fit
1425 2050 1558 2133 quadam
1571 2048 1706 2129 partium
1719 2066 1750 2116 η

384 2140 643 2204 enumeratione:
668 2144 707 2204 de
728 2141 837 2223 priore
859 2141 985 2227 quidem
1008 2142 1103 2205 modo
1123 2142 1294 2222 posterius,
1318 2163 1401 2204 nunc
1424 2162 1504 2205 vero
1519 2144 1557 2205 de
1579 2162 1708 2204 enume-

382 2235 510 2298 ratione
540 2235 678 2317 partium
713 2236 785 2316 [ita]
819 2236 983 2297 dicendum
1011 2246 1080 2309 est,
1114 2237 1201 2318 quod
1229 2235 1331 2298 otonis
1357 2234 1518 2310 delinitio,
1549 2256 1630 2317 quae
1647 2254 1709 2315 per

382 2328 519 2409 partium
553 2328 821 2393 enumerationem
854 2328 907 2403 lit,
945 2327 1033 2411 quasi
1058 2330 1211 2411 quaedam
1241 2328 1372 2410 partitio
1399 2342 1486 2392 recte
1507 2328 1707 2411 intelligitur.

383 2420 514 2485 Dictum
536 2431 584 2483 est
605 2420 685 2483 enirn
710 2420 759 2495 id,
797 2422 884 2505 qnod
903 2420 932 2483 in
951 2420 1077 2507 nomino
1098 2419 1231 2482 confuse
1249 2421 1508 2504 significaretur,
1538 2422 1572 2485 io
1597 2419 1708 2484 delini·

383 2511 493 2589 tione,
532 2533 613 2596 quae
635 2512 672 2575 fit
693 2513 929 2577 enumeratione
949 2514 1110 2597 partium,
1141 2514 1259 2596 aperiri
1280 2528 1376 2600 atque
1398 2514 1565 2598 explicari.
1610 2515 1751 2594 Quod²⁰

383 2604 456 2669 lieri
488 2627 552 2669 non
585 2619 691 2691 potest
720 2606 780 2670 nisi
808 2628 866 2690 per
898 2609 1091 2691 quarundam
1122 2607 1258 2689 partium
1281 2609 1560 2690 nuncupationem.
1618 2604 1708 2669 Nihil
1828 2636 1831 2641 ·

385 2698 488 2774 enirn,
523 2702 595 2761 dum
619 2700 798 2782 explicatur
819 2701 980 2775 oratione,
1012 2711 1114 2764 totum
1136 2700 1228 2763 simul
1250 2700 1312 2763 dici
1333 2703 1452 2783 pnte'st.
1497 2702 1588 2781 Quae
1610 2720 1706 2783 quum

384 2792 428 2855 ita
451 2792 531 2868 sint,
556 2813 716 2876 quumque
739 2793 840 2857 omnis
861 2792 1041 2857 huiusmodi
1063 2792 1204 2857 definitio
1225 2797 1377 2878 quaedam
1392 2794 1433 2857 sit
1447 2793 1583 2877 partium
1599 2792 1707 2855 distri·

384 2886 495 2961 butio,
535 2898 686 2970 quattuor
707 2886 740 2949 id
761 2882 862 2950 modis
884 2886 954 2950 lieri
985 2898 1103 2969 potest.
1162 2890 1232 2952 Aut
1252 2888 1332 2951 enim
1355 2886 1577 2951 substantiales
1598 2894 1707 2966 partes

349 3006 357 3021 ⁴
384 2980 610 3062 explicantur,
634 2991 688 3043 ant
711 2980 917 3063 proprietatis
939 2993 1045 3064 partes
1068 2981 1233 3058 (licuntur,
1257 2981 1424 3067 autquasi
1446 2980 1749 3045 totiusmembratt

384 3086 625 3148 enumerantur,
664 3083 717 3135 aut
744 3086 901 3157 tamquam
932 3074 1054 3155 species
1084 3074 1281 3137 dividuntur.
1336 3072 1564 3137 substantiales
1597 3076 1705 3152 partes

384 3167 602 3249 explicantur,
627 3187 722 3249 quum
746 3189 786 3231 ex
809 3189 927 3253 genere
950 3190 987 3230 ac
1008 3164 1194 3229 differentiis
1215 3168 1357 3233 delinitio
1380 3168 1594 3230 constituitur.
1639 3166 1707 3228 Ge·

384 3280 445 3323 nris
468 3260 569 3335 enim,
604 3261 693 3344 qnod
712 3258 915 3346 singulariter
936 3261 1157 3344 praedicatur,
1184 3262 1300 3343 speciei
1322 3274 1423 3324 totum
1446 3271 1507 3325 est.
1545 3260 1591 3321 >ld
1612 3256 1705 3321 etiam

385 3374 488 3439 genus
519 3364 676 3435 sumptum
699 3353 732 3417 in
753 3354 935 3419 delinitione
964 3377 1038 3437 pars
1059 3358 1211 3437 quaedam
1234 3356 1293 3419 tu:
1318 3377 1381 3420 non
1404 3356 1484 3419 enim
1507 3355 1610 3417 solum
1632 3372 1706 3433 spe·

383 3447 463 3511 ciem
488 3446 647 3529 complet,
670 3446 731 3511 nisi
753 3448 940 3512 adiiciantur
959 3448 1051 3512 etiam
1067 3448 1282 3527 differentiae,
1307 3449 1338 3514 in
1354 3450 1470 3535 quibus
1484 3452 1591 3511 eadem
1607 3444 1702 3518 ratio,
1717 3450 1749 3502 3⁰

385 3540 521 3624 quaein
545 3562 683 3625 genere,
718 3553 778 3606 est.
828 3544 909 3605 Nam
931 3564 1027 3629 quitum
1049 3542 1137 3625 ipsae
1159 3544 1365 3624 singulariter
1385 3544 1488 3607 dictae
1510 3552 1608 3605 totam
1631 3559 1706 3620 spe·

383 3634 464 3697 ciem
498 3634 661 3710 claudant,
702 3634 733 3697 in
762 3636 943 3701 delinitione
973 3648 1116 3717 sumptae
1148 3651 1256 3718 partes
1282 3638 1402 3721 speciei
1430 3636 1522 3710 ficunt,
1546 3634 1617 3719 quia
1641 3652 1705 3695 non

383 3728 487 3791 solum
510 3729 648 3809 speeiem
667 3728 791 3811 quidem
816 3752 885 3793 esse
910 3732 1094 3813 designant,
1119 3730 1289 3794 sedetiam
1315 3752 1428 3815 genus.
1474 3730 1576 3794 Huius
1597 3747 1705 3791 exem-

383 3823 471 3903 plum
506 3833 572 3883 esta
609 3825 724 3887 Homo
747 3836 797 3887 est
823 3825 953 3887 animal
976 3822 1165 3899 rationale,
1202 3828 1359 3888 mortale.
1406 3825 1511 3905 Quum
1533 3841 1614 3906 crgo
1638 3831 1706 3883 tota

382 3912 527 3978 definitio
550 3915 670 3977 homini
691 3928 905 4000 coaequetur,
937 3916 1098 4001 totiusque
1120 3916 1310 3983 delinitionis
1332 3929 1441 4001 partes
1463 3918 1524 3980 sint
1550 3926 1614 3978 tum
1637 3915 1749 3975 ani-³⁵

381 4007 464 4083 mal,
489 4020 554 4071 tum
575 4010 748 4086 rationale,
784 4022 848 4073 turn
873 4012 1026 4075 mortales
1061 4010 1159 4093 ipsius
1180 4012 1316 4076 bominis
1337 4024 1444 4095 partes
1466 4031 1535 4074 esse
1558 4008 1705 4073 videntur

381 4100 527 4183 singula,
565 4122 646 4185 quae
680 4104 817 4167 eiusdem
848 4104 1039 4169 delinitionis
1067 4116 1176 4187 partes
1197 4119 1281 4169 sum.
1336 4107 1426 4169 llaec
1448 4104 1546 4187 igitur
1567 4100 1705 4185 proprio

382 4194 511 4259 nomine
533 4195 676 4259 definitio
699 4210 911 4280 nuncupatur.
970 4199 1050 4262 Item
1074 4211 1122 4263 est
1144 4200 1196 4263 illa
1219 4198 1380 4275 delinitio,
1405 4201 1533 4283 qirando
1555 4198 1704 4259 inunum

377 4286 556 4353 accidentia
586 4290 799 4374 colliguntur,
832 4304 927 4375 atque
949 4313 988 4355 er
1011 4292 1060 4357 bis
1082 4313 1177 4357 riuum
1199 4294 1315 4376 aliquid
1337 4292 1487 4367 efficitur,
1521 4303 1554 4353 et
1575 4301 1623 4355 est
1649 4309 1703 4350 ve·

381 4380 443 4443 luti
469 4382 621 4462 quaedam
645 4382 781 4465 partium
808 4386 1024 4461 enttmeratio,
1062 4406 1127 4449 non
1156 4386 1401 4460 insubstantia,
1439 4387 1496 4449 sed
1518 4384 1548 4447 in
1570 4384 1704 4467 quadam
1714 4390 1747 4441 u

381 4474 591 4541 accidentium
624 4478 814 4543 collectione
848 4480 966 4561 posita.
1022 4480 1126 4543 Huius
1155 4481 1334 4563 exemplum
1367 4492 1434 4543 est:
1471 4478 1613 4544 Animal
1631 4487 1702 4553 est,

379 4568 476 4653 meod
497 4570 625 4633 moveri
643 4572 792 4654 propriu
812 4576 984 4637 uoluntate
1001 4568 1127 4657 possit.
1170 4572 1312 4637 Animali
1333 4595 1466 4659 namque
1481 4584 1513 4636 et
1532 4584 1637 4635 motus
1655 4583 1706 4635 est

381 4660 529 4726 accidens
550 4674 582 4727 et
602 4665 749 4729 voluntas
770 4678 801 4729 et
822 4666 1038 4749 possibilitas:
1076 4670 1131 4729 sed
1152 4668 1232 4730 baec
1256 4666 1360 4729 iuncta
1382 4666 1550 4747 perficiunt
1568 4664 1701 4741 animal,

380 4774 446 4817 non
466 4756 717 4820 substantialiter
733 4761 977 4835 constituentia,
1003 4764 1058 4823 sed
1081 4782 1140 4843 per
1159 4763 1312 4845 quaedam
1336 4759 1509 4822 accidentia
1533 4758 1704 4841 designau-

379 4846 444 4923 tia,
469 4870 549 4933 quae
572 4851 714 4915 animalis
736 4854 828 4933 qnasi
854 4858 1004 4939 quaedam
1031 4866 1138 4937 partes
1161 4865 1255 4917 sunt:
1278 4856 1408 4917 ethaeo
1431 4852 1604 4934 descriptio
1625 4850 1745 4915 nuo-⁴5

380 4956 529 5025 cupatur.
585 4950 631 5011 At
652 4949 678 5010 si
701 4970 763 5013 non
787 4948 958 5011 accidentia
982 4949 1043 5023 rei,
1079 4950 1135 5011 sed
1167 4948 1256 5032 quasi
1280 4950 1420 5011 membra
1442 4949 1595 5031 quaedam
1619 4946 1703 5007 dira·
1785 4994 1790 5002 .

1320 5092 1699 5107 ..οΜ

462 5168 506 5218 ¹7.
526 5170 570 5219 lta
589 5181 644 5220 om.
666 5168 752 5224 Paris.
793 5173 836 5227 19.
855 5174 928 5221 enim
948 5166 1010 5222 add.
1028 5166 1105 5224 litos.
1145 5171 1190 5225 lit.
1207 5156 1366 5238 positarum
1380 5138 1461 5219 ¹Eius.
1480 5166 1550 5219 Vcn.
