4434 5959
403 589 410 599 “
512 586 574 647 lld
608 616 622 644 ι
1020 586 1307 693 ἮΟΤΟΒΙΝΙῦὸ

512 724 764 801 enumeratione,
800 724 833 789 iu
857 746 921 808 quo
943 727 1006 790 duo
1031 725 1236 809 respicimus3
1266 738 1370 791 utrum
1391 726 1509 813 aliquid
1530 730 1721 795 contrarium
1743 730 1821 814 poni

510 818 629 900 possit3
653 841 691 880 an
719 819 836 903 aliquid
864 818 1070 881 conliteamur
1103 842 1143 884 cx
1171 820 1228 898 iis,
1266 842 1346 906 quse
1376 822 1575 884 adversarius
1601 824 1820 899 enumeravit,

509 925 679 993 propterea
704 915 788 995 quod
811 913 975 975 honestum
999 924 1059 974 est.
1104 914 1310 978 Contrarium
1332 914 1497 996 ponimus,
1522 915 1567 992 si,
1596 936 1689 998 quum
1705 920 1823 980 adver-

509 1006 609 1067 sarius
638 1026 752 1087 equum
779 1015 873 1086 neget
901 1004 1073 1067 hereditate
1102 1006 1246 1080 venisse,
1286 1028 1344 1091 uos
1365 1006 1537 1071 hereditate
1560 1007 1683 1071 venisse
1706 1012 1823 1072 donea·

483 1110 590 1165 guinis.
635 1094 832 1158 Confitemur
854 1106 956 1156 autem
979 1096 1108 1178 aliquid,
1133 1101 1408 1181 quodhonesmm
1430 1100 1492 1173 sit;
1516 1112 1550 1163 ut
1570 1098 1597 1162 si
1620 1102 1824 1163 adversarius

509 1189 608 1251 dieat:
643 1192 710 1253 Aut
743 1188 869 1251 insidias
902 1188 1007 1251 lacere
1041 1191 1188 1265 voluisti,
1225 1203 1278 1254 atu
1308 1193 1408 1255 amico
1440 1213 1559 1256 morem
1583 1192 1724 1277 gessisti,
1763 1205 1823 1255 aut

509 1283 677 1362 cupiditate
690 1283 789 1343 elatus
804 1304 856 1355 es;
873 1302 931 1344 nos
943 1281 1093 1357 dieamus,
1111 1286 1211 1349 amico
1228 1306 1285 1349 nos
1298 1306 1415 1349 morem
1432 1285 1586 1368 gessisse:
1610 1288 1696 1367 quod
1709 1285 1823 1368 utique

508 1378 538 1437 in
561 1375 762 1437 consessione
785 1387 879 1455 turpe
903 1396 964 1435 non
987 1386 1051 1448 est3
1089 1377 1223 1440 menime
1244 1379 1270 1441 si
1292 1400 1346 1453 ea,
1386 1378 1571 1461 quibuscum
1597 1381 1660 1443 hoc
1680 1378 1820 1459 positum

507 1482 573 1543 est,
598 1470 844 1530 consideremus.
889 1468 938 1529 lta
960 1467 992 1529 iu
1016 1472 1262 1549 reprehensione
1283 1470 1526 1533 enumerationis
1549 1482 1602 1533 aut
1618 1471 1822 1552 praetermis·

465 1579 573 1627 tusum
606 1562 721 1645 aliquid
751 1561 961 1635 ostendimus,
992 1564 1077 1643 quod
1108 1576 1210 1626 tamen
1240 1565 1358 1626 illatum
1387 1585 1447 1645 pro
1480 1564 1571 1627 nohis
1599 1565 1656 1638 sit,
1689 1576 1743 1627 aut
1776 1584 1820 1626 ex

506 1657 667 1731 omnibus,
704 1677 784 1738 quae
806 1656 910 1736 posita
938 1666 1033 1729 stunt,
1068 1678 1149 1719 uiroc
1181 1656 1298 1740 aliquid
1321 1678 1388 1739 per·
1407 1656 1600 1720 contrarium
1623 1657 1814 1732 refutamus,

506 1770 608 1822 nitoc,
634 1749 704 1831 quia
728 1771 787 1830 pro
810 1748 901 1810 nohis
923 1759 993 1820 est,
1016 1749 1218 1812 confitemur.

492 1888 496 1893 ι
587 1842 742 1924 Simplex
765 1852 881 1903 ornem
903 1841 1074 1903 concussio
1096 1842 1374 1923 reprehenditur,
1398 1841 1430 1905 si
1450 1843 1504 1918 id,
1532 1842 1624 1927 quod
1635 1842 1813 1927 sequeitur,

504 1955 571 1997 non
593 1935 750 2010 videatur
771 1932 1062 2020 necessariorum
1077 1956 1130 2008 eo,
1158 1934 1249 2017 quod
1264 1936 1462 2011 antecessit,
1486 1934 1679 2017 cohaerere]
1724 1936 1817 1997 Haec

464 2047 632 2111 tsquoque
654 2028 681 2089 si
702 2050 742 2089 ex
766 2038 913 2109 utroque,
938 2048 1002 2110 quo
1024 2039 1161 2101 constat,
1184 2028 1216 2090 id
1238 2042 1296 2103 est,
1320 2030 1347 2092 si
1368 2051 1409 2092 en
1431 2030 1601 2111 proposito
1617 2040 1648 2091 et
1666 2027 1815 2089 adiuncto

504 2121 562 2183 erit
585 2120 779 2193 necessaria,
803 2119 992 2201 reprehendi
1007 2122 1136 2184 omuino
1152 2142 1215 2184 noo
1231 2122 1363 2201 poterit.
1409 2123 1467 2185 Est
1489 2132 1592 2185 cirtem
1614 2117 1814 2183 huiusmodis

502 2214 542 2277 Si
559 2212 632 2275 dics
653 2225 719 2288 est,
743 2217 849 2276 hicet:
880 2211 920 2276 Si
941 2225 1043 2274 notam
1064 2225 1134 2287 est,
1159 2214 1338 2277 morietur.
1382 2215 1499 2298 Utique
1522 2215 1584 2276 boc
1606 2212 1647 2275 ita
1668 2232 1816 2276 necessa-

501 2306 581 2366 rium
605 2318 670 2381 est,
695 2318 729 2367 ut
750 2305 855 2388 lrangi
876 2306 1003 2367 omnino
1026 2326 1089 2367 noo
1107 2306 1221 2387 possit.
1266 2310 1358 2371 Tunc
1379 2318 1480 2369 autem
1496 2304 1629 2387 simplex
1647 2304 1816 2369 conclusio

498 2398 622 2480 poterit
649 2397 857 2480 reprehendi,
892 2397 919 2460 si
940 2399 1115 2462 ostenderis
1143 2399 1320 2461 adiunctum
1342 2422 1405 2463 nou
1428 2400 1599 2462 cohaerere
1620 2396 1814 2480 proposito:

459 2516 491 2565 20
502 2502 535 2551 ut
557 2502 655 2571 puta,
693 2491 731 2563 si
748 2501 858 2553 mcter
882 2502 955 2564 est,
989 2490 1116 2573 diligit.
1160 2491 1199 2556 Si
1223 2494 1408 2576 aliquando
1434 2491 1602 2575 peccauit,
1639 2510 1816 2573 nrmqrrcm

500 2584 707 2667 corrigetur.
768 2584 887 2666 Utique
919 2585 1004 2659 hoe,
1040 2606 1134 2665 qrrirm
1172 2586 1349 2649 adiunctum
1384 2586 1589 2660 consideras,
1631 2583 1814 2647 necessario

501 2681 673 2741 cohaerere
705 2698 768 2740 non
796 2698 908 2757 posse,
946 2677 1157 2741 necessarium
1186 2700 1255 2742 esse
1290 2700 1353 2743 uon
1381 2680 1515 2761 poterim
1552 2676 1674 2761 eritque
1704 2676 1813 2757 potius

499 2770 676 2851 probabile.
731 2770 779 2831 lta
802 2768 1008 2829 necessarium
1037 2790 1095 2850 per
1117 2791 1150 2833 se
1171 2783 1313 2835 constat:
1342 2772 1510 2853 probabile
1532 2770 1637 2833 multis
1659 2768 1813 2831 asseritur

499 2864 702 2948 argumentis.
744 2864 820 2926 Hoc
848 2873 967 2925 aretem:
999 2863 1038 2927 Si
1057 2864 1243 2947 aliquando
1261 2866 1432 2947 peccauit,
1462 2883 1637 2947 nunquam
1656 2860 1812 2943 corrige·

456 2970 577 3031 ustum·
597 2959 703 3021 miultis
735 2959 938 3019 asserendum
966 2968 1014 3019 est
1042 2957 1248 3039 argumentis.
1306 2957 1403 3037 Quod
1433 2977 1509 3019 sero
1532 2956 1635 3019 multis
1657 2954 1812 3017 asseritur

498 3053 710 3136 argumentis,
748 3050 956 3114 necessarium
978 3070 1040 3113 uon
1064 3062 1125 3112 cst.
1179 3050 1280 3113 Recte
1300 3049 1399 3135 igitur
1421 3049 1596 3112 huiusmodi
1618 3050 1812 3130 reprehensa

498 3144 660 3208 conclusio
683 3153 753 3218 est,
777 3142 804 3204 si
825 3142 961 3207 formam
982 3144 1208 3219 necessarium,
1230 3164 1297 3206 reru
1321 3140 1622 3224 veroprobabilem
1644 3141 1809 3205 continere

498 3247 704 3300 monstretur.
759 3236 881 3299 Verum
904 3238 982 3299 haec
1003 3248 1114 3299 cimela
1136 3246 1305 3317 praecepta
1328 3239 1366 3297 de
1387 3233 1550 3297 dialectica
1571 3235 1687 3309 traxit,
1725 3255 1810 3317 quae

497 3350 609 3412 magna
633 3340 664 3391 ct
685 3328 819 3391 difficilis
841 3341 905 3405 est3
936 3332 975 3391 de
997 3351 1078 3413 qua,
1113 3326 1140 3391 si
1161 3328 1294 3392 sactdtas
1316 3326 1430 3405 luerit,
1468 3339 1580 3410 postea
1601 3338 1808 3391 tractaturum

455 3441 530 3495 mse
552 3442 620 3483 esse
642 3423 810 3502 promittit.

579 3519 694 3597 Quum
718 3514 830 3596 igitur
851 3537 899 3578 ex
916 3517 979 3593 iis,
1016 3537 1104 3600 quoe
1123 3526 1324 3591 sumuntur,
1355 3512 1487 3597 aliquid
1506 3534 1574 3577 non
1591 3512 1807 3589 conceditur,

495 3606 545 3669 sic
566 3608 600 3670 in
621 3608 817 3689 ermoditur]
861 3609 993 3674 Omnem
1009 3607 1312 3692 argumentationem
1328 3618 1478 3690 quattuor
1498 3606 1597 3669 modis
1619 3606 1696 3669 dixit
1711 3615 1809 3687 posse

494 3701 701 3782 reprehendi;
742 3700 769 3763 si
797 3714 849 3765 arnt
878 3714 1002 3785 sumpta
1030 3701 1316 3783 reprehendamus;
1345 3712 1397 3761 suu
1419 3699 1670 3773 conclusionem
1704 3710 1758 3761 aut
1780 3699 1809 3761 si

495 3816 594 3876 genus
615 3794 718 3875 ipsum
741 3796 1018 3877 argumentationis
1040 3795 1187 3859 vitiosum
1210 3814 1279 3856 esse
1302 3803 1529 3866 momtremusr
1562 3804 1615 3854 aut
1645 3792 1671 3855 si
1693 3804 1807 3855 contra

453 3906 485 3957 :ts
495 3886 618 3949 lirnium
641 3898 876 3970 argumentum,
907 3888 989 3952 aliud
1016 3900 1158 3951 nostrum
1180 3908 1286 3969 aeque«
1301 3888 1423 3949 firmum
1446 3897 1500 3949 aut
1521 3884 1638 3948 lirmius
1661 3905 1809 3966 oppona-

494 4001 575 4043 mus.
598 3981 711 4061 Itaque
733 3980 792 4042 ism
815 3966 1030 4064 sumptorum
1051 3982 1132 4044 dicta
1155 3980 1361 4062 reprehensio
1384 3994 1443 4043 est.
1468 3979 1522 4042 Sin
1544 3991 1666 4054 cirtem,
1689 3978 1805 4061 inquit,

493 4073 685 4153 reprehendi
707 4086 845 4156 sumpto
870 4095 933 4137 oon
954 4087 1121 4155 poterunt,
1153 4085 1228 4137 tunc
1256 4074 1317 4137 erit
1344 4074 1601 4155 reprehendenda
1627 4070 1805 4135 conclusio.

493 4164 532 4227 In
553 4165 756 4227 conclusione
783 4166 888 4248 itique
910 4168 973 4231 hoc
996 4167 1303 4230 animadvertendum
1322 4180 1369 4231 cst
1392 4166 1625 4249 principaliter,
1651 4184 1689 4226 oe
1707 4186 1804 4247 quum

492 4256 523 4317 iu
547 4257 768 4337 propositione
793 4259 879 4323 alind
894 4259 935 4323 sit
956 4272 1010 4327 aut
1027 4281 1097 4324 esse
1116 4259 1238 4342 possit,
1263 4262 1345 4325 aliud
1363 4260 1595 4324 concludaturs
1618 4260 1682 4321 hoc
1697 4258 1806 4343 itaque

450 4348 600 4419 soritium
625 4350 684 4413 erit
707 4351 850 4415 dicentis.
894 4353 1014 4417 Vitium
1036 4376 1137 4436 porro
1158 4365 1212 4416 aiut
1233 4365 1377 4437 apertum
1400 4364 1452 4415 aut
1467 4354 1651 4419 obscurum.
1696 4352 1805 4435 Atque

492 4456 635 4522 apertum
659 4444 688 4506 iu
710 4446 915 4511 conclusione
941 4446 1049 4510 vitium
1072 4447 1153 4523 crit,
1189 4448 1234 4524 si,
1266 4468 1361 4535 quum
1379 4467 1430 4509 rcs
1449 4447 1509 4509 alia
1531 4444 1563 4507 io
1584 4442 1806 4527 propositione

567 4686 591 4734 1.
611 4692 649 4729 ω
667 4682 697 4728 in
715 4696 768 4747 qua
787 4676 855 4731 cod.
875 4682 940 4733 Bne.

565 4756 592 4807 7.
611 4756 700 4803 arnico
719 4770 771 4803 nos
789 4759 905 4822 morem]
926 4772 979 4805 nos
997 4758 1095 4808 luserit
1115 4752 1184 4807 cot.
1203 4756 1264 4807 Bes.
1283 4780 1322 4797 -·
1340 4770 1395 4807 cm.
1415 4750 1485 4810 Edd.
1507 4753 1561 4809 ou.

565 4832 608 4885 ts.
628 4824 679 4877 boc
698 4832 743 4877 ita
768 4836 956 4879 necessarium
982 4838 1044 4893 est,
1077 4837 1108 4879 ut
1125 4825 1234 4900 frangi
1259 4832 1370 4879 omuino
1399 4846 1454 4880 non
1478 4830 1580 4898 possit]
1622 4822 1690 4877 t'tde
1712 4838 1807 4879 tumen

490 4898 572 4973 paulo
592 4915 688 4972 suprt,
721 4900 769 4954 ubi
788 4901 870 4956 docet
892 4907 996 4956 trunces
1015 4904 1221 4957 conclusionem
1242 4907 1384 4970 (sinatus
1401 4910 1464 4969 est,
1502 4904 1649 4967 morietur)
1670 4917 1724 4953 non
1746 4917 1806 4953 esse

490 4979 602 5026 omnino
622 4980 824 5039 necesarium
857 4976 905 5031 sed
930 4976 1091 5033 Victorinus
1110 4994 1202 5031 noster
1222 4978 1268 5033 hic
1294 4976 1416 5049 loquitur
1442 4978 1475 5031 dc
1502 4994 1594 5031 rerum
1614 4974 1710 5029 ordlnc
1731 4992 1806 5028 mers

489 5050 619 5101 naturali.
639 5050 724 5103 Cure.

563 5126 610 5180 Ἠ.
630 5124 793 5197 aliquando]
814 5152 851 5168 ·-
868 5125 954 5179 semel
970 5123 1019 5179 cd.
1041 5126 1103 5182 Bas.
1125 5126 1189 5180 Asc.
1208 5124 1263 5183 Οι.
