4434 5959
914 623 1021 695 CAR
1044 627 1110 693 IV.
1602 623 1668 693 2⁰9·

356 791 453 856 qunm
475 767 733 835 adiudicandum
755 779 868 833 statum
891 789 977 845 eum,
1014 767 1070 854 qui
1091 778 1140 832 est
1159 788 1272 833 causae
1294 768 1471 853 proprius,
1503 768 1584 835 elius
1606 791 1664 834 ex·

354 863 514 927 trinsecus
531 874 631 927 status
650 862 847 944 supervenit.
901 863 964 927 Sed
991 861 1055 924 hoc
1075 860 1197 943 planius
1219 857 1277 946 per
1305 863 1496 927 divisionum
1519 864 1664 947 exempla

280 1001 285 1014 .
354 955 528 1039 percipies.
570 956 685 1019 Nullus
717 955 797 1019 enim
825 956 952 1019 omnino
974 964 1023 1018 est
1041 965 1159 1031 status,
1191 954 1245 1038 qui
1272 975 1336 1020 non
1369 957 1421 1020 vel
1441 955 1502 1019 sibi
1521 955 1590 1038 ipse
1613 956 1664 1020 rel
1754 983 1761 990 ·

355 1050 532 1133 cuicunque
560 1048 613 1113 alii
647 1049 742 1112 statui
773 1049 876 1133 possit
902 1047 1052 1112 incidere.
1108 1048 1255 1131 Accepto
1284 1059 1385 1113 nmen
1422 1050 1558 1115 themate
1589 1071 1665 1114 cum

353 1141 536 1226 perspicere
565 1152 638 1204 antc
669 1141 791 1217 omnia,
828 1163 901 1204 ntem
923 1138 1130 1223 praescriptio
1163 1141 1265 1223 possit
1297 1142 1421 1226 opponi
1446 1164 1506 1226 per
1531 1143 1690 1228 aliquam!

355 1233 404 1298 sui
426 1234 582 1316 speciem,
613 1235 790 1320 dequibus
818 1246 907 1300 retro
930 1232 1081 1309 didicisti,
1116 1233 1233 1313 idest,
1276 1246 1329 1299 aut
1357 1257 1492 1318 persona
1516 1246 1570 1299 aiu
1590 1236 1666 1300 loco

356 1341 410 1392 aut
431 1341 576 1411 tempore
597 1339 652 1390 aut
673 1349 709 1392 rc
734 1339 787 1391 aut
808 1331 903 1391 modo
930 1326 983 1390 vel
1004 1347 1136 1390 ntsmero
1157 1340 1212 1391 aut
1232 1328 1339 1413 aliquo
1361 1329 1497 1411 scripto.
1551 1328 1666 1395 Potius

357 1422 442 1484 enim
470 1433 536 1498 est,
569 1423 597 1486 si
618 1421 680 1484 litis
699 1421 845 1485 condicio
867 1419 1005 1503 patitur,
1039 1419 1253 1484 adversarium
1282 1424 1321 1484 als
1343 1423 1467 1487 actione
1489 1422 1664 1504 depellere,

357 1535 450 1598 quam
473 1536 542 1577 cum
562 1512 788 1579 intentionibus
811 1515 878 1577 eius
898 1512 1085 1576 conluctari.
1130 1515 1192 1576 Sed
1210 1525 1311 1577 tannen
1335 1515 1453 1579 acriter
1471 1535 1667 1596 praecaven-

357 1609 430 1669 dum
460 1616 532 1682 est,
567 1629 607 1671 ne
633 1608 664 1670 in
687 1605 927 1690 praescriptivis
954 1605 1195 1687 quaestiunculis
1227 1617 1281 1669 suu
1312 1607 1399 1671 leves
1428 1609 1593 1672 admodum
1613 1607 1709 1670 eut¹⁰

358 1697 474 1761 nullius
495 1700 642 1764 momenti
662 1699 847 1764 occasiones
868 1699 947 1774 sint,
972 1707 1025 1759 aut
1041 1695 1216 1762 invidiosae
1234 1710 1266 1762 et
1281 1699 1471 1765 contrariae.
1514 1700 1666 1766 stantem

357 1778 484 1855 inuenta
504 1793 599 1858 tuerit
622 1793 850 1875 praescriptio,
873 1791 1030 1854 dividetur
1050 1811 1086 1854 ea
1108 1790 1250 1868 ratione,
1275 1814 1366 1878 qiiam
1388 1813 1446 1858 suo
1467 1793 1543 1859 loco
1564 1805 1664 1858 status

357 1883 453 1948 huius
474 1884 630 1952 diuisione
651 1906 842 1972 cognosces.
884 1886 978 1949 Nunc
998 1881 1133 1967 primum
1154 1885 1193 1949 de
1215 1887 1396 1952 coniectura
1416 1896 1597 1952 tractemus.
1652 1923 1654 1928 ·

755 2085 786 2158 s.
809 2081 843 2144 s.
869 2076 1272 2165 nncomncnuuu

443 2221 545 2289 Plena
565 2219 746 2286 coniectura
777 2219 929 2284 dividitur
954 2216 1035 2283 locis
1057 2230 1196 2301 septem3
1235 2241 1429 2304 apersona,
1464 2241 1615 2301 ecatus,
1651 2229 1711 2287 a¹⁵

359 2314 523 2392 consiliis,
550 2337 569 2378 a
590 2325 765 2396 potestate,
800 2316 840 2377 ab
862 2312 950 2377 initio
972 2312 1146 2386 adfinem,
1178 2333 1195 2375 a
1217 2316 1419 2378 translatione
1445 2336 1670 2396 causauum,n

359 2410 430 2472 veri
452 2407 546 2472 simili
566 2408 760 2472 defensione.
804 2407 841 2470 ln
861 2425 998 2489 persona
1022 2403 1239 2468 consideratur
1259 2409 1376 2487 patria,
1400 2429 1532 2486 nomen,
1557 2429 1669 2493 genus,

360 2503 510 2584 corporis
533 2503 701 2579 habitudo,
726 2511 854 2576 mores,
884 2501 966 2574 vita,
987 2495 1094 2573 amici,
1119 2510 1222 2576 aetas,
1246 2500 1404 2575 incessus,
1428 2501 1554 2564 vultus:
1590 2521 1672 2564 nimc

359 2595 440 2658 haec
464 2593 586 2668 omnia,
609 2616 691 2657 nune
715 2616 796 2678 quac
818 2614 912 2656 causa
934 2591 1091 2654 habuerit.
1137 2592 1207 2654 Nec
1229 2594 1310 2654 enim
1330 2615 1456 2675 semper
1474 2614 1602 2668 necesse
1624 2603 1671 2656 est

361 2689 468 2753 munia
492 2688 693 2752 considerare
717 2686 797 2761 ista,
827 2689 882 2749 sed
912 2705 993 2769 qnae
1013 2702 1163 2766 praesens
1188 2686 1350 2770 negotium
1373 2686 1714 2750 subministraverit.²⁰

361 2783 396 2845 A
416 2802 512 2844 cause
532 2793 655 2844 autem:
693 2801 802 2856 amor,
835 2779 959 2853 odium,
997 2797 1069 2860 spes
1089 2776 1187 2851 lucri,
1220 2779 1269 2842 vel
1292 2780 1470 2844 futurorum
1494 2778 1607 2856 timor,
1639 2791 1671 2842 et

362 2886 482 2938 cetera.
524 2875 558 2938 A
582 2872 740 2938 consiliis:
763 2895 802 2935 an
824 2871 1049 2954 suppliciorum
1066 2881 1150 2932 metu
1169 2872 1324 2934 retardari
1342 2872 1500 2954 potuerit,
1524 2892 1562 2932 an
1582 2893 1671 2934 resim

361 2967 504 3032 interum
525 2987 640 3031 senon
661 2966 851 3049 sperauerit.
893 2968 926 3031 A
943 2972 1117 3046 potestate:
1140 2964 1306 3046 pecuniae,
1331 2986 1437 3039 arma,
1460 2963 1670 3045 conspiratio,

363 3081 515 3124 numerus
543 3058 719 3134 clientium,
756 3080 935 3125 servorum.
978 3057 1089 3119 Nexec
1114 3067 1215 3118 autem
1247 3045 1328 3120 inter
1354 3078 1388 3120 se
1416 3078 1485 3122 esse
1515 3059 1673 3121 debebunt

364 3175 460 3218 causa
483 3162 516 3216 et
534 3164 688 3236 potestas.
745 3154 827 3217 Nam
849 3164 885 3216 ut
902 3152 1021 3214 frustra
1042 3159 1088 3210 est
1114 3149 1270 3226 voluisse,
1302 3153 1328 3214 si
1354 3172 1417 3214 non
1433 3151 1592 3232 potuerit,
1628 3150 1715 3230 itate

363 3245 536 3330 potuisse,
566 3243 593 3309 si
614 3245 768 3323 noluerit,
798 3267 910 3310 vansim
933 3255 993 3308 est.
1049 3243 1104 3306 Ab
1122 3243 1212 3308 initio
1234 3254 1337 3308 niuem
1359 3245 1525 3321 adfinem,
1548 3244 1580 3308 in
1603 3243 1672 3329 qui·

363 3345 425 3404 bns
456 3337 574 3402 factum
600 3337 704 3420 ipsum
730 3338 923 3412 excutimus,
963 3333 1070 3398 variae
1098 3347 1170 3398 sunt
1200 3359 1424 3423 usquequaque
1456 3339 1672 3421 quaestiones.

362 3435 447 3499 Nem
471 3432 503 3496 in
530 3431 591 3496 illis
612 3433 713 3507 iacta,
731 3433 842 3507 dicta,
872 3431 1023 3503 effectus,
1059 3427 1190 3492 esculus
1216 3431 1306 3492 etiam
1333 3431 1526 3495 considerari
1550 3433 1672 3506 soleut;

362 3524 575 3612 praeiudicia,
591 3547 753 3602 rumores,
770 3536 945 3597 tormenta,
962 3521 1109 3597 tabulae,
1125 3521 1355 3601 iusiurandum,
1373 3537 1490 3603 testes,
1507 3545 1672 3608 respousa,

365 3642 434 3685 vox
454 3618 558 3703 aliqua
580 3620 711 3695 emissa;
736 3631 769 3682 et
788 3640 837 3694 ea,
861 3635 941 3702 quae
960 3614 1105 3678 dicuntur
1126 3616 1228 3702 signa,
1252 3616 1355 3695 idest,
1379 3619 1476 3684 vestis
1499 3623 1670 3694 cruentata,
1684 3638 1716 3688 to

363 3713 453 3776 livor
476 3724 508 3776 et
536 3711 627 3786 talia3
650 3725 682 3774 et
707 3711 823 3788 omnia,
849 3731 930 3796 quae
958 3709 988 3772 in
1010 3731 1103 3772 casua
1126 3709 1345 3788 inveniuntur,
1381 3734 1444 3778 non
1466 3711 1594 3797 ingenio
1616 3731 1674 3773 uec

364 3818 436 3870 arte
461 3803 704 3890 excogitantur,
739 3809 796 3870 sed
820 3802 949 3888 ingenio
970 3811 1002 3864 et
1021 3813 1089 3865 arte
1111 3801 1246 3866 scrutari
1263 3804 1386 3880 solent,
1421 3818 1452 3870 et
1478 3804 1674 3887 appellantur

364 3903 407 3966 ab
429 3899 520 3964 initio
550 3900 590 3961 ad
619 3899 734 3975 linctu,
769 3899 854 3981 quod
884 3894 1002 3960 Graeci
1031 3893 1137 3957 dicunt
1158 3891 1310 3982 ἀτέχνους
1330 3900 1463 3976 πίστεις.
1520 3899 1564 3961 Et
1592 3917 1675 3959 nnnc

365 3991 511 4059 ordinem
532 3993 709 4076 sequimur,
748 4013 830 4055 nnnc
852 4012 922 4054 eum
945 3987 1159 4053 convertimus
1180 4009 1241 4071 pro
1264 3991 1398 4055 utilitate
1420 4011 1596 4054 causarum.
1641 3991 1673 4052 A

364 4085 572 4152 translatione
593 4107 717 4149 causam
736 4085 814 4150 faeti
832 4082 1048 4148 transierimus
1070 4079 1169 4158 inid,
1193 4087 1280 4168 quod
1300 4084 1407 4148 facere
1421 4083 1526 4158 licuit,
1550 4093 1581 4146 et
1595 4081 1716 4152 haecne

366 4191 417 4244 est
438 4181 527 4242 sedes
549 4179 685 4254 coloris,
719 4178 750 4242 in
773 4197 834 4262 qua
857 4188 947 4258 parte
969 4176 1019 4239 vel
1041 4174 1174 4238 maxiem
1196 4177 1427 4240 coniecturales
1449 4197 1561 4240 causae
1582 4175 1675 4237 labo·

364 4283 452 4336 rant.
495 4271 578 4335 Veri
598 4271 705 4334 similis
727 4269 871 4334 defensio
892 4280 958 4345 cst,
982 4289 1061 4352 qnae
1084 4268 1267 4352 plerumque
1287 4272 1399 4333 horum
1415 4279 1674 4353 argrimeutorutu

366 4377 417 4430 est
438 4365 650 4430 confirmatio.
700 4365 790 4428 Haec
815 4361 987 4428 resolvitur
1016 4363 1055 4422 ab
1077 4372 1261 4427 accusatore
1289 4362 1369 4426 locis
1390 4363 1512 4437 tribus;
1546 4359 1674 4450 ignoce·

365 4459 474 4535 tione,
504 4478 601 4534 cassi,
632 4457 834 4532 necessitate3
868 4477 1001 4540 quorum
1026 4454 1162 4518 omnium
1190 4475 1277 4518 usum
1303 4455 1335 4518 in
1358 4456 1505 4537 exemplo
1528 4451 1675 4536 experie-

365 4573 453 4618 mur.
496 4552 602 4617 Diues
629 4552 826 4616 adolescens
845 4553 969 4613 multos
987 4548 1163 4612 abdicatos
1180 4549 1300 4632 recipit
1306 4572 1319 4624 ,·
1353 4571 1433 4615 reus
1450 4560 1500 4616 eat
1516 4547 1716 4644 differta-tu

363 4660 424 4710 tae
446 4643 701 4709 dominationis.
744 4646 777 4708 A
797 4664 952 4727 persona,
981 4663 1026 4705 ou
1045 4643 1121 4705 neri
1136 4642 1246 4706 simile
1265 4643 1327 4718 eit,
1351 4654 1389 4706 ut
1407 4643 1499 4706 dines
1516 4639 1674 4727 tyn-nuni·
1693 4639 1696 4644 ’

364 4739 447 4803 dem
462 4735 689 4826 effectores-it.
732 4739 766 4804 A
797 4757 909 4813 causa,
946 4755 992 4798 au
1010 4745 1154 4819 propter·
1174 4737 1272 4799 lucra
1291 4748 1325 4800 et
1346 4740 1551 4820 uoluptates,
1588 4754 1675 4820 quae

440 4961 466 5010 6.
485 4963 612 5009 comicie
626 4975 727 5021 parrer.
765 4958 807 5005 2¹.
826 4957 979 5020 AlltaCod.
997 4962 1260 5018 etsisnperinssstiu.
1298 4961 1576 5008 manutentorem.
1611 4959 1674 5004 Turn

506 5047 589 5092 epm,
609 5035 732 5078 timorem.
768 5031 815 5076 Sed
833 5036 907 5075 minen
926 5031 987 5076 intre
1008 5033 1094 5076 interito
1120 5033 1181 5075 redit
1203 5036 1281 5076 rectus
1299 5045 1378 5076 casns.
1426 5028 1467 5077 32.
1487 5032 1522 5076 lta
1547 5027 1608 5075 eod.
1626 5028 1673 5074 Cr·

507 5108 584 5147 terum
603 5104 671 5146 colon
690 5099 737 5146 sed
754 5099 857 5162 iugenio
873 5106 897 5145 et
913 5107 969 5146 erte
982 5101 1095 5146 scrutari
1111 5102 1191 5146 anlettt
1207 5101 1296 5147 rectius
1307 5101 1390 5146 abesse
1402 5102 1529 5156 rideretur,
1550 5096 1591 5146 33.
1611 5097 1671 5143 Ccd.

505 5165 641 5233 ἀτέχνου.

454 5263 580 5308 aueum
595 5264 618 5304 t.
632 5261 677 5305 cu.
691 5262 738 5303 sue
752 5261 778 5302 v.
791 5263 813 5302 n.
1362 5235 1402 5298 ll
