4434 5959
932 628 1022 693 LlB.
1046 627 1077 693 1.
1549 690 1551 697 ,
1594 630 1653 694 105

353 764 509 845 speciem3
541 767 596 827 sed
628 785 688 846 per
721 765 1008 831 confirmationem:
1048 767 1137 830 curius
1169 768 1388 850 assumptionis
1423 768 1561 831 iacienda
1603 782 1651 831 est

354 860 565 939 approbatio:
598 870 672 920 tunc
703 858 763 921 erit
789 872 949 941 postrema
976 860 1151 923 conclusio.
1206 861 1294 925 'i'alis
1323 861 1353 922 in
1377 862 1550 932 Miloniana
1576 880 1651 923 ora·

353 952 439 1014 tione
460 950 662 1033 syllogismus
691 963 759 1014 est:
793 952 849 1025 Si,
885 950 1002 1036 inquit,
1038 952 1143 1015 doceo
1168 972 1290 1015 omasus
1307 950 1431 1041 fuisse
1456 954 1590 1027 Clodio,
1614 965 1654 1016 ut

354 1044 520 1107 occideret
533 1046 718 1119 Milonem,
741 1046 848 1127 probo
868 1045 1115 1107 insidiatorem.
1150 1047 1243 1107 Hanc
1264 1046 1513 1126 propositionem
1536 1067 1654 1126 appro-

354 1138 460 1199 bavitr
491 1142 537 1202 Et
563 1138 595 1200 si
622 1138 698 1202 boni
720 1159 761 1200 ne
787 1158 914 1222 magno
939 1138 1074 1222 quidem
1106 1140 1331 1201 emolumento
1362 1138 1580 1219 impelluntur
1609 1140 1678 1200 mis

343 1228 538 1318 flarsdem,
572 1231 716 1311 improbi
738 1250 839 1313 saepe
862 1252 984 1313 purum
1026 1230 1150 1293 Deinde
1170 1230 1269 1310 ipsam
1292 1230 1427 1309 speciem
1450 1232 1576 1292 assumit
1597 1252 1654 1311 per

355 1323 641 1385 confirmationem:
663 1324 792 1387 Habuit
815 1334 930 1385 nutem
954 1344 1074 1387 cumas
1098 1323 1250 1387 Clodius.
1296 1324 1386 1385 Hanc
1408 1344 1516 1386 rursus
1537 1346 1655 1387 assum-

355 1419 492 1497 ptionem
521 1418 625 1479 multis
652 1416 828 1479 rationibus
856 1419 1030 1498 approbat:
1071 1426 1233 1496 postremo
1269 1416 1446 1477 concludite
1482 1421 1597 1499 Quare
1623 1417 1655 1479 si

356 1510 473 1573 imbuit
492 1528 615 1572 cosmas
641 1510 797 1584 Clodius,
843 1523 881 1573 ut
901 1509 1066 1572 occideret
1094 1509 1280 1581 Milonem,
1319 1520 1450 1571 constat
1477 1510 1655 1572 iusidiato-

356 1598 576 1691 remsuisse.
621 1602 712 1685 Ergo
734 1602 857 1682 quoties
879 1615 1093 1687 argumentum
1121 1601 1152 1664 iu
1176 1622 1291 1684 genere
1313 1601 1425 1674 luerit,
1461 1603 1580 1682 species
1605 1614 1696 1664 as-tt

357 1696 501 1757 sumenda
522 1704 588 1755 ests
624 1694 748 1776 quoties
769 1709 983 1774 argumentum
1005 1694 1038 1757 in
1059 1693 1163 1775 specie
1186 1695 1299 1769 inerit,
1337 1695 1402 1775 ipsa
1425 1694 1543 1774 species
1567 1716 1653 1755 assu·

357 1788 465 1849 menda
488 1795 558 1859 est,
592 1787 647 1847 sed
668 1806 729 1867 per
748 1788 1033 1851 confirmationem.
1060 1809 1065 1818 ·
1087 1789 1162 1849 Hoc
1184 1797 1283 1847 autem
1305 1798 1412 1849 tenere
1434 1788 1597 1859 debemus,
1624 1784 1654 1847 in

356 1879 579 1961 propositione
611 1877 673 1942 viru
706 1880 804 1941 totius
835 1879 1110 1963 argumentationis
1139 1878 1325 1941 consistere.
1382 1878 1457 1940 Sive
1488 1889 1589 1939 autem
1624 1878 1654 1941 in

357 1993 474 2055 genere
505 1971 625 2035 sivein
652 1972 758 2053 specie
780 1972 821 2035 sit
845 1973 1042 2054 propositio,
1066 1993 1107 2035 ex
1129 1972 1197 2053 ipsa
1218 1984 1320 2033 tamen
1343 1992 1467 2051 semper
1489 1984 1655 2053 generatur

358 2065 544 2146 assumptio.
587 2064 707 2129 Docuit
724 2066 829 2148 itaque
851 2066 1133 2150 quinquepertitam
1155 2062 1454 2146 argumentationem
1476 2084 1534 2144 per
1550 2082 1698 2130 exem-ts

357 2160 443 2241 pium
471 2157 718 2238 Epaminondae.
775 2158 895 2221 Deinde
925 2159 1031 2222 docuit
1066 2158 1321 2243 quadripertitam
1355 2154 1654 2241 argumentationem

359 2252 483 2313 dnobus
511 2250 629 2313 modis:
669 2270 752 2313 nunc
781 2251 1009 2332 propositionis
1041 2250 1288 2332 approbatione,
1326 2262 1406 2313 ursuc
1438 2248 1657 2330 assumptionis

358 2343 589 2423 approbatione
604 2345 735 2406 sublata.
771 2343 893 2407 Deinde
907 2346 1014 2407 docuit
1027 2344 1211 2425 tripertitam
1228 2341 1549 2425 argumentationem,
1573 2354 1658 2403 urna·

359 2456 421 2516 que
450 2437 679 2517 approbatione
707 2430 841 2501 sublata.
885 2441 979 2501 Nunc
1007 2437 1148 2521 quaestio
1171 2447 1234 2509 est,
1273 2456 1311 2497 an
1333 2436 1373 2497 sit
1393 2434 1536 2517 bipertita
1561 2454 1658 2517 argn-

259 2541 260 2548 ’
359 2530 532 2592 mentatioa
569 2530 608 2593 Si
629 2533 785 2613 peperit,
810 2532 908 2615 uirgo
931 2552 999 2594 non
1015 2542 1082 2593 est:
1104 2529 1248 2619 'peperit
1267 2540 1393 2591 cutem.
1437 2526 1533 2592 Multi
1554 2527 1699 2601 dicuntae

259 2621 260 2644 ¹
359 2640 427 2683 esse
441 2621 621 2703 bipertitam
640 2624 937 2705 argumentationem
952 2626 1010 2686 bac
1030 2623 1175 2685 ratione:
1198 2622 1240 2699 si,
1266 2620 1429 2706 inquiunt,
1453 2620 1658 2701 approbatio·

359 2734 414 2775 nes
437 2734 553 2795 saepe,
576 2715 647 2796 quia
668 2716 849 2779 manifestae
870 2730 957 2792 sum,
987 2718 1230 2792 subtrabuntur,
1263 2736 1319 2777 eur
1339 2734 1402 2777 non
1425 2724 1455 2775 et
1476 2710 1656 2785 conclusio,

359 2828 454 2887 quum
484 2809 644 2871 manifesta
674 2822 746 2885 est,
781 2809 1011 2873 subtrabatur?
1044 2823 1079 2873 ut
1106 2810 1148 2873 sit
1174 2810 1320 2891 bipertita
1351 2804 1659 2891 argumentatioper

359 2900 611 2981 propositionem
633 2914 665 2965 et
685 2903 945 2989 assumptionem
977 2904 1016 2969 Si
1033 2903 1184 2986 peperit,
1213 2902 1312 2985 uirgo
1338 2923 1405 2965 non
1429 2910 1499 2961 est:
1526 2895 1659 2979 peperit

360 3004 487 3056 mrtem.
542 2994 660 3059 Cicero
689 2997 769 3058 banc
796 2995 922 3058 illorum
949 2995 1133 3058 sententiam
1154 2994 1357 3076 reprehendit
1376 2992 1513 3074 dicitque
1535 3008 1659 3069 semper
1669 3010 1700 3065 25

360 3087 660 3168 argumentationem
683 3088 924 3151 concludendam
946 3110 1031 3163 esse,
1065 3108 1124 3151 nec
1144 3108 1277 3170 unquam
1300 3098 1400 3147 tameo
1421 3084 1567 3145 nitendum
1590 3102 1659 3143 esse

361 3178 524 3241 manifesta
544 3181 758 3244 conclusione.
817 3184 909 3245 Tunc
929 3192 1032 3243 antem
1054 3183 1117 3243 boc
1137 3180 1207 3243 fieri
1227 3200 1344 3261 posse,
1374 3177 1402 3241 si
1423 3174 1660 3241 conclusionum

362 3290 479 3353 genera
500 3292 743 3355 cognoscamus.
785 3275 865 3337 Sunt
884 3287 985 3337 antem
1007 3285 1177 3357 quattuora
1200 3294 1329 3356 quarum
1352 3268 1587 3335 conclusionum
1600 3288 1661 3329 nna

361 3364 450 3437 talis,
487 3387 581 3448 qmuu
610 3366 750 3429 breviter
777 3364 1060 3457 ἀνακεφαλαίωσιν
1087 3368 1218 3431 iacimus
1242 3362 1470 3447 propositionis
1492 3372 1523 3425 ct
1543 3382 1661 3424 assum·

361 3456 493 3536 ptionis;
523 3470 554 3521 et
576 3471 650 3539 post
667 3460 863 3543 adiungimus
880 3460 932 3533 id,
968 3462 1054 3543 quod
1075 3481 1117 3522 ex
1138 3458 1222 3521 omni
1244 3456 1510 3542 argumentatione
1533 3452 1702 3530 confici-30

361 3558 424 3611 tur.
469 3551 535 3613 Dat
555 3564 658 3613 autem
679 3552 748 3633 ipse
769 3554 967 3633 exemplum:
989 3554 1089 3636 Quod
1109 3554 1140 3617 si
1164 3557 1256 3637 leges
1276 3572 1393 3616 omnes
1412 3552 1458 3613 od
1479 3550 1662 3613 utilitatem
1752 3587 1757 3597 ·

360 3643 412 3705 rei
427 3644 584 3724 publicae
598 3643 729 3733 referri
746 3649 920 3721 conuenit,
943 3648 997 3709 irie
1016 3658 1131 3710 cadem
1144 3648 1248 3711 solidi
1266 3646 1317 3710 rei
1336 3644 1488 3728 publicae
1501 3638 1639 3730 profuit
1649 3662 1662 3712 ‚-

358 3734 521 3825 prtrfecto
539 3758 608 3800 non
626 3750 739 3819 potest
756 3740 874 3803 eodem
893 3737 1004 3830 facto
1032 3752 1065 3802 et
1084 3742 1190 3804 soluti
1209 3739 1380 3804 communi
1401 3736 1609 3801 consrduisse
1628 3744 1662 3797 et

362 3829 495 3911 legibue
522 3851 590 3893 non
620 3832 881 3915 obtemperasses
937 3832 1079 3894 Secunda
1107 3844 1207 3895 autem
1237 3830 1399 3895 conclusio
1427 3828 1497 3891 talis
1525 3838 1590 3899 est,
1627 3835 1663 3887 ut

362 3922 593 4003 argumentatio
614 3944 656 3985 es
677 3926 837 3989 contrario
859 3925 1086 3998 concludatur;
1108 3928 1205 4007 et'dat
1221 3923 1417 4005 exemplum:
1438 3924 1578 3985 Summo
1596 3917 1703 4000 igi-35

363 4024 421 4075 tur
438 4014 590 4077 umentia
605 4028 656 4079 est
672 4016 709 4078 in
726 4039 845 4081 eorum
854 4017 935 4095 fide
953 4038 1047 4099 spem
1066 4018 1204 4094 babere,
1229 4037 1374 4101 quorum
1392 4012 1548 4096 perfidio
1564 4012 1663 4075 toties

365 4104 524 4187 deceptus
544 4107 608 4171 sis.
648 4100 836 4191 Propositio
857 4110 936 4173 enim
957 4110 1050 4172 buius
1069 4111 1244 4193 syllogismi
1265 4109 1335 4171 talis
1357 4118 1424 4169 est:

448 4199 518 4282 Qui
545 4221 787 4283 saepenumero
811 4224 875 4266 nos
899 4226 963 4285 per
977 4204 1093 4291 sudem
1103 4202 1338 4294 fefellerunt,
1375 4220 1494 4265 eornm
1514 4197 1663 4263 orationi

358 4290 472 4368 fidem
491 4293 613 4357 bebere
633 4314 703 4357 non
731 4294 901 4374 debemus]
943 4296 1019 4360 Hoc
1045 4310 1213 4380 postquam
1235 4297 1401 4377 probatum
1425 4304 1487 4368 ast,
1520 4292 1562 4355 ita
1585 4312 1664 4355 con-

440 4488 467 4541 7.
485 4481 594 4534 Deinde
606 4512 625 4525 -
643 4514 660 4526 -
678 4482 836 4551 -Ctodiur1
855 4481 1021 4538 Exciderunt
1041 4486 1109 4538 baec
1128 4503 1143 4536 e
1162 4484 1247 4557 capp.
1268 4484 1322 4537 Os.

440 4562 484 4613 ss.
502 4562 612 4628 quoties
629 4575 694 4625 arg.
714 4587 732 4600 -
750 4588 767 4601 ·
784 4575 841 4611 aaa.
859 4562 913 4627 eat]
935 4557 1103 4612 Exciderunt
1123 4560 1190 4613 haec
1209 4577 1224 4610 e
1243 4560 1327 4630 Capp.
1347 4555 1400 4611 Os.

439 4632 486 4688 16.
502 4648 555 4701 per
573 4633 727 4702 exemplum
744 4659 761 4672 ·
778 4664 798 4677 -
815 4637 1096 4702 argumentationem]
1117 4632 1282 4687 Exciderunt
1302 4634 1370 4685 baec
1389 4650 1404 4685 e
1423 4633 1506 4705 Capp.
1527 4629 1579 4685 Oa.

439 4708 485 4761 29.
501 4724 583 4777 quum
600 4706 726 4759 breviter
744 4704 1013 4779 ἀνακεφαλαίωσιν
1030 4712 1097 4775 eeu]
1120 4710 1153 4761 in
1165 4706 1314 4762 basileensi
1328 4708 1447 4759 editione
1461 4706 1587 4779 legimur:
1607 4724 1665 4757 cum

366 4779 487 4831 breviter
510 4786 693 4836 comunione
715 4796 767 4833 cet.
793 4796 873 4853 qnam
899 4780 1045 4837 bettonem
1078 4800 1161 4837 nemo
1186 4788 1299 4836 criticus
1326 4780 1441 4835 tolerare
1460 4786 1555 4854 possit.
1586 4784 1665 4835 Caes.

259 4849 260 4858 ’
367 4852 494 4919 (lieetam
513 4854 577 4909 lect.
596 4855 697 4909 babent
716 4855 764 4907 ci.
784 4858 848 4911 Bas.
869 4856 910 4911 St.
930 4856 992 4913 bid.
1013 4859 1078 4924 Oa.)

438 4936 485 4989 52.
501 4945 540 4982 eo
555 4928 628 4997 fuit]
647 4929 698 4984 cd.
718 4931 781 4983 Bas.
799 4932 867 4986 Aac.

438 5006 484 5063 55.
503 5023 541 5060 ω
555 5008 653 5074 paeto]
673 5004 722 5058 Cd.
741 5007 804 5058 Bas.

439 5082 483 5137 59.
502 5084 626 5133 oratmni
637 5078 730 5149 sedem
748 5079 861 5149 habere]
880 5079 953 5133 Male
973 5076 1076 5133 editum
1095 5076 1183 5133 meras
1196 5086 1335 5135 orations.
1358 5080 1441 5136 Cass.
1477 5078 1667 5150 (bectsiectio

368 5168 409 5207 est
426 5156 455 5206 in
474 5152 527 5209 cd.
545 5155 683 5213 maan.
702 5153 742 5210 St.
762 5154 824 5211 ald.
845 5154 912 5228 Oa.)
