4434 5959
929 589 1021 654 LIB.
1044 589 1091 652 V.
1618 591 1679 655 353

363 732 405 796 sit
423 729 744 815 propositionumque
765 731 942 805 contextio,
965 741 1016 805 ut,
1040 751 1136 812 quum
1156 729 1234 792 haec
1255 732 1294 790 ad
1313 727 1475 793 scientiam
1502 729 1562 796 rite
1584 753 1678 814 prae·

358 829 455 890 libata
478 823 699 907 pervenerint,
724 825 869 888 Tulliana
892 822 1015 887 facilius
1038 834 1210 884 noscantur
1230 823 1386 904 exempla.
1433 826 1534 906 Omne
1557 827 1674 910 igitur,

357 924 444 1005 quod
468 920 500 982 in
525 918 710 1004 quaestione
730 918 909 1002 dubitatur,
935 929 988 980 aut
1012 917 1253 980 verisimilibus
1276 930 1328 980 aut
1352 917 1676 1000 necessariisproba-

359 1005 447 1078 bitur
469 1012 674 1097 argumentis.
731 1016 963 1096 Argumentum
991 1032 1067 1074 vero
1091 1033 1183 1074 oinne
1205 1011 1309 1074 autin
1331 1011 1507 1095 syllogismi
1534 1014 1676 1076 ordinem

365 1113 457 1171 cadet
479 1119 532 1170 aut
563 1128 603 1169 ex
629 1105 817 1190 syllogismo
845 1106 929 1168 vires
951 1105 1095 1186 accipiet.
1140 1105 1352 1189 syllogismus
1379 1127 1458 1168 vero
1479 1107 1579 1170 omnis
1599 1127 1701 1188 pro-5

359 1202 570 1284 positionibus
588 1212 724 1263 constat.
768 1199 1013 1282 Propositiones
1032 1213 1136 1262 autem
1156 1220 1263 1263 omnes
1283 1200 1331 1262 vel
1355 1197 1514 1280 simplices
1534 1213 1607 1263 sunt
1626 1199 1675 1264 vel

357 1295 567 1377 compositae.
619 1293 784 1375 Simplices
808 1307 898 1369 saint,
930 1315 1009 1376 quae
1034 1293 1231 1375 simplicibus
1255 1292 1407 1356 orationis
1429 1292 1572 1372 partibus
1596 1316 1674 1358 con·

356 1391 541 1473 iunguntur.
587 1385 748 1468 Copulant
771 1401 873 1452 autem
896 1387 1135 1470 incompositam
1154 1389 1408 1470 propositionem
1426 1383 1581 1477 simplices
1600 1411 1673 1453 ora·

358 1483 451 1546 tionis
474 1493 599 1564 partes,
634 1502 749 1545 nomen
772 1493 803 1544 et
825 1485 973 1557 verbum,
1010 1481 1110 1544 veluti
1135 1503 1229 1565 quum
1251 1481 1402 1544 dicimus:
1433 1479 1497 1542 dies
1521 1493 1586 1556 est,
1623 1483 1672 1547 vel

356 1575 423 1639 dies
450 1596 565 1638 vernus
589 1585 652 1646 cst.
684 1573 732 1636 cel
753 1575 818 1638 dies
837 1596 967 1638 serenus
992 1588 1052 1638 est.
1097 1576 1161 1637 Hic
1186 1576 1265 1638 enim
1289 1595 1411 1640 omnem
1437 1571 1497 1634 vim
1521 1577 1714 1656 proposi-so

355 1669 451 1733 tinnis
469 1687 582 1731 nomen
606 1667 763 1730 connectit
783 1679 814 1732 et
835 1673 979 1732 verbum.
1025 1669 1136 1733 Omnis
1158 1681 1260 1732 autem
1283 1669 1417 1749 simplex
1437 1668 1616 1747 propositio
1632 1692 1672 1733 ex

354 1763 501 1825 subiecto
533 1760 778 1844 praedicatoque
808 1762 964 1825 consistit.
1023 1762 1206 1827 Subiectum
1229 1775 1296 1836 est,
1331 1764 1456 1843 dequo
1483 1759 1597 1824 dicitur
1619 1763 1669 1838 id,

357 1860 444 1939 quod
463 1855 677 1937 praedicatur.
736 1856 955 1918 Praedicatum
976 1868 1044 1932 est,
1070 1857 1214 1938 quotide
1235 1877 1274 1919 eo
1296 1856 1428 1928 dicitur,
1458 1857 1543 1936 quod
1567 1856 1672 1919 subie-

356 1963 441 2012 ctum
452 1960 513 2011 est.
527 1949 670 2010 Verbum
687 1961 788 2011 autem
802 1949 992 2033 aliquotiens
1007 1951 1188 2030 praedicato
1207 1949 1323 2012 noraiini
1338 1945 1530 2030 adiungitur,
1548 1949 1672 2033 aliquo·

357 2045 436 2108 tiens
446 2043 547 2123 ipsum
561 2042 773 2122 praedicatur.
797 2043 987 2115 Praedicato
1001 2042 1119 2106 nomini
1133 2043 1312 2126 adiungitur
1324 2043 1353 2103 in
1368 2042 1426 2102 bac
1436 2045 1668 2122 propositione,
1683 2068 1713 2120 15

355 2158 437 2216 quae
460 2135 552 2199 dicit:
575 2133 648 2196 dies
665 2156 805 2200 serenus
824 2147 887 2198 est.
934 2137 1017 2200 Dies
1037 2136 1117 2197 enim
1139 2136 1300 2199 subiectus
1323 2146 1392 2210 est,
1416 2154 1555 2202 serenus
1578 2161 1671 2221 prae-

353 2230 494 2304 dicatus,
530 2239 582 2290 est
612 2249 691 2292 vero
717 2232 848 2292 verbum
879 2251 1000 2292 sereno
1023 2229 1200 2291 adiunctum
1223 2242 1290 2303 est,
1328 2233 1413 2312 quod
1443 2231 1576 2295 diximus
1604 2253 1672 2295 esse

353 2319 585 2404 praedicatum.
642 2320 734 2385 Atei
752 2322 820 2384 talis
843 2322 882 2384 sit
901 2322 1109 2404 propositio,
1150 2343 1229 2406 quae
1252 2322 1323 2384 solo
1351 2325 1475 2387 nomine
1499 2336 1622 2389 constet
1642 2337 1672 2388 et
1748 2334 1754 2347 '

355 2420 480 2493 verbo,
509 2416 606 2478 veluti
628 2438 723 2498 quum
747 2417 892 2492 dicimus,
924 2416 996 2479 dies
1017 2427 1088 2489 est,
1121 2427 1194 2476 tunc
1217 2415 1290 2478 dies
1311 2416 1500 2492 subiicitur,
1525 2430 1576 2482 est
1601 2439 1673 2482 ver-

354 2511 429 2572 bum
451 2509 520 2572 sine
550 2512 648 2573 dubio
679 2511 894 2592 praedicatur.
952 2509 1027 2573 Sine
1050 2511 1151 2572 verbo
1174 2509 1385 2572 autemnulla
1410 2525 1456 2573 est
1476 2513 1715 2595 propositio.2o

355 2605 467 2671 Omnis
489 2603 569 2668 enim
596 2605 780 2686 propositio
807 2605 858 2666 vel
886 2625 960 2666 vera
991 2603 1040 2666 vel
1062 2603 1141 2666 lalsa
1167 2615 1235 2666 est:
1271 2603 1329 2665 nisi
1351 2617 1453 2667 autem
1477 2608 1609 2669 verbum
1632 2605 1674 2668 sit

355 2698 520 2782 quodlibet
544 2696 739 2772 adiunctum,
764 2719 828 2781 quo
852 2719 920 2760 esse
942 2697 1058 2780 aliquid
1082 2709 1134 2758 aut
1155 2717 1217 2759 non
1233 2717 1301 2758 esse
1321 2697 1459 2772 dicatur,
1485 2698 1568 2761 nulla
1589 2699 1673 2761 veri·

356 2803 404 2854 tas
423 2803 476 2853 aut
498 2789 618 2852 falsitas
643 2790 676 2852 in
698 2790 972 2872 propositionibus
997 2791 1254 2870 deprehenditur.
1299 2791 1401 2871 Saepe
1428 2804 1529 2854 autem
1550 2811 1672 2873 propo·

357 2887 489 2950 sitiones
511 2881 604 2947 etiam
627 2906 666 2946 ex
689 2885 765 2949 totis
787 2885 988 2950 orationibus
1008 2896 1173 2958 constant,
1208 2895 1241 2946 ut
1267 2883 1292 2945 si
1316 2885 1470 2962 dicamus,
1507 2885 1673 2949 Transire

357 2977 394 3040 in
420 2975 586 3068 Africam
610 2978 693 3040 utile
721 3001 795 3043 esse
816 2979 995 3045 Romanis.
1054 2979 1115 3040 Hic
1146 2977 1226 3040 enim
1258 2977 1433 3040 subiectum
1463 2980 1589 3063 quidem
1626 2990 1715 3048 estes

357 3071 509 3134 transire
527 3069 563 3132 in
585 3068 769 3159 Africam,
805 3073 888 3136 utile
912 3083 1013 3135 sertem
1032 3070 1198 3136 Romanis
1225 3070 1459 3151 praedicatum,
1497 3094 1571 3136 esse
1593 3093 1672 3136 vero

358 3167 543 3245 praedicato
572 3162 789 3250 coniungitur.
849 3164 1041 3229 Huiusmodi
1061 3165 1159 3248 igitur
1185 3184 1293 3250 omnes
1315 3164 1554 3246 propositiones
1580 3187 1674 3248 prae·

358 3259 512 3322 dicatirae
545 3258 690 3323 dicuntur
713 3260 958 3341 (praedicativae
982 3279 1062 3322 vero
1085 3256 1303 3339 appellantur,
1343 3257 1416 3340 quia
1439 3261 1522 3323 aliud
1549 3263 1586 3323 de
1609 3259 1672 3324 alio

356 3354 573 3436 praedicam:
612 3375 803 3435 omnesque,
838 3354 893 3438 qui
924 3375 965 3416 ex
990 3353 1037 3415 bis
1064 3351 1339 3434 propositionibus
1369 3353 1445 3414 liunt
1477 3352 1670 3440 syllogismi,

356 3451 527 3512 secundum
553 3448 801 3512 ennuntiationum
829 3469 957 3510 suarum
990 3447 1111 3510 formas
1135 3444 1341 3528 praedicativi
1364 3446 1575 3528 appellantur.
1620 3451 1673 3514 Ex
1684 3471 1716 3523 sn

357 3542 531 3605 bisantem
567 3540 788 3622 praedicativis
819 3539 1093 3623 propositionibus
1119 3540 1275 3603 exsistunt
1306 3541 1499 3622 compositae
1522 3542 1673 3626 proposi·
1724 3565 1728 3578 ·

358 3638 479 3710 tiones,
516 3657 650 3718 quarum
681 3636 758 3700 aliae
784 3636 907 3719 quidem
931 3634 1113 3716 copulativa
1139 3620 1361 3697 coniun'etioue
1386 3646 1573 3712 nectuntur,
1614 3646 1671 3698 ut:

356 3741 390 3792 et
407 3729 480 3794 dies
501 3739 573 3804 est,
596 3739 630 3790 et
649 3729 714 3791 inse
731 3741 795 3792 est.
839 3729 932 3793 Aliae
950 3749 1029 3792 vero
1048 3748 1106 3810 per
1128 3726 1338 3791 conditionem
1360 3726 1454 3803 liunt,
1480 3749 1561 3812 quae
1579 3729 1673 3792 etiam

357 3822 586 3886 conditionales
605 3822 834 3887 enuntiationes
850 3833 1023 3898 vocantur3
1046 3823 1106 3886 bae
1132 3843 1211 3886 vcro
1233 3833 1325 3898 sunt,
1351 3842 1431 3906 quae
1451 3821 1673 3885 coniunctione

359 3918 493 3999 quadam
518 3914 661 3995 partibus
683 3914 868 3998 interposita
898 3919 936 3978 ad
959 3917 1214 3998 consequentiam
1244 3915 1519 3998 conditionemque
1551 3916 1714 3990 domn-35

358 4021 424 4072 tnr.
481 4010 556 4094 Age
583 4009 682 4086 enim,
717 4009 778 4072 sint
799 4012 879 4072 dnae
905 4009 1142 4091 propositiones
1165 4009 1417 4091 praedicativae,
1442 4029 1502 4070 una
1525 4007 1670 4094 quidem,

359 4124 441 4189 quae
460 4102 556 4166 dicit:
581 4102 712 4165 animal
731 4113 802 4176 est,
832 4103 890 4165 alia
907 4122 1005 4176 vero,
1030 4125 1109 4186 quae
1132 4103 1302 4184 proponit:
1331 4103 1434 4164 homo
1454 4111 1518 4163 est.
1564 4099 1623 4162 His
1646 4099 1672 4163 si

359 4196 544 4261 coniunctio
562 4196 770 4273 interveniat,
794 4196 910 4260 faciet:
934 4197 972 4260 Si
986 4197 1088 4258 bomo
1098 4207 1167 4268 est,
1192 4194 1322 4257 animal
1342 4204 1404 4256 est.
1449 4193 1548 4257 Vides
1563 4193 1669 4277 igitur,

317 4314 327 4322 ·
361 4302 394 4353 ut
420 4293 496 4352 ditas
529 4290 761 4372 praedicativas
788 4290 1025 4372 propositiones
1052 4289 1083 4352 in
1117 4310 1207 4351 tinam
1245 4287 1457 4352 conditionem
1489 4286 1672 4350 coniunctio

358 4383 571 4466 copulaverit.
630 4383 719 4464 Quae
741 4406 836 4467 quum
858 4384 899 4446 ita
922 4382 1003 4459 sint,
1043 4404 1153 4447 omnes
1174 4386 1231 4446 hae
1254 4381 1492 4464 propositiones
1515 4381 1717 4462 hypothe·m

356 4477 456 4552 ticae,
495 4477 615 4551 idest,
653 4477 900 4553 conditionales,
939 4486 1115 4551 vocantur,
1148 4489 1242 4562 atque
1266 4498 1307 4539 ex
1329 4475 1377 4537 bis
1398 4472 1574 4556 syllogismi
1596 4475 1675 4538 tales

354 4572 534 4647 exsistunt,
569 4571 684 4657 quibus
711 4571 926 4654 hypotheticis
953 4569 1004 4634 vel
1025 4569 1290 4634 conditionalibus
1313 4587 1427 4632 nomen
1450 4577 1510 4630 est.
1564 4567 1676 4632 Omnis

354 4679 460 4730 autem
491 4666 695 4747 hypothetica
722 4663 904 4747 propositio
928 4665 981 4729 vel
1008 4685 1066 4746 per
1092 4663 1323 4730 connexionem
1346 4662 1381 4724 iit
1404 4661 1454 4724 vel
1478 4681 1536 4741 per
1559 4659 1677 4723 disiun-

354 4757 513 4835 ctionem;
544 4779 603 4842 per
625 4759 853 4823 connexionem
877 4760 940 4822 hoe
964 4759 1078 4820 modo:
1107 4759 1147 4822 Si
1163 4759 1235 4821 dies
1257 4767 1325 4833 eet,
1357 4757 1422 4818 lna:
1438 4765 1508 4837 ιρις
1537 4775 1595 4834 per
1614 4752 1677 4817 dis·

351 4853 548 4918 iunctionem
571 4853 634 4918 ita:
672 4857 744 4919 Aut
773 4853 999 4918 dissertant
1027 4871 1100 4916 nox
1127 4864 1190 4916 eat.
1234 4853 1353 4916 Earum
1379 4869 1478 4922 vero,
1516 4868 1597 4933 qnae
1620 4867 1718 4929 peres

354 4947 586 5013 connexionem
608 4947 707 5023 liunt,
731 4946 810 5010 aliae
832 4969 873 5010 ex
893 4949 1013 5011 duabus
1033 4943 1233 5010 affirmativis
1257 4946 1424 5028 copulatae
1444 4951 1535 5016 sunt,
1561 4950 1616 5002 nt:
1640 4940 1678 5005 Si

354 5041 431 5106 dies
450 5055 520 5119 est,
557 5045 623 5106 tux
641 5053 714 5116 est,·
742 5063 877 5127 namque
898 5041 971 5105 dies
990 5050 1041 5104 est
1063 5052 1093 5103 et
1115 5042 1179 5103 luae
1201 5052 1253 5104 est
1273 5049 1425 5121 utraeque
1449 5031 1567 5118 aliquid
1589 5033 1678 5096 affir-

355 5149 463 5214 mant3
486 5135 565 5201 aliae
587 5158 629 5201 ex
651 5138 773 5200 duabus
800 5135 974 5221 negativis,
998 5143 1054 5198 ut:
1089 5133 1215 5199 Siluas
1234 5155 1304 5198 uon
1327 5143 1401 5206 est,
1426 5127 1499 5192 dies
1517 5147 1586 5190 non
1607 5135 1696 5204 esta.

443 5257 809 5304 sumnonem
1346 5223 1387 5290 23
