4434 5959
573 592 635 659 272
1111 597 1346 663 BOETHIUS

462 778 473 795 .
573 738 780 820 prehensum,
811 758 892 821 quae
920 736 961 801 sit
993 736 1126 802 intentio
1160 737 1380 821 'l'opicorum‚
1418 739 1507 823 qnod
1534 735 1579 801 ait
1599 733 1795 820 disciplinam
1821 756 1890 803 esse

574 844 850 915 argumentorum,
890 854 952 895 non
975 844 1007 895 ut
1032 831 1247 906 inveniantur,
1285 833 1331 911 (id
1351 829 1434 895 enirn
1453 840 1564 894 natura
1589 831 1803 914 suppeditat.)
1836 833 1891 893 sed

576 937 609 986 ut
630 925 696 987 sine
718 926 784 986 ullo
806 924 918 987 labore
941 946 977 987 ac
998 923 1064 987 sinc
1089 926 1151 988 ulla
1178 924 1366 989 confusione
1393 944 1458 988 non
1480 946 1555 986 casu
1577 927 1616 986 ad
1641 946 1676 987 ea
1702 942 1812 997 mens,
1835 925 1892 986 sed

576 1020 707 1100 quadam
735 1016 783 1078 via
814 1038 850 1079 ac
878 1017 1002 1081 ratione
1035 1018 1211 1097 pervoniat.
1263 1019 1345 1081 Post
1368 1019 1447 1079 bane
1469 1017 1708 1081 benevolentiae
1732 1019 1891 1100 captatio·

550 1118 645 1173 taem
666 1109 810 1173 'l'rebatii
832 1110 953 1172 laudem
982 1110 1163 1195 subiungit,
1197 1114 1284 1197 quod
1303 1110 1368 1174 eius
1393 1110 1615 1174 verecundiam
1637 1110 1668 1174 in
1686 1110 1725 1173 iis
1748 1131 1891 1173 comme·

576 1216 677 1267 rnorat
705 1202 905 1284 expetendis,
943 1223 1025 1287 quae
1059 1204 1084 1265 si
1113 1203 1289 1285 postulanti
1317 1206 1418 1269 amico
1450 1203 1570 1269 Cicero
1596 1202 1829 1287 praestitisset,
1861 1214 1890 1265 et

575 1294 697 1379 gloriae
719 1295 890 1377 praemium
917 1295 1017 1359 lcrret
1038 1307 1070 1359 ct
1094 1298 1228 1380 gratiae.
1273 1298 1336 1360 Sed
1359 1300 1447 1383 qnod
1464 1298 1580 1379 petenti
1600 1296 1779 1371 'l'rebatio,
1806 1307 1842 1358 ot
1864 1296 1891 1357 ei

575 1389 698 1471 Topica
721 1390 878 1465 traderet,
916 1386 1040 1451 minime
1063 1392 1236 1467 concessit,
1275 1392 1307 1455 id
1326 1412 1388 1454 non
1412 1392 1537 1474 proprii
1559 1390 1678 1455 laboris
1699 1391 1806 1474 luga,
1838 1392 1890 1453 sed

575 1482 719 1545 'l'rebatii
740 1481 847 1565 potius
869 1502 960 1545 caiisa
981 1482 1097 1546 lactum
1120 1504 1190 1547 esse
1211 1484 1391 1549 contendit:
1421 1494 1457 1546 ut
1475 1484 1506 1547 in
1528 1504 1568 1548 eo
1590 1503 1720 1569 quoque
1744 1479 1890 1545 Trebatii

533 1584 563 1631 ¹⁰
577 1575 671 1639 velanti
701 1587 776 1638 trine
802 1574 922 1657 repulsi
954 1574 1113 1639 subiratus
1142 1577 1277 1641 lorsitan
1307 1576 1426 1639 animus
1459 1598 1541 1639 nunc
1577 1598 1641 1640 non
1675 1578 1718 1639 sit
1756 1576 1888 1638 alienus.

576 1672 731 1733 intererat
768 1690 847 1734 vero
883 1669 1047 1746 'l'rebatii,
1084 1682 1119 1734 ut
1145 1670 1196 1733 vel
1218 1691 1277 1752 per
1301 1689 1334 1732 se
1361 1667 1429 1750 ipse
1460 1668 1513 1731 illa
1544 1669 1653 1753 legens
1680 1667 1889 1731 exercitatior

575 1762 683 1837 fieret,
723 1762 775 1825 vel
804 1762 833 1825 ei
854 1762 1049 1845 perfectius,
1087 1764 1116 1827 si
1137 1784 1199 1851 qna
1221 1763 1395 1835 dubitaret,
1427 1764 1539 1825 rhetor
1560 1762 1687 1826 doctior
1708 1760 1887 1843 expediret.

574 1856 752 1938 Utrumque
778 1876 858 1919 vero
883 1878 901 1918 a
924 1856 1077 1920 'l'rebatio
1099 1878 1134 1921 se
1158 1868 1265 1921 narrat
1286 1854 1428 1919 audisse:
1462 1876 1533 1917 nam
1555 1866 1587 1918 et
1605 1868 1774 1937 expertnm
1798 1876 1887 1929 enen,

519 1974 521 1981 ’
576 1961 609 2013 ut
630 1970 688 2032 per
707 1971 740 2013 se
762 1950 830 2031 ipse
852 1949 991 2032 legeret,
1025 1953 1081 2012 scd
1104 1950 1298 2014 obscuritate
1321 1948 1491 2025 reiectum,
1530 1961 1563 2013 ct
1589 1949 1676 2013 illum
1705 1952 1886 2021 rhetorem,

532 2053 591 2104 tta
615 2065 680 2128 quo
710 2042 906 2124 Topicorum
930 2042 1182 2123 explanationem
1205 2042 1353 2125 petisset,
1384 2041 1435 2105 illa
1461 2062 1531 2105 sese
1564 2041 1776 2107 Aristotelicas
1800 2042 1889 2125 igno·

575 2157 646 2199 rare
667 2135 861 2198 confessum.
905 2134 994 2215 Quae
1019 2156 1071 2197 res
1096 2147 1230 2219 propter
1250 2134 1357 2216 operis
1381 2134 1589 2197 difficultatem
1613 2156 1741 2198 necesse
1769 2147 1821 2198 est
1839 2155 1888 2197 au·

575 2230 711 2293 ditorem
736 2230 846 2291 reddat
868 2238 1041 2291 attentum:
1076 2248 1111 2292 es
1134 2228 1251 2311 quippe
1273 2247 1336 2290 non
1360 2227 1557 2312 negligentes
1575 2227 1781 2309 inspicimus,
1815 2245 1887 2312 quae

576 2344 639 2386 non
662 2321 762 2385 lacilis
782 2342 849 2385 esse
865 2320 1087 2405 intelligentiae
1110 2321 1319 2402 suspicamur.
1363 2320 1400 2383 ln
1420 2340 1484 2404 quo
1507 2323 1598 2384 etiam
1622 2320 1741 2385 Cicero
1767 2324 1886 2386 minime

575 2437 609 2479 se
631 2416 772 2478 miratum
795 2437 864 2479 esse
885 2427 1130 2495 commemorat,
1163 2415 1251 2498 quod
1271 2412 1297 2475 is
1318 2413 1530 2496 philosophus
1552 2434 1570 2477 a
1594 2414 1725 2477 rhetore
1753 2416 1886 2479 nescire·

531 2518 645 2583 tatur,
670 2508 723 2594 qui
747 2509 852 2573 miultis
874 2509 964 2572 etiam
987 2506 1188 2591 pbilosophis
1211 2506 1370 2569 videretur
1391 2506 1584 2591 incognitus.
1628 2508 1777 2586 Qrtorum
1800 2508 1885 2571 etiam

574 2602 642 2665 inre
673 2602 780 2684 culpat
803 2600 977 2685 ignaviam,
1017 2622 1098 2687 quos
1132 2601 1173 2663 ad
1203 2598 1426 2663 Aristotelicas
1451 2599 1674 2683 philosophiae
1695 2599 1885 2683 disciplinam

574 2718 638 2759 non
664 2694 864 2757 inventorum
895 2693 1029 2768 utilitas,
1067 2713 1132 2757 non
1161 2693 1314 2755 orationis
1339 2692 1425 2756 nitor
1447 2693 1598 2756 illexerit.
1642 2694 1679 2757 ln
1703 2714 1773 2776 quo
1801 2694 1884 2755 etism

575 2788 701 2852 maioris
727 2788 942 2872 perspicaciae
967 2786 1081 2849 crescit
1113 2786 1267 2860 attentio,
1302 2785 1375 2871 quia
1408 2786 1500 2849 facile
1534 2789 1574 2849 ad
1600 2788 1737 2849 studium
1773 2797 1884 2849 mentes

574 2883 707 2947 aliorum
728 2882 880 2967 segnities
902 2882 1025 2964 culpata
1047 2878 1228 2953 conuertit,
1252 2878 1281 2940 in
1305 2898 1494 2963 quocunque
1515 2900 1594 2942 vero
1618 2880 1749 2943 attentio
1775 2882 1882 2951 leserit,

531 2988 563 3037 2⁵
575 2999 638 3041 non
652 2977 770 3059 poterit
780 2975 1054 3039 abesscdocilitas.
1105 2974 1143 3036 ln
1157 2972 1204 3035 his
1221 2971 1312 3035 etiam
1335 2973 1402 3035 latis
1426 2974 1576 3058 quaedam
1593 2974 1737 3037 't'rebatii
1753 2974 1883 3036 latenter

573 3070 741 3134 inducitur.
787 3064 941 3153 Magnum
965 3077 1014 3131 est
1035 3066 1136 3142 enim,
1161 3064 1359 3148 pbilosophis
1380 3067 1411 3129 in
1434 3088 1493 3129 suo
1509 3066 1599 3150 quasi
1614 3087 1742 3130 minnere
1766 3088 1884 3131 cessan-

572 3162 675 3236 tibus,
714 3164 797 3223 bunc
825 3182 864 3225 ne
894 3160 1030 3243 proprio
1063 3160 1187 3245 quidem
1225 3161 1329 3225 studio
1357 3162 1572 3243 praepeditum
1599 3160 1719 3223 alienae
1741 3160 1883 3225 scientiae

572 3267 695 3319 secreta
725 3253 845 3318 rimari.
894 3254 961 3317 Iam
986 3273 1062 3315 vero
1084 3254 1245 3339 sequentia
1269 3255 1368 3319 mttlto
1389 3255 1479 3318 etiam
1502 3254 1616 3318 clarius
1635 3252 1882 3317 benevolentiam

573 3359 700 3429 petunt,
726 3348 810 3409 velut
829 3349 911 3420 boc,
934 3348 1021 3429 quod
1037 3346 1270 3437 elegantissime
1286 3348 1402 3411 dictam
1422 3360 1486 3423 est,
1511 3349 1645 3412 veritum
1667 3366 1702 3408 se
1720 3366 1812 3420 esse,
1835 3366 1880 3417 ne,

532 3456 563 3505 to
574 3442 599 3503 si
619 3442 758 3503 modeste
781 3438 966 3521 postulantis
991 3440 1196 3505 verecundiae
1215 3452 1442 3526 pernegasset,
1464 3441 1525 3524 ipsi
1550 3439 1788 3526 quodammodo
1808 3438 1879 3501 iuris

573 3532 739 3615 interpreti
757 3532 824 3593 lieri
853 3532 1016 3595 videretur
1036 3531 1167 3609 iniuria3
1199 3546 1230 3597 et
1253 3538 1336 3620 quod
1360 3539 1553 3619 praecedens
1578 3533 1723 3599 Trebatii
1742 3532 1879 3595 meritum

574 3626 718 3709 percepti
743 3624 885 3689 beneficii
915 3646 1034 3688 nitemur
1064 3627 1267 3711 exsequitur,
1297 3628 1330 3691 id
1353 3649 1433 3693 vero
1458 3642 1524 3705 est,
1562 3630 1650 3713 quod
1679 3626 1731 3689 rel
1753 3626 1818 3708 ipsi
1839 3623 1880 3684 rel

573 3720 633 3796 iis,
665 3740 746 3803 qnos
766 3718 832 3801 ipse
853 3716 1044 3795 detenderit,
1077 3719 1168 3800 plura
1187 3722 1335 3786 cavisset.
1389 3723 1463 3787 Fuit
1485 3723 1607 3806 igitur,
1632 3732 1666 3784 ut
1688 3721 1749 3796 ait,
1777 3740 1880 3783 renen·

573 3818 663 3889 ditm,
698 3834 756 3888 ne,
787 3812 814 3875 si
836 3810 1002 3875 restituere
1025 3812 1157 3896 gratiam
1182 3814 1352 3890 noluisset,
1376 3827 1429 3877 arnt
1450 3815 1607 3900 ingratum
1636 3815 1669 3877 id
1697 3825 1751 3877 aut
1779 3832 1881 3893 super·

531 3911 646 3979 rabum
666 3927 735 3969 esse
762 3904 940 3969 videretur:
964 3904 1123 3987 ingratum
1144 3907 1288 3990 quidem,
1310 3908 1337 3971 si
1363 3929 1474 3992 magna
1494 3908 1641 3971 'l'rebatii
1664 3908 1799 3983 merita,
1820 3905 1880 3991 qni·

572 4004 630 4065 bus
653 3998 720 4081 ipse
744 4020 816 4061 risus
837 3998 964 4071 serenat,
989 4018 1091 4080 parvo
1115 3998 1279 4063 aestimare
1301 4000 1479 4077 videretur,
1512 4024 1607 4084 quum
1627 4004 1742 4067 nullam
1762 4004 1794 4067 ei
1815 4022 1880 4087 gra·

572 4096 645 4158 tiam
676 4092 898 4155 restituendam
929 4101 1075 4173 putaret:
1106 4094 1277 4173 superbum
1307 4114 1409 4169 vero,
1443 4094 1469 4156 si
1494 4107 1671 4176 sperneret.
1726 4098 1783 4159 Ad
1809 4096 1878 4157 iden

572 4201 675 4254 cetera
688 4198 911 4250 revertuntur:
936 4186 1022 4269 quod
1044 4184 1183 4247 eiusdem
1201 4185 1383 4250 testimonio
1399 4185 1520 4263 nititur,
1544 4190 1617 4251 dam
1632 4187 1727 4252 luerit
1746 4190 1778 4253 in
1797 4190 1877 4259 aurbs,

470 4278 478 4295 ⁸
571 4304 622 4359 sc,
646 4303 685 4347 ne
704 4280 839 4344 debitam
855 4281 1003 4342 redderet
1025 4278 1175 4363 gratiam,
1200 4279 1441 4360 occupationum
1461 4281 1645 4344 necessitate
1660 4282 1877 4348 constrictant

529 4379 683 4461 toq¹¹⁰tlv
704 4386 740 4437 ut
763 4374 884 4437 venerit
907 4372 1048 4447 Veliam,
1073 4370 1247 4435 criticorum
1267 4371 1411 4435 Trebatii
1437 4374 1652 4438 conventione
1676 4376 1878 4440 commonitus

572 4492 611 4547 ne
626 4470 739 4533 tacitae
762 4470 885 4553 quidem
902 4464 968 4529 eius
986 4463 1177 4550 flagitationi
1192 4467 1299 4529 deesse
1319 4466 1492 4544 voluisset,
1517 4479 1547 4530 et
1570 4470 1672 4553 quod,
1696 4468 1773 4533 licet
1787 4469 1876 4531 libro·

571 4582 642 4627 rum
666 4560 757 4645 copia
778 4561 861 4624 nulla
884 4570 1087 4643 suppeteret,
1125 4560 1164 4621 de
1186 4558 1358 4623 memoriae
1379 4570 1482 4625 tamen
1503 4562 1639 4643 repetita
1661 4555 1876 4645 promptuariis

647 4782 674 4839 ts.
705 4784 755 4831 ute
787 4796 821 4832 nc
848 4780 969 4846 ratione]
1000 4776 1077 4831 Elns.
1103 4804 1140 4819 ·-
1169 4782 1220 4829 vta
1244 4786 1275 4829 et
1301 4784 1412 4832 ratione
1436 4782 1514 4835 Basa.
1534 4804 1569 4823 ι·
1586 4784 1653 4832 vtae
1670 4779 1801 4834 ductione
1819 4778 1877 4825 Ven-

572 4858 658 4913 Paris.
699 4858 724 4910 5.
743 4854 811 4906 Post
829 4852 899 4905 tanc
917 4853 1013 4906 benev.
1033 4855 1234 4923 captationem]
1260 4854 1338 4908 Basa.
1368 4884 1402 4897 -
1429 4855 1498 4909 Post
1517 4854 1589 4907 lanne
1606 4854 1648 4907 ad
1663 4854 1760 4910 sem
1778 4856 1876 4924 captio-

571 4950 634 4985 nem
661 4932 729 5001 (sic)
755 4928 832 4983 Eine.
853 4956 889 4971 -
909 4925 976 4979 Post
996 4926 1090 4979 benev.
1111 4924 1183 4979 hane
1202 4934 1391 4998 captationem
1410 4932 1480 4986 ven.
1501 4934 1587 4986 Parta.
1634 4936 1662 4991 8.
1682 4928 1776 5001 luga]
1787 4926 1875 4999 suges

571 5008 650 5063 Elui·
689 5014 732 5063 10.
761 5004 851 5057 rebrat
881 5010 947 5054 anne
974 5002 1046 5072 ιαμ]
1074 5002 1153 5053 vetut
1180 5006 1238 5053 tans
1268 5021 1325 5071 rep.
1358 5006 1436 5060 Etns.
1484 5016 1529 5063 tt.
1552 5006 1615 5072 aaa]
1635 5020 1692 5057 om.
1714 5007 1779 5057 ven.
1799 5002 1874 5057 Parte.

572 5080 617 5139 27.
636 5080 707 5132 lanne
726 5084 771 5148 ne]
792 5080 868 5133 Etns.
888 5078 966 5135 nnn
984 5104 1021 5121 -·
1039 5074 1111 5129 bane
1130 5076 1293 5131 Trebatium
1311 5096 1346 5133 ns
1366 5082 1435 5136 Ven.
1454 5082 1542 5139 i'arts.
1589 5084 1637 5141 ¹t2·
1658 5082 1791 5151 tentiis]
1811 5077 1875 5131 ΒΜ

571 5182 609 5201 -ι
628 5160 763 5227 repetitas
781 5152 851 5209 Edd.
