4434 5959
520 546 581 613 996
625 544 630 557 “
880 554 887 569 “
1056 550 1291 617 BOETHIUS

519 710 606 767 esse,
631 692 702 753 diam
725 702 967 773 comparantur,
992 702 1183 775 appareant:
1207 691 1332 755 diversa
1353 711 1434 755 rero
1458 710 1529 754 ease
1551 692 1591 753 ab
1612 688 1671 764 lia,
1695 690 1836 773 adquae

517 784 715 859 referantur,
739 784 791 847 illa
811 807 862 847 res
889 789 1065 867 approbat,
1092 786 1240 870 quoniam
1257 786 1332 848 nihil
1348 789 1387 848 ad
1401 808 1436 849 se
1455 786 1558 870 ipsum
1577 780 1690 847 relerri
1712 791 1836 863 potest.

519 878 611 959 Quae
632 900 725 961 quum
753 878 794 939 ita
825 878 905 955 sint,
941 880 1009 941 iure
1031 881 1141 944 affecta
1165 890 1236 940 anm
1265 892 1455 959 nrrncupata.
1511 878 1602 958 Quae
1630 874 1735 941 omnia
1768 873 1838 937 eius

517 972 598 1045 loci,
635 972 688 1055 qui
724 994 763 1039 ex
797 972 919 1035 affectis
951 973 1083 1048 dicitur,
1132 972 1255 1056 species
1286 974 1336 1035 vel
1365 973 1488 1036 formae
1519 984 1610 1049 arunt,
1644 971 1716 1053 ipso
1741 969 1835 1033 etiam

493 1066 652 1129 ⁵testante
678 1064 855 1140 Cicerone,
881 1066 935 1151 qui
951 1066 1013 1129 ait:
1036 1068 1103 1131 Sed
1123 1068 1186 1129 boc
1204 1086 1315 1148 genus
1339 1067 1375 1130 in
1396 1070 1515 1148 plures
1529 1078 1649 1150 portes
1669 1062 1838 1126 diatriba·

516 1171 590 1221 tum
611 1168 675 1221 est.
721 1159 826 1238 Qurrm
857 1160 935 1223 eninr
960 1182 1059 1245 gentis
1082 1158 1179 1235 dixit,
1217 1179 1297 1243 quas
1321 1160 1413 1223 scidit
1437 1182 1453 1222 a
1477 1180 1596 1245 genere
1617 1156 1740 1239 species
1764 1176 1836 1218 esse

517 1252 667 1335 signavit.
712 1255 886 1317 Praeterea
910 1254 1013 1318 oannis
1035 1253 1115 1315 baec
1139 1263 1171 1312 et
1193 1270 1307 1315 nomen
1330 1252 1456 1337 generis
1477 1251 1651 1333 sarseipiunt
1670 1264 1702 1315 et
1723 1248 1837 1312 delini·

517 1347 649 1408 tionem.
699 1346 824 1409 Allecta
855 1346 936 1409 enirn
964 1357 1035 1409 airnt
1066 1346 1105 1407 ad
1127 1343 1264 1429 aliquid,
1302 1365 1383 1426 quae
1407 1349 1447 1407 ad
1470 1344 1518 1422 id,
1547 1349 1586 1407 ad
1611 1348 1698 1429 quod
1719 1344 1834 1406 allecta

517 1448 610 1513 aliut,
643 1437 757 1503 relerri
789 1452 924 1522 queunt3
962 1438 1131 1520 coniugata
1155 1457 1235 1499 vero
1258 1448 1289 1499 et
1311 1459 1411 1521 genus
1433 1449 1465 1501 et
1485 1438 1588 1502 forma
1614 1449 1647 1501 et
1668 1450 1775 1502 cetera
1795 1438 1836 1498 ad

475 1538 553 1593 t⁰ea
579 1554 722 1612 semper,
747 1535 887 1617 adquae
910 1542 983 1597 strat
1005 1532 1134 1605 affecta,
1158 1530 1354 1595 reseruntur.
1399 1534 1482 1609 Sed,
1506 1543 1541 1595 ut
1562 1532 1593 1598 in
1615 1530 1839 1613 superioribus

518 1622 597 1687 locis
619 1624 735 1687 dictum
757 1636 824 1702 est,
862 1625 917 1710 qui
939 1625 1083 1707 inipso,
1122 1625 1161 1687 de
1186 1646 1252 1706 quo
1274 1625 1398 1708 agitur,
1431 1627 1624 1702 haerebant,
1646 1626 1772 1700 idest,
1795 1646 1839 1687 ex

518 1729 613 1793 toto,
637 1740 677 1781 ex
697 1718 862 1801 panibus,
886 1742 926 1783 ex
947 1730 1041 1791 nota,
1066 1727 1099 1779 ut
1125 1736 1166 1780 ex
1192 1728 1263 1779 toto
1285 1739 1324 1780 eo
1350 1717 1582 1802 intelligeretur
1607 1718 1756 1795 termino,
1781 1716 1839 1802 qui

518 1811 630 1875 luisset
653 1812 683 1875 in
717 1813 903 1897 quaestione
932 1810 1137 1893 propositus,
1173 1810 1311 1895 itemque
1338 1834 1379 1874 ex
1408 1812 1476 1876 eiua
1507 1812 1651 1895 partibus
1680 1824 1776 1896 atque
1797 1834 1840 1874 ex

520 1905 587 1969 eius
609 1918 703 1969 nota:
742 1909 852 1969 eodem
876 1908 972 1971 modo
996 1904 1087 1967 etiarn
1110 1902 1220 1978 iniis,
1255 1924 1336 1988 quae
1357 1905 1472 1969 affecta
1493 1919 1589 1982 sunt,
1618 1906 1775 1980 dicemus,
1799 1906 1841 1968 ad

477 2006 588 2062 iteum
612 1998 779 2062 terminum
803 2000 915 2062 affecta
937 1995 1149 2069 considerari,
1175 1995 1230 2078 qui
1251 1996 1387 2060 subiecti
1410 1999 1459 2061 vel
1484 2000 1657 2081 praedicati
1680 2000 1755 2063 loco
1776 2020 1840 2080 po·

519 2092 598 2155 situs
620 2091 763 2155 continet
786 2092 1015 2175 quaestionem.
1060 2092 1213 2171 Superest
1235 2110 1318 2151 uiroc
1332 2090 1408 2153 illud
1429 2093 1553 2167 dicere,
1577 2114 1647 2167 cur,
1663 2114 1746 2177 quae
1760 2092 1841 2155 affe·

520 2198 571 2249 cta
593 2196 689 2259 siant,
713 2184 853 2268 inipso,
886 2186 1007 2269 dequo
1031 2182 1156 2268 agitur,
1181 2203 1253 2245 csse
1273 2182 1429 2248 dicantur.
1473 2186 1599 2249 Etenim
1619 2186 1652 2249 in
1672 2187 1765 2267 ipso,
1803 2187 1844 2247 do

523 2299 588 2361 quo
612 2279 738 2361 agitur,
773 2277 929 2353 termino,
959 2290 1113 2360 quattuor
1133 2276 1224 2340 locos
1247 2297 1315 2340 esse
1336 2277 1492 2361 signavit,
1527 2280 1648 2353 idest,
1686 2300 1726 2342 ex
1746 2288 1840 2355 toto,

416 2363 419 2376 ”
521 2392 561 2434 ex
584 2374 746 2453 partibus,
770 2394 810 2435 ex
825 2382 921 2448 nota,
947 2394 986 2435 ex
1009 2370 1144 2434 affectis.
1189 2370 1335 2449 Quorum
1356 2372 1417 2435 tria
1441 2372 1565 2455 quidem
1586 2372 1752 2455 superiora
1775 2394 1843 2435 ma·

467 2463 668 2527 .²⁰nilestum
692 2478 739 2528 est
761 2465 793 2527 in
816 2486 854 2529 eo
878 2466 1029 2539 haerere,
1064 2467 1102 2527 de
1130 2483 1195 2547 quo
1213 2463 1346 2547 agitur,
1382 2468 1531 2531 termino.
1585 2464 1739 2529 Definitio
1759 2462 1843 2527 enim

522 2559 688 2623 cuiuslibet
709 2560 776 2637 rei,
802 2562 888 2644 quod
909 2572 1010 2627 totum
1033 2570 1098 2633 est,
1130 2556 1161 2619 in
1184 2557 1241 2621 illo
1264 2557 1336 2640 ipso
1358 2572 1426 2634 est,
1450 2563 1536 2644 quod
1560 2560 1683 2626 debuit.
1727 2548 1845 2624 Part'ea

523 2651 616 2714 etiam
639 2653 670 2715 in
692 2652 763 2733 ipso
784 2652 841 2717 illo
865 2665 955 2729 sunt,
993 2653 1081 2735 quod
1103 2648 1293 2723 collectione
1319 2651 1528 2737 coniungunt.
1586 2654 1672 2715 Nota
1694 2652 1789 2713 etiam
1812 2650 1845 2713 ia

524 2743 579 2809 illo
613 2756 677 2821 est,
712 2748 800 2830 quod
825 2746 1036 2829 appellatione
1072 2743 1190 2827 signat.
1244 2745 1372 2808 Affecta
1404 2767 1483 2810 vero
1513 2745 1712 2810 extrinsecus
1738 2746 1847 2827 postia

523 2836 688 2914 videntur,
720 2843 839 2923 quippe
863 2861 943 2925 quae
966 2839 1151 2903 reseruntur
1172 2839 1210 2898 ad
1232 2836 1286 2910 id,
1312 2841 1353 2900 ad
1380 2842 1468 2923 quod
1489 2840 1602 2923 affecta
1624 2851 1721 2902 sunt:
1763 2860 1848 2921 quae

480 2942 587 3017 aaron
609 2931 826 3009 reserrentur,
852 2932 910 2997 nisi
932 2933 1128 2996 extrinsecus
1150 2930 1254 3010 posita
1276 2930 1542 3017 intelligerentur.
1594 2931 1665 2997 Cur
1686 2931 1788 3015 igitur
1809 2952 1848 2995 ea

524 3024 640 3101 etiam,
672 3046 752 3109 quae
777 3027 889 3089 affecta
920 3037 993 3089 strat
1020 3028 1058 3087 ad
1087 3024 1137 3099 id,
1170 3026 1209 3086 dc
1237 3046 1303 3109 quo
1326 3027 1448 3111 agitur,
1481 3027 1564 3089 iuter
1587 3048 1644 3090 eos
1666 3025 1847 3089 numeravit

523 3114 633 3193 locos,
658 3119 712 3203 qui
735 3118 813 3203 ipsi,
837 3122 876 3182 de
899 3142 964 3205 quo
988 3119 1167 3204 quaeritur,
1192 3118 1326 3183 termino
1357 3122 1547 3196 cohaerent,
1580 3121 1743 3183 dicendum
1772 3130 1844 3182 esta

524 3210 673 3291 quoniam
702 3212 751 3288 id,
794 3214 880 3297 quod
906 3215 1077 3275 adhaerere
1105 3212 1236 3287 dieitur,
1266 3230 1330 3274 non
1353 3212 1434 3275 idern
1458 3226 1504 3276 est
1528 3214 1573 3290 ei,
1598 3212 1649 3275 cui
1671 3214 1847 3276 adhaerere

524 3296 758 3383 praedicatur.¹
783 3306 875 3385 Quae
899 3330 992 3390 quum
1017 3305 1141 3368 diversa
1165 3304 1245 3381 sint,
1269 3305 1460 3389 cognatione
1482 3318 1585 3370 tamen
1601 3307 1737 3389 quadam
1753 3305 1848 3368 intel·

483 3396 667 3479 seliguntur
693 3419 761 3461 csse
784 3400 970 3474 coniuncta3
1005 3397 1102 3462 veluti
1124 3419 1189 3462 non
1210 3397 1292 3461 idem
1315 3410 1361 3461 est
1384 3400 1544 3477 delinitio,
1569 3402 1657 3481 quod
1679 3400 1748 3480 ipsa
1772 3420 1846 3474 res,

527 3508 607 3571 quae
628 3489 809 3557 delinitione
831 3492 1035 3556 describitur.
1090 3492 1124 3555 Si
1146 3490 1227 3554 enim
1250 3491 1393 3556 delinitio
1413 3493 1527 3557 clarius
1557 3492 1654 3557 efficit
1672 3492 1722 3567 id,
1756 3493 1848 3576 quod

526 3582 652 3659 delinit,
678 3582 752 3645 nibil
777 3606 852 3649 vero
874 3586 977 3668 ipsum
1000 3606 1069 3648 sese
1092 3584 1208 3647 clarius
1231 3607 1323 3667 quam
1344 3596 1392 3647 est
1416 3586 1540 3651 efficere
1562 3598 1686 3667 potest,
1711 3584 1847 3647 manile·

527 3688 609 3739 atum
633 3677 753 3751 estid,
778 3682 864 3761 quod
887 3680 1054 3754 delinitur,
1089 3700 1105 3741 a
1129 3677 1313 3743 delinitione
1334 3701 1404 3743 esse
1426 3680 1598 3746 diversum.
1640 3682 1705 3743 Sed
1726 3677 1849 3742 idcirco

526 3770 659 3833 haerere
681 3770 892 3834 definitionem
915 3772 947 3835 iu
969 3794 1026 3849 eo,
1062 3775 1151 3857 quod
1171 3772 1335 3851 delinitur,
1371 3773 1519 3855 dipirnns,
1558 3776 1646 3859 qnod
1668 3784 1717 3836 est
1738 3772 1768 3835 ei
1789 3793 1848 3835 co·

484 3878 622 3947 regnata
645 3875 739 3947 atque
762 3866 948 3929 coniuncta:
971 3866 1088 3949 quippe
1111 3888 1212 3950 quae,
1237 3867 1309 3927 dum
1332 3866 1400 3929 eius
1422 3868 1649 3950 proprietatem
1670 3865 1846 3951 significat,

528 3959 568 4019 ab
591 3956 657 4021 eius
679 3959 850 4021 substantia
872 3981 935 4023 non
958 3958 1091 4023 recedit.
1122 3960 1250 4023 *Partes
1273 3959 1365 4023 etiam
1388 3982 1425 4022 ac
1446 3974 1541 4025 notae
1561 3961 1686 4023 diversa
1708 3970 1781 4023 arant
1803 3959 1846 4021 ab

528 4074 587 4127 co,
612 4054 700 4137 quod
723 4052 773 4116 vel
796 4054 946 4135 copulant
967 4053 1017 4116 vel
1041 4050 1219 4135 designant.
1278 4054 1342 4116 Sed
1364 4054 1435 4137 quia
1458 4054 1530 4117 illae
1552 4052 1757 4135 propositum
1779 4064 1847 4114 ter·

527 4144 642 4208 rninrun
664 4145 812 4230 iungunt,
837 4146 909 4209 illae
931 4146 1076 4231 signant,
1101 4147 1253 4208 babentes
1276 4146 1410 4229 aliquam
1433 4168 1503 4209 cnm
1518 4143 1690 4228 proposito
1707 4142 1846 4208 termino

527 4240 769 4323 cognationem,
794 4240 824 4302 in
847 4239 938 4322 ipso,
962 4244 1087 4322 dequo
1110 4239 1233 4323 agitur,
1259 4240 1390 4302 haerere
1413 4239 1632 4319 perhibentur.
1676 4239 1725 4300 lta
1748 4236 1844 4299 etiarn

485 4346 517 4397 ut
528 4332 557 4395 iu
571 4334 709 4407 affectis,
723 4334 794 4397 licet
806 4335 1003 4398 extrinsecae
1015 4334 1075 4396 siut
1091 4358 1099 4397 ι
1123 4354 1229 4417 neque
1242 4333 1322 4395 enisu
1335 4330 1446 4413 [idem]
1455 4343 1538 4407 auru,
1552 4334 1638 4415 quod
1649 4352 1683 4394 ea
1695 4343 1790 4405 scrut,
1806 4328 1846 4391 ad

528 4446 608 4509 quae
629 4425 848 4509 intelliguntur
870 4428 1000 4491 affecta:
1025 4427 1205 4489 necessario
1227 4438 1351 4499 tamen,
1376 4427 1446 4510 quia
1467 4426 1602 4508 aliquam
1617 4425 1844 4511 cognationem

528 4538 598 4579 eum
621 4518 669 4581 bis
692 4520 809 4583 babere
831 4520 1089 4595 considerantur,
1114 4521 1144 4583 in
1167 4521 1242 4602 ipsis
1265 4522 1397 4583 haerere
1414 4519 1581 4594 dicuntur,
1607 4520 1646 4581 ad
1668 4538 1749 4602 quae
1768 4516 1847 4578 affc-

528 4624 576 4674 cta
599 4625 684 4676 sunt.
730 4614 794 4693 Qui
818 4636 896 4679 vero
919 4636 1030 4677 corum
1053 4614 1204 4677 naturalis
1227 4615 1309 4677 ordo
1331 4613 1371 4675 sit
1393 4614 1445 4675 vel
1467 4634 1548 4694 quae
1570 4611 1770 4685 differentia,
1795 4608 1846 4671 vel

528 4727 610 4789 quae
632 4706 672 4769 sit
696 4707 752 4770 alia
772 4709 915 4773 locorum
938 4708 1084 4791 partitio,
1119 4708 1193 4770 lieet
1215 4708 1245 4769 in
1269 4704 1404 4787 'l'opicis
1425 4705 1609 4769 differentiis
1631 4706 1847 4787 opportunius

486 4822 516 4871 aa
529 4800 757 4881 expediendum
780 4803 839 4877 sit,
864 4814 988 4880 taurea,
1019 4825 1115 4886 quuru
1137 4802 1281 4883 exempla
1304 4798 1491 4877 Ciceronis,
1515 4822 1596 4884 qnae
1617 4799 1651 4862 in
1672 4798 1721 4861 his
1743 4798 1847 4880 expli·

529 4894 634 4956 carrdis
656 4896 778 4971 attulit,
803 4917 1005 4978 exposuero,
1028 4894 1229 4979 subiungam.

533 5026 974 5043 Ἣ

602 5104 628 5159 (a
649 5102 747 5172 scatit]
767 5100 844 5157 Etna.
865 5130 895 5143 -
916 5098 1023 5153 retudit
1040 5098 1110 5155 Edd.
1134 5102 1179 5160 tao.
1198 5097 1272 5153 telem
1290 5117 1347 5155 orn.
1366 5100 1443 5155 erno.
1464 5097 1533 5156 Ven.
1555 5100 1642 5155 Parte.
