4434 5959
545 545 608 612 391
1081 541 1316 609 Bottt'ffltts

542 709 605 770 pro
628 697 756 750 naturae
778 705 853 748 snae
875 685 1016 752 bonitate
1038 685 1185 750 omnibus
1208 683 1444 756 consulentem,
1478 681 1659 752 huiusmodi
1687 704 1783 767 opem
1810 707 1877 770 ge·

542 781 612 844 neri
632 777 795 844 bominum
817 779 903 842 ferre
927 780 1084 855 voluisse,
1107 777 1182 865 quia
1203 777 1359 842 imbecilla
1381 776 1543 842 hominum
1565 791 1675 841 natura
1695 778 1871 860 praesidio

542 871 784 958 praestantioris
806 886 936 936 naturae
958 874 1128 959 indigeret.
1187 873 1250 936 Sed
1280 871 1353 954 quia
1375 871 1434 936 iste
1457 873 1570 936 modus
1592 872 1746 938 orationis
1770 873 1872 938 nimis

543 969 712 1055 singularis
746 979 777 1033 et
806 989 939 1030 arcanus
968 979 1062 1051 atque
1084 971 1124 1031 ab
1147 967 1297 1049 opinione
1327 964 1414 1050 urrlgi
1436 977 1578 1030 remotus
1599 988 1669 1030 esse
1688 968 1873 1050 perpendi-

518 1073 616 1140 ttur,
654 1065 695 1126 ad
715 1063 800 1126 illum
831 1062 938 1145 potius
966 1063 1106 1146 priorem
1136 1063 1263 1124 modum
1287 1057 1454 1126 Ciceronis
1475 1060 1653 1124 intellectus
1674 1083 1743 1126 sese
1765 1062 1872 1126 incli-

544 1178 634 1221 nasse
658 1156 799 1233 videtur,
823 1177 955 1240 eamque
976 1157 1007 1220 in
1029 1158 1092 1219 boc
1115 1158 1188 1221 loeo
1210 1154 1389 1238 intelligere
1411 1155 1561 1222 debemus
1583 1156 1716 1218 deorum
1738 1157 1871 1222 oratio·

544 1273 632 1328 nem,
671 1271 752 1336 quae
782 1254 956 1314 verborum
987 1249 1213 1335 nominumque
1242 1239 1400 1332 compige
1425 1267 1484 1330 per
1507 1247 1633 1333 liuguae
1655 1249 1871 1314 ministerium

543 1347 714 1412 formatur.
764 1346 802 1409 In
826 1344 970 1408 omnibus
991 1344 1073 1408 enirn
1104 1341 1362 1430 quaestionibus,
1398 1353 1430 1404 et
1451 1341 1585 1406 maxime
1608 1342 1769 1419 ciuilibus,
1805 1366 1868 1420 ea,

544 1461 624 1524 quae
646 1450 719 1502 suut
740 1459 798 1502 usu
819 1438 967 1515 notiora,
991 1436 1135 1502 adbiberi
1157 1439 1272 1500 debent
1293 1433 1485 1498 testimonia.
1516 1435 1596 1518 Quis
1611 1447 1713 1500 autem
1729 1437 1868 1514 nesciat,

500 1533 704 1598 ttnotiorem
727 1554 794 1596 eam
818 1554 887 1598 esse
911 1533 1107 1607 orationem,
1142 1551 1222 1615 quae
1237 1529 1340 1611 pulsu
1360 1528 1443 1592 a'e'ris
1466 1529 1584 1594 auditui
1603 1528 1761 1594 sensibilis
1783 1553 1868 1614 pro·

541 1629 665 1703 fertur,
690 1628 729 1690 ab
751 1647 808 1702 ea,
837 1649 918 1710 quae
940 1649 1012 1690 eum
1033 1624 1158 1691 silentio
1182 1627 1318 1709 quodarn
1341 1621 1498 1686 mentibus
1520 1645 1756 1708 perpaucorum
1779 1624 1868 1686 diri·

543 1721 627 1786 nitus
647 1719 844 1784 infunditur?
879 1723 972 1805 Ergo
1006 1741 1065 1802 per
1098 1717 1275 1783 orationem
1296 1715 1490 1802 significasse
1512 1718 1637 1782 videtur
1657 1719 1711 1782 M.
1735 1718 1866 1782 Tullius

544 1816 697 1902 quaedam
717 1814 936 1879 consultorum
959 1812 1117 1880 numinum
1137 1831 1315 1893 respousa,
1339 1831 1419 1895 quae
1442 1813 1632 1896 quaudoque
1655 1810 1745 1876 vario
1767 1811 1867 1876 iutel-

543 1911 629 1974 leetu
649 1909 824 1992 perplexa,
859 1911 1052 1993 quandoque
1072 1905 1261 1989 perspicua,
1291 1905 1476 1992 quibusdam
1500 1927 1542 1968 cx
1563 1905 1664 1987 adytis
1686 1928 1864 1989 specuum,

502 2002 761 2085 tsspumaotibus
783 1999 893 2066 buccis
914 1999 1092 2085 rapidoque
1115 2001 1260 2064 discursu
1282 1999 1364 2076 oris,
1399 1999 1588 2064 furiatorum
1610 2003 1754 2064 ructabat
1776 2000 1863 2064 insa-

543 2095 616 2160 nia:
641 2095 757 2180 quibus
784 2093 887 2158 veluti
918 2094 1010 2158 virae
1039 2106 1135 2178 atque
1164 2093 1401 2176 expertissimae
1434 2096 1566 2157 deorum
1594 2092 1669 2159 voci
1701 2113 1763 2177 pro
1789 2092 1866 2158 ildei

544 2188 726 2254 testimonio
755 2187 946 2253 innitebatur
974 2188 1158 2273 antiquitas.
1213 2189 1305 2252 Unde
1328 2187 1418 2250 etiarn
1442 2187 1573 2252 oracula
1595 2199 1628 2252 et
1646 2189 1718 2254 lana
1740 2189 1864 2254 idcirco

544 2283 621 2347 dicit
642 2284 819 2366 appellata,
856 2284 945 2368 quod
966 2282 1048 2346 inest
1077 2279 1124 2346 eis
1144 2284 1276 2345 deorum
1301 2280 1419 2346 oratio.
1477 2282 1532 2344 Ab
1554 2283 1614 2346 bae
1634 2285 1767 2348 deorum
1790 2307 1866 2349 ora.

544 2376 630 2440 tione
653 2373 745 2440 verbi
767 2375 870 2461 gratia
890 2375 936 2440 ita
958 2377 1082 2441 ducitur
1104 2374 1335 2451 testinnonium,
1359 2386 1414 2450 ut,
1437 2375 1464 2440 si
1486 2379 1524 2440 de
1546 2377 1688 2440 Socratis
1703 2379 1866 2444 excellen-

501 2469 589 2534 2ttia
611 2469 795 2547 dubitetur,
818 2469 874 2535 illo
897 2469 1007 2551 Pythii
1030 2469 1152 2534 oraculi
1174 2467 1323 2533 vaticinio
1346 2468 1448 2534 omnis
1471 2469 1613 2535 dubietas
1636 2473 1863 2558 abstergatur:

628 2563 747 2642 Κεῐνος
768 2557 850 2652 ἀνὴρ
872 2559 1097 2630 adsentiendi
1119 2561 1249 2628 ἐναντία
1271 2563 1340 2628 ἐστὶ
1359 2563 1506 2652 πορίζων.

544 2663 664 2726 Rerum
701 2677 782 2722 vero
818 2657 998 2721 testimonia
1033 2658 1165 2741 quadam
1203 2653 1419 2720 subdivisione
1448 2655 1610 2722 distribuit
1641 2670 1736 2744 atque
1773 2661 1864 2728 eain

544 2750 676 2838 singulis
699 2752 835 2816 collocat
857 2751 1036 2814 elementis:
1074 2753 1248 2833 quaedum
1270 2770 1378 2814 rarum
1397 2749 1616 2836 insuetumque
1638 2752 1756 2836 aliquid
1778 2755 1864 2820 eirca

542 2869 576 2912 se
600 2849 790 2921 ostendunt,
816 2857 899 2909 muta
921 2844 990 2928 ipsa
1013 2844 1115 2907 dubiis
1139 2845 1373 2929 quodammodo
1396 2845 1493 2908 rebus
1516 2858 1703 2930 argumenta
1724 2849 1863 2932 loquun-

499 2955 531 3004 25
543 2953 608 3006 tur.
661 2941 810 3023 Ipsorum
844 2961 924 3023 ergo
946 2941 1172 3004 elementorum
1197 2949 1319 3027 ostenta
1346 2939 1514 3019 partiendo
1536 2940 1735 3004 dinumerans
1757 2945 1862 3008 mundi

541 3032 703 3119 inprimis,
727 3034 838 3096 deinde
860 3032 964 3111 aeris,
988 3034 1028 3095 ad
1048 3043 1243 3115 postremum
1265 3042 1371 3094 terrae
1394 3031 1581 3096 mentionem
1602 3031 1721 3098 intulit.
1756 3037 1860 3117 Quae·

543 3129 606 3194 situ
627 3149 708 3211 ergo
731 3127 860 3211 dignum
882 3137 948 3202 est,
973 3127 1048 3210 quid
1069 3127 1174 3190 mundi
1198 3125 1323 3191 nomine
1340 3125 1416 3190 velit
1431 3125 1576 3210 intelligi.
1621 3127 1657 3192 Si
1672 3127 1754 3192 eninr
1773 3153 1861 3194 mun·

544 3225 602 3288 dtis
624 3235 671 3286 est
692 3223 847 3306 quaedam
871 3233 1024 3304 quattuor
1046 3221 1273 3284 elementorum
1296 3220 1490 3303 generalium
1513 3221 1714 3304 compactio,
1752 3243 1809 3287 eur
1830 3225 1860 3288 in

544 3319 649 3380 eadem
673 3314 829 3380 divisione
852 3314 993 3399 generali
1014 3336 1066 3378 res
1089 3337 1159 3378 curn
1183 3313 1327 3396 partibus
1348 3313 1414 3376 suis
1435 3313 1583 3398 implicita
1605 3315 1676 3382 esti
1709 3319 1774 3382 Sed
1801 3318 1860 3382 nsi-

501 3422 532 3472 11
546 3423 611 3476 tato
635 3409 805 3477 locutionis
824 3397 930 3491 tropo'
945 3410 1051 3473 mundi
1074 3409 1238 3477 vocabum
1260 3430 1322 3473 non
1346 3407 1521 3493 incongrue
1544 3408 1700 3492 accipitur
1721 3409 1775 3474 illa
1790 3433 1860 3494 spe-

545 3503 668 3568 cialiter
686 3501 829 3566 caelestis
850 3503 979 3588 vertigo
1001 3523 1072 3566 eum
1087 3513 1212 3586 septem
1225 3502 1373 3566 subiectis
1395 3501 1541 3580 circulis,
1566 3525 1647 3588 quae
1668 3517 1699 3568 et
1714 3505 1860 3572 ordinato

544 3610 632 3662 moto
665 3607 698 3660 et
725 3594 818 3660 vario
839 3595 976 3658 siderum
1007 3606 1123 3659 ornatu
1144 3595 1294 3678 insignita
1315 3617 1422 3660 rerum
1445 3594 1681 3662 universitatem
1704 3600 1861 3682 sphaerali

543 3690 681 3775 undique
704 3689 844 3774 margine
867 3688 1149 3771 circumplectitur.
1195 3691 1292 3771 Quod
1313 3689 1405 3753 etiam
1427 3689 1494 3771 ipse
1517 3693 1598 3756 ordo
1613 3702 1721 3756 textus
1737 3705 1769 3758 et
1785 3695 1861 3758 situs

542 3784 718 3870 positarum
747 3782 934 3848 naturaliter
960 3804 1066 3847 remur
1094 3767 1330 3870 subsequenter
1357 3785 1508 3848 declarat.
1566 3785 1625 3850 Ait
1655 3787 1757 3850 euima
1785 3787 1860 3871 pri·

498 3905 529 3956 tt
543 3901 636 3943 mrem
657 3879 727 3964 ipse
748 3879 921 3950 mundare
948 3874 1103 3960 deinceps
1124 3878 1211 3942 oie-ii
1230 3879 1385 3955 uolneris,
1413 3881 1664 3966 multorumque
1687 3903 1805 3949 rerum
1825 3881 1858 3944 io

889 4013 1858 4044 ——.-..-...............-..-...,...

611 4091 652 4140 ts.
672 4093 726 4138 rat.
747 4089 790 4139 ll.
808 4071 902 4146 rectas
924 4089 967 4138 11.
987 4092 1191 4150 οο1.ιρὶοιιιιηι.
1228 4088 1271 4142 2³.
1291 4093 1351 4140 Coi.
1370 4091 1532 4154 artemonis.
1569 4093 1612 4142 32.
1632 4097 1693 4142 cci.
1713 4099 1819 4157 sperati.

616 4215 659 4270 15.
680 4209 747 4266 eod.
767 4209 895 4264 discursu
912 4216 1156 4264 omissrrriaiorum
1175 4209 1254 4287 (sle).
1273 4213 1365 4283 Num,
1386 4215 1530 4285 discursu,
1551 4223 1641 4269 omnis
1651 4217 1858 4288 ficticiorum?

615 4294 660 4346 21.
679 4287 727 4342 Sia
746 4285 870 4360 disposui
891 4304 1013 4357 versum,
1045 4305 1141 4340 uereor
1159 4305 1194 4341 ne
1214 4286 1423 4345 infelicissime:
1456 4289 1503 4345 sed
1530 4291 1627 4364 religio
1646 4291 1702 4348 init
1721 4293 1857 4349 discedere

538 4361 649 4435 longtns
669 4380 685 4414 a
704 4367 842 4434 scriptura
870 4363 1002 4429 Codicis,
1033 4379 1103 4434 quae
1124 4379 1164 4418 ear
1185 4363 1362 4418 huiusmodi:
1393 4367 1520 4424 Alu'oC.
1539 4375 1642 4424 ΛΝιΡ.
1665 4377 1721 4427 ΤΑ.
1745 4379 1857 4429 xm

539 4446 628 4495 ΚΑΒ.
647 4447 831 4494 ΕΝΑΝΊἸΑ,
851 4447 948 4496 131101
964 4447 1029 4496 201
1043 4441 1126 4512 (sic),
1145 4437 1243 4494 adraso
1263 4445 1353 4514 capite
1372 4441 1469 4495 literne
1489 4459 1625 4496 extremae
1652 4447 1681 4498 in
1701 4453 1782 4514 1101,
1803 4465 1857 4500 non

539 4529 617 4568 secus
647 4527 680 4564 sc
708 4516 732 4565 si
759 4516 835 4584 prins
865 4519 940 4570 1101’
965 4511 1073 4569 inisset.
1113 4513 1221 4587 Syllaba
1243 4513 1329 4570 altera
1348 4521 1377 4570 in
1397 4525 1506 4574 KAiiA
1531 4516 1693 4592 producitur
1713 4525 1800 4575 mire:
1830 4526 1857 4575 in

539 4601 669 4660 promptu
689 4584 787 4638 inisset
806 4587 947 4655 seribere,
966 4585 1002 4644 ris
1020 4585 1118 4645 κακὸν
1136 4596 1190 4646 καὶ
1210 4589 1358 4648 ἐναντίον.
1396 4591 1465 4646 Aliis
1485 4591 1610 4666 (opinor)
1631 4593 1737 4667 placeat
1757 4595 1857 4662 Airrie,

538 4677 603 4714 curn
623 4661 760 4714 infinitivo
779 4665 810 4714 in
829 4662 965 4717 clancula:
985 4664 1069 4718 malni
1088 4665 1268 4719 Homericum
1288 4665 1394 4730 Kriroc
1413 4665 1503 4746 ἀνήρ.
1542 4672 1662 4736 Versus,
1683 4676 1730 4742 qni
1745 4669 1856 4725 fortasse

539 4736 606 4790 alibi
626 4752 707 4789 sanna
727 4750 835 4802 aurat,
855 4735 993 4792 addendus
1014 4755 1055 4794 est
1075 4740 1204 4795 Orscdts
1224 4745 1350 4795 metricis
1370 4741 1403 4794 ab
1423 4743 1526 4796 loanne
1547 4744 1697 4820 Opsopoeo
1717 4747 1856 4812 collectis,

537 4815 626 4869 Paris.
649 4814 738 4876 1607,
765 4815 794 4864 in
814 4812 853 4870 8⁰.
892 4815 933 4867 De
952 4813 1039 4867 altero
1053 4819 1190 4891 χρησμῷ
1209 4816 1241 4870 de
1260 4819 1392 4884 Socrate,
1421 4813 1456 4874 ὃν
1475 4817 1564 4896 ἴσμεν
1584 4815 1737 4888 ἅπαντες,
1765 4839 1795 4876 nr
1820 4828 1856 4875 att

537 4886 702 4945 Plnrsrebns
722 4886 758 4939 ll.
780 4889 862 4946 1116.
880 4887 913 4942 ll.
933 4889 1141 4964 Chaerapbnntt
1162 4889 1242 4958 dato,
1272 4891 1502 4960 daemonialis,
1528 4909 1597 4967 qnae
1618 4894 1721 4950 babens
1741 4899 1856 4952 Fische-

538 4978 584 5018 rus
604 4961 640 5016 sd
658 4960 771 5035 Apolng.
792 4961 868 5016 Socr.
889 4961 931 5016 ed.
951 4964 1029 5038 Lips.
1051 4967 1133 5026 1785.
1156 4982 1217 5042 pag.
1237 4971 1282 5028 85.
1303 4971 1466 5040 conquisitis
1487 4984 1611 5023 veterana
1630 4985 1663 5024 ea
1681 4969 1715 5025 de
1735 4991 1765 5026 re
1781 4977 1856 5028 resri-

538 5043 659 5105 mnnita‚
689 5052 717 5090 er
744 5039 791 5108 qni
818 5037 969 5111 singulares
998 5037 1030 5093 de
1057 5040 1180 5095 Socratis
1206 5045 1262 5101 vira
1289 5041 1377 5098 libros
1396 5039 1558 5110 ediderunt,
1588 5043 1774 5120 Charpentier
1797 5065 1854 5122 cap.

536 5111 632 5169 xxti.
651 5125 715 5187 pag.
733 5117 780 5174 82.
799 5111 926 5188 Cooper,
946 5112 1013 5170 edtr.
1033 5129 1098 5171 tert.
1118 5131 1179 5191 pag.
1200 5117 1246 5176 83.
1284 5117 1436 5194 thgers,
1456 5117 1523 5176 edit.
1542 5117 1592 5182 ait.
1612 5133 1674 5198 pag.
1685 5124 1741 5214 Ι51.
