4434 5959
542 613 605 679 23⁶
985 612 1027 681 C.
1049 615 1205 682 IULIUS
1227 612 1407 682 VICTOR

476 772 478 776 ·
541 754 748 828 sineretur,
781 754 996 819 memntione
1015 749 1220 839 corripiam,
1254 767 1292 818 ut
1313 744 1370 820 oh⁸
1380 765 1498 818 errato
1519 755 1666 818 recedat.
1710 756 1852 819 Enume-

541 845 627 911 ratio
648 847 911 928 reprehenditur,
945 847 972 911 si
991 860 1045 912 aaut
1065 849 1268 931 praeteritum
1298 849 1444 932 quiddam
1468 849 1629 923 dicemus,
1664 850 1751 930 quod
1777 849 1853 910 reli·

541 961 610 1003 mus
648 942 845 1015 concedere;
882 952 936 1006 ant
964 941 1118 1006 infirmnm
1146 940 1265 1026 aliquid
1300 955 1556 1016 annumeratum,
1594 940 1644 1004 cui
1675 939 1851 1004 contradici

541 1032 662 1114 possit;
697 1044 751 1096 aut
784 1055 876 1096 caiisa
904 1056 969 1099 nnn
998 1037 1056 1111 sit,
1090 1055 1192 1120 qttsre
1225 1055 1287 1099 non
1320 1038 1452 1099 honeste
1482 1035 1639 1117 possimus
1660 1035 1852 1096 concedere.

518 1124 755 1190 ⁵Praeteritum
778 1125 923 1209 quiddam
946 1139 1014 1192 est:
1047 1129 1209 1212 quoniam
1226 1129 1328 1192 habes
1353 1129 1458 1192 istum
1479 1151 1620 1213 equnrn,
1644 1137 1708 1212 orat
1730 1123 1856 1188 emeris

543 1231 699 1301 oportet,
720 1231 784 1282 oret
800 1219 987 1284 hereditate
1004 1203 1203 1305 possidens,
1226 1234 1287 1284 niet
1311 1241 1449 1285 munere
1466 1221 1655 1304 occeperis,
1676 1231 1738 1282 aret
1761 1216 1855 1280 dorni

544 1311 606 1376 tihi
626 1324 728 1376 notus
745 1313 812 1385 sits
831 1326 906 1388 atet,
932 1314 965 1376 si
984 1316 1108 1378 luorum
1124 1315 1211 1378 nihil
1231 1325 1300 1391 est,
1323 1315 1535 1398 surripuisti.
1579 1317 1698 1399 Neque
1720 1312 1853 1383 emisti,

544 1425 651 1490 neptae
670 1406 857 1470 hereditate
885 1408 991 1483 venit,
1014 1428 1121 1491 neque
1148 1408 1297 1471 douotres
1322 1419 1392 1482 est,
1415 1427 1522 1490 neque
1546 1407 1639 1472 domi
1660 1419 1761 1472 nattes
1782 1417 1853 1476 est3

544 1520 678 1563 necesse
706 1511 758 1563 est
785 1521 890 1584 ergo,
926 1513 965 1564 ut
988 1499 1212 1583 surripuerit.
1272 1502 1345 1563 Hoc
1366 1511 1467 1564 totum
1490 1500 1662 1574 dissolves,
1694 1499 1721 1562 si
1746 1499 1853 1560 dicere

503 1591 667 1674 ¹⁰possis,
703 1616 750 1656 ex
770 1595 925 1658 hostibus
946 1615 1070 1678 equum
1088 1615 1162 1656 esse
1182 1605 1336 1675 coptum,
1374 1597 1460 1678 qnod
1488 1592 1540 1656 ille
1560 1593 1592 1656 in
1616 1591 1853 1657 enumeratione

542 1685 810 1769 praetermiserat.
854 1688 934 1751 Item
954 1685 1195 1769 reprehenditur
1210 1687 1423 1762 enumeratio,
1447 1708 1541 1770 quum
1564 1685 1739 1750 contradici
1760 1681 1854 1746 alicui

543 1777 662 1859 speciei
684 1800 724 1842 ex
745 1781 980 1844 enumeratione
1000 1783 1114 1862 possit.
1159 1781 1220 1856 Ut,
1244 1783 1272 1844 si
1294 1785 1482 1856 contendas,
1503 1781 1689 1845 hereditate
1709 1778 1773 1841 tibi
1794 1777 1853 1840 olr-

542 1871 692 1946 nenisse,
714 1882 776 1933 ortt
795 1893 934 1936 munere
953 1874 1139 1956 occepisse,
1163 1883 1224 1936 ortt
1243 1873 1336 1938 domi
1355 1887 1474 1940 natum
1505 1897 1590 1940 esse.
1635 1875 1713 1938 Item
1740 1891 1852 1949 repre·

543 1963 700 2040 inceditur,
729 1987 824 2049 qutun
854 1965 971 2050 aliquid
993 1988 1034 2030 ex
1055 1965 1288 2030 enumeratione
1304 1965 1422 2050 eligere
1437 1983 1615 2050 possumus,
1638 1965 1687 2028 cui
1716 1966 1852 2026 honeste

502 2059 764 2121 ttcnncedamns.
822 2059 866 2122 Ut
895 2059 922 2122 ei
950 2059 1005 2144 qui
1034 2057 1166 2122 dixerit:
1198 2069 1260 2121 ont
1286 2058 1431 2123 insidias
1447 2057 1578 2150 sonere
1605 2056 1758 2130 noluisti,
1789 2065 1853 2116 nest

541 2151 654 2215 arnico
675 2173 817 2214 morem.
828 2151 983 2235 gessisti,
1011 2162 1075 2216 ent
1095 2151 1280 2234 cupiditate
1309 2155 1419 2216 elatus
1439 2175 1495 2228 es3
1539 2165 1571 2216 et
1593 2173 1650 2216 nos
1673 2160 1786 2212 contra
1803 2149 1852 2208 di·

541 2265 665 2320 carnus,
687 2243 799 2309 emico
816 2267 945 2309 morem
960 2245 1066 2330 gessi.
1111 2244 1253 2326 Simplex
1276 2245 1440 2309 conclusio
1465 2245 1726 2328 reprehenditur,
1751 2243 1777 2305 si
1797 2241 1850 2314 id,

541 2340 629 2421 quod
650 2337 812 2422 seqnitur,
836 2361 899 2403 non
920 2340 1061 2404 videatur
1083 2336 1265 2402 necessario
1283 2360 1353 2401 cnm
1374 2359 1431 2416 eo,
1455 2343 1540 2422 quod
1562 2349 1633 2414 ante
1651 2337 1708 2411 sit,
1733 2337 1853 2398 cohae-

541 2452 627 2496 rere.
672 2433 753 2494 Nam
775 2433 838 2496 hoc
859 2432 1001 2517 quiderm
1022 2433 1054 2498 si
1071 2432 1232 2516 spiritum
1249 2429 1362 2507 emit,
1387 2431 1487 2505 visin·
1508 2432 1539 2496 si
1561 2431 1634 2494 dies
1655 2441 1717 2502 est,
1740 2430 1853 2496 Ireceta

499 2523 693 2589 steinsmodi
715 2535 780 2599 est,
812 2538 846 2589 ut
879 2548 949 2590 cum
983 2526 1094 2609 priore
1116 2524 1293 2590 necessario
1315 2525 1473 2606 posterius
1494 2528 1666 2589 cohaerere
1693 2521 1851 2584 videatur.

541 2617 804 2702 Argumentatio,
840 2642 921 2704 quae
941 2643 1000 2703 per
1024 2619 1236 2684 inductionem
1259 2618 1454 2700 appellatur,
1490 2619 1636 2705 qnoniam
1661 2639 1719 2700 per
1740 2613 1852 2678 simili·
1957 2627 1958 2632 ’

539 2711 677 2773 tudinem
706 2714 839 2775 maxime
866 2725 1051 2788 exercetur,
1089 2711 1208 2795 poterit
1232 2712 1362 2792 repelli,
1398 2717 1469 2776 dum
1498 2713 1596 2776 simile
1620 2729 1773 2796 negemus
1796 2707 1849 2782 id,

540 2806 627 2886 qnod
649 2804 832 2880 confertur,
866 2817 898 2867 et
919 2804 1036 2869 siheri
1058 2815 1183 2887 potest,
1214 2803 1370 2868 diversum
1392 2827 1527 2892 genere,
1552 2817 1683 2882 natura,
1710 2803 1758 2878 vi,
1785 2801 1852 2863 mass

540 2897 720 2982 gnitudine‚
755 2908 915 2979 tempore,
950 2899 1045 2972 loco,
1073 2919 1229 2980 persona,
1252 2897 1415 2979 opinione.
1459 2901 1533 2981 Quo
1556 2901 1587 2964 in
1608 2918 1738 2963 nurnero
1758 2895 1849 2971 illud,

498 2993 626 3074 liqnnd
654 3012 714 3072 per
743 2989 972 3055 similitudinem
995 2993 1145 3068 affertur,
1184 3001 1215 3054 ct
1244 3013 1308 3076 qno
1329 2992 1411 3068 hoc,
1446 2993 1535 3057 enisu
1567 3013 1661 3056 carisa
1692 2991 1847 3062 affertur,

538 3082 649 3146 haberi
667 3083 853 3160 conveniat,
876 3084 951 3170 quid
972 3106 1024 3148 res
1050 3105 1066 3146 a
1091 3107 1126 3149 re
1146 3083 1288 3161 differat,
1314 3088 1555 3149 ostendendum:
1578 3109 1619 3150 ex
1640 3105 1704 3168 qno
1724 3084 1849 3168 probe·

539 3198 607 3240 mus
628 3176 711 3240 alind
739 3178 778 3240 de
800 3198 860 3254 eo,
891 3179 977 3260 qnod
998 3177 1252 3261 comparabitur,
1278 3189 1308 3242 ct
1330 3181 1368 3241 de
1393 3201 1458 3265 quo
1481 3179 1716 3263 comparabitur
1737 3177 1851 3242 existi-

539 3265 619 3332 t'nari
641 3281 806 3351 oportere.
852 3271 1063 3356 Syllogismus
1086 3275 1308 3357 expugnatur,
1332 3295 1426 3356 qnttrn
1454 3283 1507 3336 aut
1529 3271 1660 3337 intentio
1682 3272 1769 3348 eins,
1796 3283 1851 3334 aut

539 3361 731 3443 assumptio,
765 3375 818 3426 sut
843 3364 1024 3440 conclusio,
1058 3386 1279 3447 nonnunquam
1306 3367 1505 3441 communia,
1545 3364 1745 3430 refelluntur.
1806 3368 1850 3431 Et

498 3474 530 3524 no
541 3453 663 3536 quidem
684 3453 815 3520 intentio
838 3478 878 3519 cx
900 3459 947 3520 his
965 3458 1044 3522 locis
1065 3467 1323 3542 argumentorum
1342 3459 1562 3542 redarguitur,
1585 3459 1700 3544 quihus
1715 3470 1746 3523 et
1769 3481 1850 3522 con·

538 3547 702 3624 firmatur,
725 3547 756 3611 id
779 3559 846 3624 est,
869 3551 1029 3614 contraria
1055 3550 1316 3614 ratiocinatione:
1339 3551 1538 3617 ratiocinatio
1563 3564 1665 3616 antem
1689 3575 1848 3639 nunqnam

540 3652 590 3704 est
614 3661 708 3717 vera,
731 3641 789 3704 nisi
810 3655 841 3706 et
863 3645 1046 3727 propositio
1070 3666 1144 3707 vera
1168 3645 1220 3708 sit.
1264 3647 1500 3732 Nonnunquam
1526 3659 1629 3711 tamen
1650 3667 1745 3710 verae
1767 3667 1849 3728 pro-

538 3732 706 3817 positionis
723 3736 800 3799 Ialsa
817 3736 1018 3802 ratiocinatio
1039 3749 1103 3814 est,
1129 3749 1181 3816 nt,
1204 3738 1314 3802 virtus
1330 3740 1455 3804 honum
1478 3753 1547 3814 est:
1568 3761 1679 3804 vern·
1700 3749 1768 3814 est;
1792 3742 1849 3803 sed

539 3827 566 3890 si
588 3827 658 3912 quis
679 3827 949 3895 ratiocinationem
971 3829 1134 3910 subiiciat,
1158 3833 1251 3916 pund
1266 3854 1308 3896 eo
1329 3835 1510 3918 locupletes
1517 3835 1660 3926 sociat,
1686 3853 1781 3896 verae
1799 3833 1849 3896 in·

497 3920 687 3989 attentionis
716 3922 795 3985 falsa
826 3923 866 3987 sit
893 3922 1104 3988 ratiocinatio.
1160 3924 1334 3990 Conclusio
1365 3939 1465 3990 autem
1500 3939 1553 3992 aut
1586 3948 1662 3991 vera
1690 3937 1846 4012 negatur,

539 4039 636 4101 quum
658 4016 741 4079 alind
764 4015 886 4102 colligit
908 4039 1000 4103 quam
1023 4017 1072 4095 id,
1107 4019 1194 4102 quod
1213 4038 1253 4080 ex
1275 4017 1436 4100 prioribus
1456 4018 1664 4104 exprimitur,
1694 4032 1748 4084 aut
1769 4019 1847 4082 nihil

540 4112 581 4173 ad
607 4121 805 4192 praesentem
837 4111 1052 4196 quaestionem
1081 4111 1194 4174 dicitur
1225 4111 1398 4196 pertinere.
1457 4115 1532 4178 Non
1559 4125 1606 4176 est
1635 4134 1726 4190 vera,
1764 4111 1849 4175 sicut

536 4205 631 4268 haece
667 4203 851 4270 insidiator
880 4204 956 4268 inre
984 4203 1169 4276 occiditurr
1202 4225 1283 4268 nom
1313 4228 1417 4292 quum
1448 4207 1537 4270 vitae
1564 4207 1631 4270 nim
1652 4205 1783 4296 qfferat
1809 4217 1848 4269 ut

537 4297 662 4372 hostis,
693 4298 798 4363 etiarn
818 4299 935 4383 repelli
955 4300 1051 4363 debet
1071 4309 1111 4361 ut
1130 4299 1257 4371 leontiae
1279 4311 1368 4364 recte
1389 4300 1500 4386 igitur
1520 4301 1660 4366 Clodius
1678 4311 1716 4364 ul
1737 4299 1848 4364 hostis

497 4391 672 4455 tooccisus
691 4405 755 4456 est.
808 4395 890 4457 Nam
913 4393 1021 4478 ntique
1049 4393 1187 4456 noudum
1210 4393 1302 4456 etiam
1326 4393 1474 4459 Clodium
1496 4395 1709 4458 insidiatorem
1738 4405 1849 4458 osten-

538 4481 652 4546 dimus.
702 4484 794 4549 Etsi
815 4506 891 4552 sera
912 4485 1093 4559 conclusio,
1128 4498 1217 4550 reete
1237 4486 1346 4572 igitur
1364 4488 1544 4552 insidiator
1565 4500 1604 4552 ut
1621 4487 1729 4552 hostis
1758 4485 1849 4550 ocei-

537 4575 650 4648 ditura
671 4576 747 4641 nihil
769 4581 807 4641 ad
825 4599 902 4653 nus;
925 4583 1061 4644 nondum
1078 4579 1158 4643 enirn
1180 4579 1312 4644 Clodius
1332 4581 1499 4646 insidiator
1518 4592 1661 4665 apparet.
1704 4582 1790 4656 Sed,
1815 4588 1850 4641 nt

536 4680 644 4753 potest
667 4691 743 4733 vera
765 4692 834 4735 esse
857 4674 992 4738 intentio
1021 4685 1053 4738 et
1074 4673 1274 4738 ratiocinatio
1297 4686 1328 4738 et
1357 4685 1458 4738 tamen
1480 4675 1559 4739 Ialsa
1580 4673 1761 4750 conclusio,
1785 4671 1846 4748 its,

625 4923 650 4974 ἲ.
669 4927 729 4973 Cod.
749 4927 830 4972 ulier.
867 4927 927 4982 tuit.
947 4928 983 4973 le
995 4927 1186 4974 enumeratam?
1203 4929 1251 4976 On.
1286 4927 1328 4974 29.
1347 4929 1411 4992 μμ
1423 4941 1452 4974 ex
1465 4929 1565 4990 Quintil.
1579 4929 1610 4976 V.
1629 4923 1675 4986 ll,
1695 4924 1738 4974 20.
1751 4925 1845 4973 mie.

674 4997 723 5046 0⁸.
760 4994 802 5043 ld.
822 4997 903 5055 Quint.
922 5001 1023 5046 melius:
1041 5013 1091 5047 non
1111 4999 1213 5062 stipat,
1239 4997 1349 5048 madeat
1364 4998 1441 5048 enlm·

611 5139 657 5196 ss.
676 5133 795 5208 Quian.
814 5135 847 5192 v.
867 5137 911 5196 tt.
