4434 5959
941 656 1032 722 LIB.
1056 656 1124 723 111.
1631 658 1693 723 329

372 794 459 891 eius,
485 794 537 859 cui
559 796 759 863 ususfructus
781 800 950 884 competit,
975 800 1014 860 ad
1037 819 1086 861 nae
1107 819 1160 863 res
1182 798 1449 879 illarerertitur,
1473 824 1554 887 quae
1576 801 1606 865 in
1623 824 1695 867 aueo

373 890 514 954 dominio
537 893 742 975 proprietatis
764 894 833 958 iure
854 898 1036 970 tenebatur,
1062 916 1164 977 nequae
1187 909 1292 960 tamen
1314 898 1471 960 hereditas
1489 916 1557 958 esse
1573 906 1695 977 potest.

373 985 597 1050 Adiiciendum
621 987 809 1071 igiturest,
844 990 969 1053 minime
993 988 1195 1071 possessione
1216 1012 1286 1053 esse
1307 1002 1480 1064 retentam,
1519 988 1637 1062 idest,
1661 1000 1696 1053 ut

374 1078 580 1162 proprietatis
609 1082 813 1163 possessione
842 1083 893 1158 id,
933 1084 1020 1167 quod
1040 1104 1080 1143 ex
1104 1094 1208 1147 morte
1230 1083 1360 1146 alicuius
1382 1083 1450 1146 iure
1473 1105 1536 1146 nnn
1557 1084 1695 1168 legatum

373 1170 543 1256 pervenit,
574 1194 640 1237 non
661 1174 845 1239 retineatur.
903 1178 979 1240 Hoc
1001 1188 1104 1241 erstem
1129 1180 1224 1241 ruodo
1245 1177 1448 1260 possessione
1471 1178 1601 1240 retineri
1622 1188 1722 1257 pot-t

374 1279 443 1341 est,
468 1267 494 1329 si
515 1266 556 1329 sit
578 1280 687 1330 nostra
709 1269 888 1350 proprietas
909 1270 1042 1346 eteius,
1067 1269 1121 1354 qui
1136 1272 1325 1345 decesserit,
1350 1270 1561 1333 ususfructus.
1606 1268 1697 1333 Con·

374 1362 480 1425 irancta
502 1359 602 1444 igitur
626 1363 728 1424 oninia
749 1362 780 1424 in
803 1384 898 1425 arnum
920 1363 1039 1426 sacient
1059 1364 1242 1432 hereditatis
1264 1364 1474 1428 definitionem
1498 1364 1560 1426 hoc
1578 1367 1695 1427 modo:

374 1454 561 1521 Hereditas
585 1465 637 1517 est
654 1456 823 1537 pecunia,
857 1478 945 1541 quae
968 1470 1078 1520 morte
1099 1456 1246 1521 dionius
1267 1460 1315 1520 ad
1335 1440 1528 1542 qraempidm
1542 1458 1698 1539 peruenit

375 1547 472 1623 iure,
495 1568 563 1610 non
583 1549 698 1631 tegata
712 1570 819 1633 neque
834 1552 1050 1631 possessione
1065 1563 1211 1614 retenta.
1253 1554 1346 1616 llaec
1360 1550 1501 1614 delinitio
1516 1562 1565 1613 est
1579 1571 1697 1633 aequa-

374 1644 416 1708 lis
430 1640 611 1705 hereditati.
657 1642 738 1704 Nam
766 1654 802 1705 ut
830 1643 989 1707 hereditas
1018 1642 1152 1726 pecunia
1173 1654 1221 1707 est
1242 1656 1346 1709 morte
1366 1644 1497 1707 alieuius
1526 1646 1564 1705 ad
1586 1666 1695 1728 quem·
1708 1651 1739 1699 ¹⁰

374 1736 460 1821 piam
485 1734 675 1818 perveniens
696 1733 777 1809 iure,
803 1756 866 1799 non
889 1736 991 1821 legata
1019 1758 1122 1821 neque
1144 1737 1346 1819 possessione
1368 1750 1508 1801 retenta:
1532 1736 1576 1799 ita
1598 1759 1696 1821 quae-

376 1852 503 1916 cunque
524 1829 658 1911 pecunia
680 1828 810 1893 alicuius
833 1842 934 1893 morte
958 1832 997 1893 ad
1018 1824 1154 1916 aliqueni
1175 1831 1245 1894 iure
1267 1832 1449 1914 pervenerit
1471 1853 1574 1915 usquc
1589 1833 1697 1917 legata
1771 1904 1775 1911 ¹

377 1926 420 1989 eit
441 1944 544 2007 neque
566 1935 707 1997 retenta,
743 1924 824 1985 hanc
851 1925 1055 1989 hereditatem
1078 1946 1146 1987 esse
1169 1947 1298 1989 necesse
1320 1939 1381 1989 est.
1439 1926 1501 1989 Sed
1523 1948 1618 2007 quum
1643 1928 1694 1990 M.

377 2021 505 2085 Tullius
536 2021 667 2083 adeum
689 2041 789 2103 usque
819 2018 923 2083 locum
947 2018 1126 2082 deliniendo
1150 2019 1308 2094 venisset,
1346 2031 1380 2082 ut
1402 2018 1520 2081 diecret
1542 2019 1697 2081 heredita·

375 2127 441 2179 tens
465 2134 533 2177 esse
556 2113 738 2195 pecuniam,
762 2134 844 2197 quae
866 2126 970 2177 morte
989 2111 1118 2175 alicuius
1140 2114 1179 2173 ad
1194 2111 1371 2194 quempiam
1393 2111 1592 2192 pervenisset
1614 2112 1694 2185 iure,
1710 2121 1741 2172 tt

376 2208 443 2272 ait:
481 2212 557 2274 Iam
577 2229 602 2269 α
632 2208 875 2271 communitate
902 2228 958 2271 res
980 2204 1153 2267 disiuncta
1175 2205 1362 2279 uidebitur,
1392 2217 1431 2267 ut
1451 2206 1497 2268 sit
1519 2206 1696 2287 explicata

377 2301 540 2379 definitio
558 2300 625 2363 sic:
645 2298 830 2364 Hereditas
850 2311 901 2363 est
916 2297 1083 2382 pecunia,
1117 2320 1204 2380 qasae
1223 2310 1332 2361 morte
1353 2298 1498 2361 alicuius
1516 2301 1563 2362 ad
1582 2322 1698 2384 quem·
1773 2380 1777 2385 ,

374 2395 475 2479 piant
499 2394 574 2457 iure
601 2392 769 2475 peruenit.
823 2394 924 2478 qusre
946 2392 988 2455 ita
1011 2392 1131 2453 dictum
1154 2404 1219 2467 est,
1243 2392 1333 2475 quasi
1354 2392 1414 2454 iam
1437 2394 1527 2472 plena
1550 2392 1633 2456 lacta
1656 2384 1698 2454 sit

378 2486 536 2551 delinitio.
586 2486 671 2566 Quid
693 2486 774 2549 enim
805 2498 853 2549 est
875 2488 959 2549 aliud
981 2486 1168 2565 explicatam
1193 2506 1262 2547 esse
1283 2485 1495 2549 definitionem
1517 2499 1549 2549 et
1570 2507 1586 2547 a
1609 2507 1698 2550 eum-

378 2581 533 2645 ruunitate
563 2580 765 2656 disiunctam,
800 2578 859 2643 nisi
893 2581 1064 2661 perlectam
1095 2590 1127 2640 et
1155 2577 1205 2640 cui
1235 2578 1313 2642 desit
1334 2578 1439 2641 nihil?
1477 2580 1541 2642 Sed
1563 2588 1740 2653 rursus,tt

378 2674 471 2759 qumi
492 2696 554 2735 uon
578 2673 618 2737 sit
644 2672 800 2754 explicata
833 2672 974 2738 delinitio
996 2693 1054 2735 nec
1078 2693 1094 2734 a
1118 2671 1341 2736 communitate
1363 2671 1535 2744 disiuncta,
1567 2670 1696 2733 adiicit:

378 2768 546 2837 Nondum
559 2778 611 2830 est
627 2766 734 2837 sctis:
759 2766 865 2841 adde,
899 2786 1019 2829 necea
1041 2777 1102 2828 erit
1118 2768 1234 2847 legata
1255 2776 1458 2829 testamento
1477 2777 1538 2827 cast
1560 2786 1699 2847 posses·

377 2862 476 2927 sione
494 2872 639 2923 retenta.
698 2858 798 2923 Cuius
832 2858 1015 2923 adiectionis
1047 2860 1126 2921 haec
1154 2857 1236 2923 ratio
1268 2870 1328 2921 est.
1372 2858 1461 2922 Fecit
1483 2859 1564 2920 cuim
1586 2856 1698 2920 delini-

378 2954 498 3019 tionem
520 2953 589 3015 aliis
616 2950 790 3026 adiunctis,
816 2950 883 3014 aliis
905 2951 1072 3034 separatis.
1117 2953 1229 3036 ltaque
1250 2950 1300 3028 id,
1325 2953 1413 3036 quod
1435 2951 1620 3025 deliniebat,
1646 2949 1696 3011 rel

379 3044 440 3121 iis,
465 3066 547 3130 quae
569 3044 730 3117 adiunxit,
757 3043 880 3117 veliis,
904 3066 985 3128 quac
1008 3044 1187 3126 separavit,
1210 3066 1229 3107 a
1255 3055 1438 3108 ceterorum
1454 3043 1591 3107 omnium
1611 3055 1740 3105 com-ts

380 3138 532 3203 insanitate
553 3136 750 3222 segregarit.
803 3137 1020 3200 Hereditatem
1043 3138 1125 3201 euim
1147 3137 1226 3200 dixit
1247 3160 1316 3202 esse
1341 3137 1525 3219 pectrnian13
1549 3137 1621 3198 huic
1643 3138 1698 3197 ad·

382 3232 478 3308 didit,
513 3244 617 3295 morte
641 3230 770 3294 alicuius
795 3233 833 3293 ad
863 3229 998 3314 aliquem
1028 3229 1286 3311 pervenientem,
1324 3230 1548 3313 separavitque
1569 3252 1636 3293 eam
1658 3232 1699 3293 ab

381 3325 419 3391 iis
441 3325 606 3408 pecuniis,
630 3346 711 3409 quae
732 3346 795 3388 non
820 3334 924 3387 morte
946 3320 1076 3386 alicuius
1099 3325 1138 3386 ad
1159 3323 1312 3409 aliquem,
1336 3326 1392 3391 sed
1406 3335 1572 3389 contractu
1588 3324 1700 3388 viven-

379 3418 459 3483 tium
482 3418 698 3501 pervenirent.
751 3416 905 3491 Addidit,
939 3414 1028 3491 iure,
1063 3428 1098 3479 ut
1119 3418 1159 3479 ah
1186 3418 1224 3481 iis
1245 3418 1386 3501 pecuniis
1408 3429 1590 3499 separaret,
1618 3436 1700 3501 quse

380 3512 526 3597 pervim
550 3522 651 3575 morte
674 3510 802 3577 alterius
824 3512 863 3573 ad
885 3508 1061 3593 quempiam
1083 3509 1302 3593 pervenirent.
1352 3512 1411 3575 llis
1432 3511 1532 3595 igitur
1552 3513 1742 3586 dnobus,tt

381 3615 486 3669 morte
509 3616 603 3689 atque
624 3602 711 3676 iure,
743 3624 778 3665 ea
801 3601 933 3683 pecunia
957 3604 1068 3667 effecta
1091 3614 1155 3678 est,
1185 3627 1266 3689 quae
1288 3606 1332 3668 ita
1355 3630 1372 3667 a
1394 3604 1511 3668 ceteris
1533 3626 1702 3687 separare-

380 3711 454 3773 tur,
489 3710 523 3761 ut
550 3711 652 3760 tamen
682 3718 741 3779 per
767 3694 939 3781 legitimum
977 3696 1160 3779 acquirendi
1193 3702 1320 3763 modrsm
1351 3720 1415 3763 non
1443 3698 1701 3781 interutrosque

381 3794 496 3869 vivos,
535 3794 593 3856 sed
618 3790 701 3855 inter
734 3812 827 3853 sinum
858 3789 964 3853 vivum
995 3804 1090 3875 atque
1112 3792 1245 3856 alterum
1269 3804 1427 3855 mortuum
1448 3792 1552 3854 lieret.
1611 3792 1702 3854 llaec

380 3886 482 3970 igitur
502 3907 561 3951 uua
584 3882 745 3967 separatio
768 3905 785 3946 a
807 3879 923 3947 ceteris
945 3884 1028 3948 iacta
1050 3896 1118 3959 est,
1142 3896 1238 3970 atque
1259 3884 1332 3949 iden
1353 3886 1396 3948 ait
1416 3885 1605 3966 explicatam
1632 3904 1702 3947 esse

384 3980 600 4045 definitionem
633 3990 666 4043 et
693 4001 709 4043 a
740 3976 964 4045 communitate
991 3977 1190 4041 disiunctaru.
1248 3980 1311 4041 Sed
1341 3976 1489 4064 quoniam
1521 3977 1552 4039 in
1574 3998 1611 4039 ea
1632 3974 1744 4057 ipsatt

318 4124 324 4137 .
382 4078 537 4158 pecunia,
572 4095 652 4158 quae
683 4072 784 4136 mhrte
814 4083 845 4135 et
866 4068 936 4134 iure
963 4075 1003 4135 ad
1024 4070 1160 4157 aliquem
1182 4070 1349 4153 pervenit,
1384 4069 1508 4132 inerant
1529 4072 1700 4155 quaedam,

382 4190 465 4253 quae
486 4168 678 4232 hereditates
698 4188 762 4231 uon
786 4173 908 4237 essent,
932 4169 1043 4231 harruu
1067 4163 1270 4246 separatione
1291 4164 1383 4246 plena
1405 4162 1517 4225 effecta
1538 4174 1588 4225 est
1607 4164 1703 4227 here·

383 4261 489 4327 ditatis
521 4260 676 4325 definitio.
720 4261 800 4324 Nam
829 4283 923 4344 quum
946 4260 1066 4323 diceret
1087 4258 1291 4319 hereditatem
1313 4256 1477 4338 pecuniam
1500 4276 1587 4332 esse,
1610 4254 1703 4318 item·

382 4378 447 4439 qtae
478 4377 560 4441 quae
594 4366 697 4419 morte
719 4353 850 4419 alicuius
873 4357 911 4418 ad
933 4352 1068 4436 aliquem
1091 4350 1311 4433 pervenisset,
1352 4348 1491 4431 itemque
1513 4369 1592 4432 quae
1614 4347 1701 4411 iure:

383 4450 463 4513 haee
485 4448 589 4514 omnia
611 4447 774 4511 efficientia
796 4448 1003 4513 substantiam
1026 4444 1210 4511 hereditatis
1231 4442 1379 4526 apposita
1401 4455 1488 4506 sum.
1537 4444 1602 4506 Sed
1619 4462 1697 4527 qrsn·
1712 4451 1745 4503 u

384 4542 467 4608 niam
491 4552 580 4607 erant
602 4541 631 4605 in
655 4542 713 4603 hac
735 4540 923 4605 collectione
945 4542 1115 4626 quaedam,
1151 4540 1192 4601 ad
1220 4558 1300 4621 quae
1322 4536 1414 4602 lartius
1436 4534 1633 4601 collectionis
1653 4534 1703 4597 in·

383 4637 530 4701 tcttccms
553 4634 719 4699 transferri
742 4647 851 4717 posset
874 4658 931 4697 nec
953 4647 1054 4697 tamen
1078 4643 1183 4695 essent
1203 4630 1415 4704 hereditates,
1443 4628 1543 4693 vetusti
1563 4631 1702 4713 legatum

383 4740 438 4791 arat
461 4728 672 4810 possessionis
694 4728 848 4804 retentio,
880 4728 927 4789 his
949 4725 1121 4791 subtractis
1143 4725 1262 4810 reliqna
1284 4726 1344 4787 fuit
1366 4722 1541 4799 hereditas,
1581 4726 1619 4785 sle
1640 4742 1702 4805 qua

383 4819 519 4907 intelligi
547 4822 670 4905 possit,
703 4822 835 4905 pecunia
865 4820 994 4885 alicuius
1024 4831 1126 4884 morte
1148 4823 1188 4882 ad
1210 4818 1387 4904 quempiam
1409 4818 1479 4882 iure
1499 4815 1702 4900 perveniens.

463 5046 507 5103 16.
527 5042 665 5097 disternctn
685 5062 743 5095 esse
761 5042 821 5096 vid.
842 5044 917 5096 Eius.
940 5043 1007 5095 Ven.
1055 5048 1099 5098 17.
1120 5044 1240 5095 ancuon
1258 5052 1348 5096 morte
1367 5044 1444 5097 Eius.
1482 5047 1527 5099 22.
1548 5060 1631 5113 nequo
1653 5051 1704 5097 atet

385 5122 457 5190 (om.
477 5116 524 5192 ea)
544 5122 620 5175 Eine·
658 5122 706 5179 St.
726 5124 919 5191 separaretur]
941 5120 1017 5174 liins.
1037 5148 1072 5163 -
1091 5128 1237 5191 reperetur
1255 5117 1325 5172 tut.
