4434 5959
944 591 1035 656 LIB.
1059 590 1108 657 11.
1608 582 1668 651 139

447 732 506 799 Ad
527 734 615 795 haste
635 729 853 796 indicationem
874 731 1189 815 argumentationes
1208 750 1326 793 omnes
1343 726 1473 817 affmm
1489 729 1671 813 oportebit]

367 830 421 893 At
449 831 530 890 bane
561 826 800 902 indicationem,
837 827 958 901 idest,
999 824 1231 901 desmitivams
1264 846 1302 887 ne
1332 825 1422 885 eiiam
1444 844 1538 905 qurum
1561 822 1673 885 feceris

368 920 640 993 constitutionem,
662 920 713 981 hie
735 920 824 982 sliam
845 918 941 981 fatias
971 919 1213 983 indicationem
1242 930 1273 981 et
1295 907 1561 982 non'conveniat.
1584 919 1675 979 Haeo

369 1023 559 1095 praecepta,
584 1034 664 1096 qnae
686 1034 768 1075 ιιιιιιο
781 1012 917 1089 finitivi
936 1024 1048 1075 status
1068 1012 1231 1092 ponimus,

452 1110 497 1171 Et
520 1128 641 1169 earum
662 1106 795 1187 partes]
837 1119 970 1187 propter
990 1108 1204 1189 qualitatem,
1228 1126 1308 1188 quse
1322 1117 1428 1189 partes
1442 1105 1548 1189 plnres
1568 1105 1698 1181 habet,s
1745 1136 1748 1143 ·

453 1204 499 1265 Et
520 1199 782 1278 controversias]
824 1202 950 1282 legales
969 1211 1081 1262 status
1105 1198 1193 1261 dicit.

451 1293 675 1358 Maiestatem
697 1292 846 1355 minnere
860 1304 912 1355 est
929 1294 970 1355 de
993 1291 1160 1375 dignitate
1182 1290 1259 1370 cet.]
1302 1291 1456 1358 Definitio
1478 1294 1612 1369 estrei,
1636 1294 1675 1355 de

262 1443 263 1470 p
372 1406 432 1468 qna
453 1397 632 1469 quaeritur.
1376 1454 1377 1462 ἵ

452 1480 613 1544 Pluribus
643 1477 753 1542 verbis
783 1490 817 1541 et
838 1477 1025 1541 rationibus
1047 1476 1337 1557 confirmandum]
1389 1478 1545 1561 Superior
1566 1477 1675 1541 defini·

344 1638 348 1647 ,
371 1570 417 1635 tio
439 1586 507 1635 est:
530 1574 607 1635 baec
628 1571 826 1635 confirmatio
849 1570 1049 1637 definitionis.
1685 1584 1716 1635 so

450 1668 576 1729 Postea
595 1664 641 1727 ad
661 1664 717 1737 id,
740 1664 832 1748 quod
853 1664 1045 1743 definieris]
1088 1663 1246 1727 Dednntio
1268 1662 1457 1728 definitionis
1472 1668 1510 1727 ad
1524 1665 1673 1747 speeiem.

450 1762 527 1823 Hoc
546 1780 594 1819 ex
608 1757 767 1840 opinione
783 1757 959 1832 hominnm
975 1759 1143 1837 sumetur]
1167 1758 1337 1838 Quomodo
1356 1760 1535 1823 destruatur
1557 1758 1675 1823 deseri·

370 1850 437 1934 ptio
456 1854 608 1914 adversae
629 1850 740 1933 partis.

456 1949 601 2019 Veram,
636 1946 830 2020 honestam,
861 1944 979 2007 utilem
1010 1965 1084 2007 esse
1108 1944 1430 2025 demonstrabimus]
1481 1944 1585 2023 Quum
1613 1943 1673 2006 tria

372 2038 492 2103 dederit
514 2036 673 2101 defensori
704 2039 776 2100 vitia
803 2036 1012 2112 definitionis,
1042 2038 1160 2114 idest,
1195 2038 1323 2113 salsam,
1354 2050 1496 2119 trapam,
1519 2035 1716 2102 inutilemsts

371 2131 431 2193 tria
453 2134 504 2193 dat
526 2129 700 2195 accinatori
721 2143 831 2193 eontra
853 2143 1033 2195 ornamenta
1054 2131 1256 2207 definitionis3
1279 2132 1310 2194 id
1331 2143 1397 2203 est,
1421 2150 1544 2204 veram,
1573 2130 1674 2191 bone·

373 2235 472 2296 sunt,
495 2224 622 2286 utilem:
638 2235 671 2285 ut
683 2223 773 2286 etiam
786 2225 1008 2288 annullatione
1020 2225 1132 2287 melior
1148 2224 1343 2293 aestssstoris
1359 2222 1496 2287 definitio
1507 2223 1675 2303 probetur.

453 2317 587 2383 Deinde
607 2316 709 2383 simili
730 2317 865 2381 ratione
885 2338 990 2381 cansa
1009 2329 1061 2381 est
1081 2318 1277 2398 tractanda]
1321 2319 1366 2382 Ut
1386 2316 1532 2392 definias,
1557 2334 1677 2397 appro-

371 2413 445 2487 bes,
470 2412 605 2474 deducas
620 2413 659 2474 ad
673 2410 830 2492 speciem,
853 2410 990 2473 infirmes
1004 2410 1214 2473 definitionem
1231 2412 1379 2472 adversae
1392 2410 1508 2491 partis,
1532 2411 1674 2474 docendo

371 2505 500 2580 falsam,
524 2517 665 2586 turpem,
690 2504 847 2567 inutilem:
870 2524 1034 2585 compares
1055 2503 1146 2565 etiam
1165 2524 1245 2587 quiae
1260 2502 1367 2565 utilior
1388 2514 1456 2577 est;
1479 2504 1532 2565 vel
1553 2502 1718 2587 reliquato

262 2599 263 2670 J
373 2608 424 2660 ant
444 2620 462 2661 a
483 2597 603 2661 maiore
626 2609 678 2659 ant
699 2618 718 2659 n
740 2596 861 2661 ininore
883 2608 936 2659 aut
957 2618 975 2659 s
996 2595 1086 2677 pari:
1117 2598 1171 2659 sed
1193 2596 1224 2658 in
1245 2607 1296 2659 tot
1317 2595 1551 2661 definitionibus
1572 2595 1682 2659 omnia'

262 2713 263 2726 ¹
370 2690 447 2752 baec
469 2700 562 2752 erunt
585 2690 802 2766 observanda,
826 2702 904 2774 quot
925 2712 976 2753 res
996 2689 1188 2752 definiendae
1210 2702 1295 2751 sunt.

452 2781 585 2849 Deinde
614 2782 810 2873 deffensor-is
840 2782 977 2866 primns
1000 2793 1050 2845 est
1079 2784 1191 2858 toene,
1229 2784 1309 2845 bem
1331 2782 1479 2847 nominis
1507 2783 1615 2848 brevis
1642 2796 1677 2848 et

371 2888 493 2959 aperta
515 2887 550 2939 st
572 2898 620 2937 eae
644 2876 804 2959 opinione
826 2876 1001 2940 hominnm
1034 2874 1231 2957 descriptio]
1274 2878 1318 2939 Et
1347 2875 1419 2938 huie
1443 2878 1496 2937 dat
1524 2888 1685 2959 quattuor,

372 2973 410 3034 ad
431 2970 587 3033 actionem
609 2969 797 3034 definitionis
816 2971 929 3036 locos:
963 2972 1019 3031 sed
1045 2969 1076 3030 in
1098 2969 1282 3051 quibusdam
1305 2969 1465 3051 partibus,
1496 2969 1526 3031 id
1548 2981 1614 3045 est,
1643 2969 1718 3031 in²⁵

372 3063 468 3127 tertio
487 3064 561 3128 loeo
577 3062 777 3144 discrepabit.
821 3065 923 3143 Supra
944 3061 1045 3135 enim,
1068 3059 1100 3136 id
1119 3072 1187 3136 est,
1211 3060 1244 3124 in
1261 3073 1351 3143 parte
1367 3060 1579 3137 aceusatoris,
1599 3063 1677 3125 haec

262 3233 263 3248 χ
373 3168 524 3239 quattuor
545 3166 634 3229 sunt;
667 3155 826 3229 definitio,
859 3154 1048 3237 approbatio
1068 3153 1220 3235 propriae
1242 3155 1448 3230 definitionis,
1478 3154 1622 3219 deductio
1645 3154 1677 3218 in

262 3319 263 3340 χ
372 3247 509 3330 speeiem
537 3247 690 3333 proprias.
714 3248 924 3324 definitionis,
955 3246 1128 3312 destructio
1165 3247 1354 3312 definitionis
1385 3248 1515 3313 alienae.
1559 3250 1605 3312 At
1626 3249 1678 3311 his

371 3340 403 3403 in
424 3352 515 3423 parte
537 3339 713 3405 defensoris
734 3353 782 3404 est
803 3341 948 3405 similiter
969 3338 1111 3406 definitio
1126 3339 1193 3404 sive
1213 3341 1402 3423 approbatio
1418 3342 1502 3419 eins;
1526 3353 1558 3406 et
1578 3346 1678 3427 (qnod

372 3435 482 3512 mutat)
512 3434 672 3515 separatio
704 3433 893 3497 definitionis
924 3456 941 3498 a
973 3434 1099 3518 specie,
1137 3437 1175 3498 de
1206 3457 1267 3520 qus
1289 3435 1470 3521 quaeritur,
1504 3436 1676 3503 destructio
1688 3440 1721 3491 ³⁰

372 3524 562 3592 definitionis
584 3528 737 3591 adversae
758 3527 869 3609 pastis.

328 3668 336 3685 .
455 3617 667 3711 Defensoris
697 3620 817 3683 deinde
840 3620 976 3702 primns
1003 3623 1279 3703 lacesserem]
1321 3620 1413 3686 Datis
1435 3620 1578 3688 omnibns
1600 3620 1679 3687 locis

372 3710 550 3775 accusatori
571 3715 611 3776 ad
631 3734 718 3775 suam
741 3712 971 3791 definitionem,
995 3714 1156 3780 defensori
1170 3736 1299 3800 qnoque
1317 3718 1356 3779 ad
1371 3714 1579 3778 definitionem
1595 3714 1679 3779 eius·

372 3808 441 3869 dem
475 3804 627 3887 proprios
655 3807 746 3871 locos
774 3805 885 3881 tradit3
922 3830 963 3871 ex
994 3808 1109 3891 quibus
1141 3809 1259 3889 primus
1285 3819 1332 3871 est
1359 3807 1517 3885 definitio,
1554 3808 1675 3889 etipsa

373 3896 500 3961 brevis:
535 3900 643 3963 deinde
674 3898 740 3963 eins
770 3900 954 3965 affirmatio:
986 3902 1082 3965 tertio
1103 3901 1178 3964 loeo
1200 3922 1218 3963 a
1240 3900 1422 3965 definitione
1442 3922 1498 3964 sua
1519 3900 1679 3983 separatio
1689 3908 1722 3958 ³⁵

375 3994 441 4054 eius
463 3991 599 4072 speciei,
622 3995 660 4056 de
681 4015 742 4077 qua
765 3994 946 4077 quaeritur,
968 3993 1000 4057 id
1022 4006 1089 4070 est,
1113 3994 1256 4077 quaestio
1278 4004 1344 4057 ests
1364 4004 1440 4075 post
1460 4014 1552 4078 quem
1574 3994 1678 4056 iocum

376 4084 466 4149 loeus
487 4087 661 4150 eommunis
682 4086 833 4161 iniertur3
855 4108 1027 4171 perquem
1049 4087 1127 4151 santi
1149 4087 1264 4151 utilitas
1286 4099 1339 4150 ant
1358 4088 1506 4150 honestas
1527 4098 1677 4170 angetur:

377 4200 469 4261 quesn
491 4178 616 4262 quidem
638 4182 743 4245 locstm
759 4182 854 4243 habet
875 4180 966 4244 etiam
982 4193 1166 4257 aecusator,
1189 4184 1246 4244 sed
1267 4202 1307 4244 ex
1329 4180 1510 4245 contrarios
1533 4180 1584 4245 ille
1599 4180 1680 4243 eninr

377 4269 592 4355 indignitatem
613 4272 660 4335 rei
681 4283 792 4357 anget,
816 4270 867 4335 bia
888 4272 1066 4338 utilitatem.
1124 4275 1247 4355 Quarto
1274 4275 1348 4340 loeo
1369 4272 1511 4357 seqnitur
1532 4275 1680 4335 adversa-

262 4387 263 4400 *
378 4364 497 4427 riorum
519 4364 707 4429 definitionis
728 4366 951 4448 reprehensio,
983 4370 1089 4431 eadem
1111 4367 1164 4431 itta
1188 4367 1290 4433 omnia
1312 4368 1469 4439 retinens,
1503 4386 1582 4450 quae
1603 4364 1723 4429 defi-⁴⁰

262 4499 263 4530 ι
379 4456 504 4521 nitionis
531 4459 735 4541 reprehensio
762 4458 909 4534 includit3
937 4458 970 4523 id
997 4469 1063 4537 est,
1094 4472 1127 4522 ιιι
1159 4462 1258 4539 falsa,
1290 4474 1323 4525 ιιι
1353 4460 1471 4544 turpis,
1508 4470 1543 4524 ut
1564 4458 1681 4524 inutilis

469 4682 498 4735 2.
515 4678 724 4749 tudteats’onsm]
744 4683 786 4735 An
806 4698 833 4735 et
851 4678 991 4755 quomodo
1008 4680 1140 4733 indicatio
1153 4679 1260 4735 differat
1277 4698 1292 4735 s
1311 4689 1405 4750 statu,
1422 4679 1483 4737 stds
1502 4678 1575 4754 spnd
1588 4683 1683 4751 Quin-

383 4751 470 4808 tilian.
489 4752 539 4807 tib.
559 4758 585 4814 ὅ.
607 4770 669 4828 asp.
689 4763 733 4813 11.
753 4760 835 4811 Cass.

472 4832 503 4921 ⁵⁰.
519 4830 697 4902 qualitatem]
717 4828 749 4887 tt
767 4848 827 4897 est,
845 4838 953 4884 statam
970 4831 1134 4902 qualitatis,-
1161 4828 1196 4885 ds
1216 4849 1270 4902 qun
1290 4830 1366 4904 plura
1387 4828 1505 4885 videsis
1524 4826 1684 4903 spndrbe-

322 4982 333 5001 ‘
382 4908 646 5039 misiie'iucno
664 5010 683 5023 -
701 5009 720 5023 -
738 4977 924 5051 definitionis]
945 4980 1113 5035 Exciderunt
1132 4980 1200 5035 haee
1219 4998 1234 5034 e
1253 4983 1337 5052 Cspp.
1358 4977 1412 5034 01¹.

452 5054 500 5111 56.
521 5052 628 5121 idest,
646 5056 847 5127 querneus]
875 5055 1001 5109 Fortasse
1027 5054 1098 5129 leg.¹
1131 5073 1162 5112 nt
1180 5055 1265 5113 inira:
1297 5056 1328 5109 t'd
1353 5063 1412 5120 est,
1443 5073 1463 5107 a
1480 5052 1588 5127 sacto,
1615 5052 1685 5107 ands

383 5132 505 5196 quaestio
523 5136 576 5183 stt.
593 5130 647 5185 Os.
