4434 5959
919 561 1025 649 cir.
1049 582 1169 650 xxu.
1641 586 1703 651 ιιι

378 718 446 783 illic
468 718 552 783 alittd
575 720 705 786 dicimis
727 734 758 785 et
781 722 862 788 aliud
887 723 1038 809 intelligi;
1075 724 1105 787 in
1129 722 1318 808 obliquitate
1338 736 1473 790 vernet
1492 724 1625 811 intelligi
1648 728 1703 789 de·

379 814 438 876 bes
462 816 546 877 aliud
563 816 662 892 velle,
688 830 840 881 ettamen
863 820 960 903 longe
981 821 1065 883 aliud
1086 819 1207 883 dicendi
1230 832 1299 883 arte
1318 821 1487 903 perlicere.
1531 822 1703 901 Quaestio·

380 908 430 969 nis
460 908 589 971 insidiae
620 910 679 973 nisi
710 924 779 973 astu
812 913 940 975 occulto
968 924 1000 974 et
1018 913 1155 975 latenter
1176 924 1372 993 operantur,
1411 934 1534 978 omnem
1555 914 1702 976 ellectum

379 1001 560 1065 intellectae
580 1004 672 1065 etiam
693 1026 763 1067 eum
785 1005 1001 1089 indignatione
1026 1004 1180 1069 audientis
1207 1006 1360 1069 amittent.
1406 1006 1602 1087 Quaesitum,
1621 1029 1704 1089 quio·

382 1096 481 1159 snodo
503 1108 614 1159 eontra
638 1098 759 1183 ligures
780 1099 969 1181 responderi
989 1110 1160 1181 oporteatz
1185 1108 1217 1160 et
1230 1100 1355 1180 quidam
1374 1121 1499 1182 semper
1517 1122 1558 1163 ex
1572 1102 1729 1165 diversos

381 1189 570 1269 aperiendas
601 1203 810 1272 putaverunt,
848 1192 930 1255 sicut
966 1191 1091 1255 latentia
1127 1192 1202 1255 vitia
1231 1194 1471 1257 rescinduntur:
1507 1194 1603 1278 idque
1628 1214 1703 1259 sene

381 1283 637 1367 trequentissime
668 1284 848 1349 faciendum
875 1298 949 1363 est;
983 1286 1075 1350 aliter
1100 1288 1181 1349 enim
1216 1288 1291 1350 dilui
1313 1288 1437 1350 obiecta
1460 1298 1524 1350 non
1546 1301 1702 1371 possunt,

382 1376 494 1461 utique
516 1399 612 1461 quium
635 1379 780 1462 quaestio
798 1380 830 1443 in
853 1402 892 1444 en
913 1381 1075 1457 consistit,
1099 1384 1187 1464 qtrod
1208 1381 1333 1465 ligurae
1354 1391 1484 1464 petunt:
1508 1392 1540 1443 at
1562 1382 1614 1444 ubi
1638 1404 1705 1445 ma·

383 1470 496 1533 ledicta
520 1484 591 1533 smu
607 1482 747 1549 tantum,
772 1486 803 1536 et
827 1496 889 1537 uon
917 1474 1165 1537 animadvertere
1184 1475 1309 1541 iuterim
1330 1488 1363 1538 et
1383 1474 1578 1538 dissimulare
1600 1476 1704 1539 bonae

382 1564 596 1628 conscientiae
621 1578 680 1630 est.
736 1568 770 1630 Si
794 1567 912 1631 inerint
937 1568 1119 1633 crebriores
1149 1570 1291 1653 figurae,
1330 1591 1422 1652 quiam
1455 1578 1489 1630 ut
1514 1567 1747 1631 dissimularint

382 1657 527 1741 possint,
563 1661 785 1741 postulandum
812 1673 882 1738 est,
907 1672 942 1725 ιιι
962 1661 1069 1726 nescio
1091 1663 1168 1748 quid
1191 1662 1293 1738 eliud,
1317 1665 1404 1747 quod
1425 1658 1703 1725 adversarii'olili·

383 1750 455 1835 qius
476 1752 638 1817 sententiis
661 1754 801 1838 ligurare
821 1755 940 1832 velint,
964 1754 990 1819 si
1012 1756 1125 1821 liducia
1145 1757 1204 1832 sit,
1228 1756 1379 1819 obiiciant
1398 1755 1519 1837 palam3
1542 1766 1595 1815 aut
1614 1764 1704 1818 certe

382 1866 448 1909 non
474 1844 621 1930 exigant,
647 1859 701 1925 ut,
733 1850 821 1933 quod
843 1847 907 1931 ipsi
933 1870 996 1913 uon
1021 1854 1137 1914 audent
1156 1851 1283 1927 dicere,
1313 1851 1434 1915 iudices
1454 1868 1518 1913 non
1541 1849 1636 1911 inodo
1654 1848 1703 1911 iu·

382 1938 550 2022 telligant,
588 1944 643 2003 sed
677 1940 768 2006 etiam
809 1944 951 2005 credaut.
1013 1944 1197 2007 Verborum
1232 1964 1313 2007 vero
1337 1945 1460 2027 ligneae
1492 1942 1592 2027 magis
1619 1945 1704 2026 apud

382 2032 609 2115 gratuuiaticos
627 2046 658 2097 et
684 2057 725 2099 ιιι
745 2035 933 2101 lectionibus
955 2036 1189 2119 percipiuntur,
1223 2049 1259 2100 ιιι
1284 2037 1311 2101 si
1336 2036 1479 2101 dicantus
1498 2039 1564 2103 linc
1590 2037 1745 2101 rein-ts

381 2126 517 2201 videre3
557 2148 619 2191 uon
641 2141 676 2191 ιιι
698 2142 822 2193 veteres
845 2140 875 2193 et
900 2126 1018 2193 Cicero
1041 2129 1231 2213 praecipue,
1268 2132 1450 2193 innuerem
1469 2129 1639 2193 inuideret
1670 2142 1703 2194 et

381 2217 672 2298 incontentae,
707 2244 771 2285 non
793 2224 907 2287 illum:
930 2235 962 2285 et
976 2224 1118 2305 plenum
1142 2223 1240 2299 vino,
1263 2244 1327 2286 non
1349 2223 1438 2299 vini,
1462 2234 1494 2286 et
1517 2225 1596 2288 huic
1616 2226 1703 2288 adsa-

381 2314 474 2389 lors',
498 2336 561 2376 nou
585 2314 681 2379 illum
706 2317 863 2381 aelrslorir
891 2327 923 2378 et
946 2314 1031 2379 mille
1054 2315 1137 2391 alia,
1160 2336 1242 2402 quiae
1267 2316 1456 2381 auctoritate
1477 2318 1702 2381 defenduntur.

383 2407 462 2487 Quo
486 2407 610 2489 quidem
641 2423 809 2491 pareret,
848 2430 942 2495 quum
967 2430 1018 2473 res
1042 2409 1168 2492 poscit,
1206 2413 1353 2473 utendum
1371 2422 1438 2487 est,
1476 2411 1565 2474 velut
1586 2431 1702 2493 aspero

383 2502 522 2583 quodam
542 2502 757 2566 condimento.
815 2502 933 2586 Atqui
955 2501 1082 2565 nimium
1105 2503 1319 2579 affectaverit,
1341 2503 1441 2585 ipsam
1463 2503 1548 2567 illam
1568 2504 1701 2589 gratiam
1713 2494 1754 2565 ιι

383 2594 528 2656 veritatis
552 2595 677 2658 amittit.
720 2596 758 2660 ln
780 2597 962 2660 elocutione
984 2616 1130 2680 magnum
1150 2594 1260 2659 vitium
1288 2608 1337 2659 est
1358 2596 1553 2673 cacozelon,
1575 2597 1608 2659 id
1634 2608 1701 2675 est,

384 2688 465 2749 mala
489 2687 648 2752 affectatio
670 2701 701 2751 et
728 2711 786 2771 per
808 2710 900 2752 omne
919 2689 1042 2763 dicendi
1061 2710 1162 2773 genus
1183 2709 1332 2770 peccans.
1377 2693 1457 2753 Nam
1476 2700 1508 2751 et
1530 2690 1645 2753 tumida
1671 2702 1704 2754 et

382 2782 497 2865 pusilla
524 2792 556 2842 et
588 2782 769 2864 praedulcia
798 2795 830 2845 et
858 2784 1046 2847 abundantia
1075 2794 1108 2847 et
1130 2785 1244 2847 acerba
1275 2795 1307 2847 et
1336 2782 1508 2847 exultantia
1536 2784 1596 2845 sub
1620 2784 1701 2846 idern

383 2874 456 2937 vitii
485 2894 599 2937 nomen
625 2878 753 2939 cadunt.
807 2876 954 2963 Denique
982 2878 1156 2941 cacozelon
1190 2889 1324 2940 vocatur
1360 2877 1511 2962 quidquid
1541 2889 1590 2941 est
1620 2878 1701 2940 ultra

382 2968 558 3044 virtutem,
596 2969 743 3052 quotiens
775 2970 933 3055 ingenium
968 2968 1086 3033 indicio
1124 2980 1212 3031 caret
1249 2980 1280 3033 et
1309 2971 1415 3052 speeie
1449 2970 1526 3033 boni
1560 2972 1745 3045 lallitur32⁵

384 3062 522 3125 omnium
543 3062 573 3123 in
598 3062 777 3146 eloquentia
800 3062 948 3125 vitiorum
970 3063 1160 3145 pessimum:
1184 3084 1253 3125 uam
1272 3075 1380 3127 cetera
1402 3064 1479 3126 vitia
1498 3085 1593 3147 quum
1609 3065 1700 3141 liunt,

383 3176 496 3237 parum
528 3154 683 3219 vitantur.
741 3158 802 3221 Est
823 3168 927 3219 autem
955 3166 1057 3219 totum
1083 3156 1147 3219 hoc
1166 3156 1197 3218 io
1222 3156 1404 3221 elocutione
1425 3157 1557 3223 vitiumz
1595 3181 1703 3223 rerum

384 3251 467 3313 enim
491 3248 565 3312 vitia
588 3270 701 3313 nomen
723 3271 811 3313 sumu
837 3249 995 3324 obtinent,
1019 3258 1055 3313 ut
1075 3260 1128 3311 aut
1148 3249 1276 3311 stultum
1297 3261 1350 3312 aut
1369 3270 1536 3315 commune
1557 3265 1611 3315 aut
1625 3273 1704 3315 eon·

383 3342 517 3405 tranium
548 3353 602 3403 aut
635 3363 866 3425 supervacuum
899 3353 1051 3417 nocetum
1089 3342 1263 3406 cacozelon
1289 3362 1369 3405 vero
1398 3356 1446 3406 est
1474 3349 1561 3426 quod
1590 3346 1704 3409 dicitur

385 3438 499 3512 aliter,
537 3457 630 3519 quam
655 3456 688 3499 se
717 3448 828 3500 natura
852 3440 945 3499 habet
967 3449 997 3499 et
1017 3457 1110 3520 quam
1137 3448 1267 3519 oportet
1287 3448 1319 3499 et
1337 3458 1430 3522 quam
1453 3438 1530 3502 satis
1556 3451 1616 3502 est.
1660 3442 1704 3503 Et
1715 3445 1748 3495 ³⁰

385 3552 426 3595 ne
444 3528 548 3595 omnia
564 3550 769 3611 percurram,
793 3532 856 3594 hoc
878 3530 953 3594 satis
972 3531 1011 3593 sit
1035 3532 1229 3613 exemplum.
1271 3534 1377 3595 Lecta
1395 3532 1507 3614 capite
1524 3531 1706 3595 cuiusdam

385 3648 468 3691 oasa
487 3625 638 3687 medicus
659 3625 806 3687 tenenda
828 3623 933 3687 matri
955 3624 1065 3688 dedit:
1097 3625 1153 3689 ille
1169 3626 1312 3688 adiecit:
1334 3622 1578 3715 inffelicissimo
1587 3623 1704 3717 femi·
1777 3653 1785 3672 ι

386 3742 433 3783 na
458 3718 609 3782 nondum
631 3719 789 3781 extulisti
801 3718 925 3796 filium
950 3730 983 3781 et
1000 3718 1070 3781 iam
1092 3739 1172 3783 ossa
1188 3718 1316 3803 legisti.
1363 3721 1407 3781 Et
1428 3721 1522 3781 multa
1542 3719 1601 3782 alia
1619 3718 1705 3781 simi·

387 3815 426 3876 lia
446 3812 579 3875 maxime
598 3810 746 3887 vitanda,
771 3813 842 3891 qttia
864 3812 1096 3895 impensissimo
1114 3826 1230 3875 conatu
1246 3812 1366 3897 ingenii
1380 3810 1557 3875 irrisionem
1578 3824 1704 3894 petunt.

386 3910 491 3973 Ornat
512 3906 724 3970 elocutionem
741 3908 910 3988 praecipue
933 3906 1123 3987 descriptio,
1147 3906 1220 3989 quia
1243 3917 1311 3969 tota
1337 3926 1443 3967 rerum
1469 3904 1578 3989 imago
1596 3905 1748 3968 verbistt

386 4000 597 4076 describitur,
627 4010 661 4061 ιιι
684 3999 770 4062 velut
791 4012 862 4061 ante
885 3999 997 4062 oculos
1017 4000 1119 4080 posita
1144 4000 1311 4061 videantur
1332 4000 1568 4082 quodammodo
1589 4000 1629 4059 ab
1649 4018 1705 4060 au·

387 4094 557 4157 dieutibus.
616 4094 659 4157 Ut
678 4094 760 4174 apud
781 4092 940 4156 'l'ulliums
964 4093 1059 4155 stetit
1079 4094 1231 4156 soleatus
1251 4103 1395 4175 praetor
1415 4092 1536 4175 populi
1557 4090 1706 4155 Romani

386 4208 465 4249 cum
485 4187 626 4270 palliolo
649 4206 852 4269 ptsrpureo,
886 4184 1003 4248 tunica
1023 4187 1146 4261 talari,
1184 4188 1385 4249 midierculn
1408 4185 1505 4248 nisius
1523 4186 1557 4247 in
1576 4186 1704 4248 littore.

387 4282 432 4345 Et
453 4284 539 4364 apud
560 4283 709 4344 cundem:
732 4280 846 4343 videre
865 4278 1003 4341 videbas·
1017 4280 1106 4343 alios
1127 4280 1313 4354 mirantes,
1338 4279 1426 4342 alios
1439 4288 1555 4341 autem
1576 4298 1707 4341 exeun·

460 4533 503 4580 tt.
523 4536 623 4649 getulii.
644 4538 671 4577 ιιι
687 4531 752 4578 illud
766 4534 852 4578 nasein
869 4530 938 4592 quid.
994 4529 1035 4579 li.
1056 4532 1157 4589 Quintil.
1177 4532 1224 4577 tx.
1245 4528 1270 4577 ³.
1289 4528 1413 4578 laiersi.
1464 4530 1505 4579 ld.
1525 4532 1587 4578 (ἔοι.
1606 4530 1644 4577 lsis
1662 4530 1706 4577 etl·

544 4604 621 4649 ulus-i.

481 4754 510 4811 Ιι.
529 4750 649 4821 Quintll.
669 4754 718 4806 lx.
739 4758 766 4807 2.
806 4756 850 4809 27.
872 4746 975 4805 ΔΙΙιιάἰι
996 4750 1029 4801 ad
1050 4746 1196 4803 formulam
1217 4746 1364 4803 luridlesm
1381 4756 1604 4821 parmenam
1621 4752 1707 4803 eosde-

387 4838 456 4895 tur,
485 4827 520 4881 de
545 4842 596 4900 qua
628 4830 730 4880 Fronto
758 4832 786 4879 ιιι
817 4826 950 4897 Epistutis
981 4825 1154 4879 dlsleustbus
1175 4826 1247 4879 Mar.
1295 4825 1370 4879 Male
1390 4832 1484 4881 omtstt
1505 4826 1592 4881 lullus
1612 4830 1708 4879 Victor

385 4909 446 4979 lpse
458 4902 498 4956 vel
512 4902 640 4956 librarius
652 4906 834 4955 necessariam
850 4904 1054 4972 oppositionem
1071 4900 1142 4975 apud
1156 4898 1274 4969 Quintil.
1295 4902 1327 4969 8,
1347 4903 1385 4967 5,
1398 4906 1446 4959 57.
1464 4900 1514 4955 doc
1522 4908 1641 4973 petitur.
1653 4902 1707 4957 Οιι.

464 4986 509 5040 3¹·
531 4977 613 5049 Apud
635 4976 753 5047 Quintil.
776 4976 851 5030 l'lll.
871 4980 898 5033 5.

464 5060 509 5114 57.
530 5054 562 5105 ln
582 5054 659 5106 llere.
679 5053 710 5105 V.
731 5056 776 5111 55.

464 5131 509 5191 59.
534 5128 568 5185 tn
587 5126 741 5201 fragmento
761 5130 896 5181 erationis
911 5142 961 5199 pro
981 5124 1085 5193 Gallio,
1105 5124 1178 5203 qued
1197 5132 1267 5183 citat
1287 5126 1385 5203 dqutls
1397 5124 1431 5183 de
1444 5126 1522 5201 figur.
1535 5142 1607 5183 sent.
1619 5144 1647 5201 p.
1664 5128 1708 5183 te
