4434 5959
934 651 1026 716 cin.
1048 651 1079 716 1.
1400 591 1410 612 ¹
1522 618 1528 632 ’
1636 657 1658 723 s

434 791 620 875 cognouit,
657 811 745 875 qrtoe
766 791 926 854 materies
944 801 977 854 et
1000 802 1129 876 qreonto
1148 791 1195 856 od
1219 791 1389 858 maximas
1415 815 1470 858 res
1492 807 1656 878 opportu-

353 887 444 949 nitas
464 886 501 948 iu
528 884 655 948 oreimis
681 884 806 947 inesset
833 883 1022 962 hominum]
1068 885 1204 948 Materia
1231 909 1292 952 non
1317 891 1354 950 ad
1381 889 1444 953 hnc
1465 889 1567 969 ipsum
1591 911 1656 952 rura·

354 979 432 1040 teria
452 990 519 1051 est,
544 999 609 1060 quo
632 977 758 1040 materia
780 989 931 1051 vocatur,
956 981 1012 1040 sed
1033 980 1071 1039 ad
1092 978 1142 1050 id,
1166 983 1251 1060 quod
1272 981 1343 1046 iude
1364 981 1432 1044 lieri
1455 983 1566 1057 habet,
1591 1003 1655 1044 ura·

354 1071 427 1134 teria
450 1083 512 1135 est.
557 1071 790 1153 Opportunitas
817 1092 894 1135 vero
924 1091 986 1134 non
1007 1071 1120 1133 accidit
1148 1094 1249 1156 noque
1271 1071 1301 1134 in
1324 1075 1424 1138 altero
1446 1088 1510 1148 est,
1546 1075 1654 1138 sedin

354 1166 456 1227 adem
480 1163 609 1226 materia
630 1175 690 1226 est.
733 1165 849 1227 Potest
868 1174 970 1225 autem
992 1163 1022 1226 in
1044 1163 1133 1248 liguo
1156 1185 1224 1226 esse
1247 1166 1387 1228 materies
1409 1169 1448 1228 ed
1469 1167 1586 1253 aliquid
1606 1167 1679 1233 tus

354 1257 513 1320 ciendum:
543 1260 618 1332 sed,
650 1257 677 1319 si
700 1257 867 1338 putrescit,
896 1258 1117 1339 opportunitas
1130 1255 1168 1342 ¹iu
1193 1261 1318 1322 stratoria
1342 1271 1485 1323 nonest.
1537 1259 1654 1324 Similia

353 1354 443 1413 etde
466 1351 595 1433 reliquis
615 1349 751 1415 materiis
774 1370 944 1432 possumus
965 1348 1082 1414 dicere.
1140 1349 1232 1430 Ergo
1254 1371 1318 1414 non
1340 1353 1507 1416 suffecerat
1527 1351 1655 1418 inventa

353 1443 381 1506 in
402 1443 582 1507 homiuibus
604 1444 749 1520 materia,
773 1443 832 1507 nisi
851 1441 884 1506 in
907 1445 1014 1507 eadem
1036 1442 1163 1507 materia
1187 1444 1279 1506 etiam
1302 1445 1524 1528 opportunitas
1545 1445 1656 1510 luisset

354 1538 389 1598 ad
409 1538 560 1600 maximas
581 1558 644 1600 res.
1198 1527 1203 1538 ⁸

432 1632 472 1695 Si
491 1630 569 1716 quis
589 1652 666 1694 eom
683 1641 801 1714 posset
821 1629 955 1712 elicere]
997 1631 1057 1694 Est
1078 1650 1179 1712 ergo,
1202 1630 1254 1715 qui
1278 1642 1383 1712 potest
1397 1632 1510 1696 elicere
1524 1644 1555 1695 et
1568 1635 1654 1716 quod
1665 1641 1696 1700 tu

353 1735 456 1809 potest
477 1723 561 1788 elici.
605 1727 681 1788 Hoc
701 1726 811 1788 deiude
832 1726 1037 1788 attendamus.
1081 1725 1169 1788 Unus
1191 1735 1297 1804 potest
1319 1723 1425 1787 videre
1446 1712 1654 1811 aliqufficffici
1708 1729 1712 1738 '

352 1842 462 1904 posse,
499 1839 563 1882 non
592 1828 692 1880 tamen
720 1818 810 1880 etiarn
844 1818 980 1880 efficere.
1036 1815 1183 1900 Denique
1205 1817 1296 1880 etiam
1318 1817 1408 1881 istoru
1432 1820 1601 1902 sapientem
1623 1831 1654 1882 et

353 1934 494 1998 magnum
525 1911 626 1974 rirurn
655 1910 772 1977 Cicero
801 1911 843 1974 ait
874 1909 988 1973 uidisse
1016 1910 1173 1972 materiam
1204 1909 1232 1973 iu
1254 1911 1449 1988 hominibus,
1487 1914 1542 1978 sed
1564 1913 1653 1976 durbi-

352 2019 429 2070 tasse
452 2008 491 2070 de
514 2007 642 2069 ellectu.
692 2006 749 2070 Ait
769 2005 868 2069 enim:
901 2004 940 2068 Si
960 2003 1037 2088 quis
1057 2016 1267 2086 compenset
1288 2006 1420 2071 elicere.
1476 2008 1652 2090 Utrumque

352 2113 451 2164 tamen
473 2103 529 2161 dat
549 2099 622 2162 huic
643 2098 736 2176 viro,
764 2112 795 2162 et
815 2097 990 2181 intelligere
1012 2108 1044 2161 et
1063 2097 1199 2162 efficere.
1243 2099 1301 2160 Est
1323 2100 1402 2162 enim
1424 2111 1456 2162 et
1477 2099 1600 2181 sapiens
1622 2109 1694 2162 etto

354 2195 516 2278 eloquens.

430 2290 478 2352 Et
499 2285 740 2370 praecipiendo
761 2286 935 2350 meliorem
955 2284 1110 2365 reddere]
1153 2285 1232 2348 Erat
1252 2305 1334 2372 ergo
1350 2285 1382 2348 in
1397 2285 1573 2350 hominibus
1588 2286 1653 2350 ani·

354 2403 433 2464 unse
455 2382 514 2443 sed
533 2379 606 2443 ideo
627 2381 786 2457 reddere,
820 2379 893 2465 quia
919 2378 1082 2442 ridebatur
1103 2378 1246 2442 amissus.
1290 2383 1368 2444 Erat
1390 2383 1491 2444 bonus
1513 2380 1652 2455 animus,

352 2485 381 2536 et
398 2475 472 2538 ideo
495 2472 557 2549 ait,
582 2472 825 2556 praecipiendo
847 2472 1009 2536 meliorem
1030 2471 1184 2535 reddere.
1227 2475 1287 2538 His
1309 2475 1410 2538 causis
1431 2472 1527 2558 igitur
1555 2476 1653 2538 hone-

353 2565 505 2642 stissimis,
528 2575 564 2631 ut
585 2567 743 2643 ridemus,
765 2567 825 2630 iste
845 2565 984 2651 quidam
1004 2566 1186 2646 compulsus
1207 2578 1254 2629 est
1275 2569 1319 2644 ud¹
1335 2565 1560 2650 eloquentiam:
1590 2566 1694 2632 hnuto

352 2673 395 2724 est
415 2663 456 2722 ad
476 2661 528 2734 id,
552 2661 635 2722 unde
656 2660 742 2722 nasci
763 2662 803 2723 ad
823 2672 910 2723 aetus
930 2657 1062 2738 primum
1091 2657 1197 2740 eoepit
1218 2659 1412 2743 eloquentia.
1457 2660 1546 2740 Ques
1572 2661 1652 2722 enirn

352 2773 440 2816 cansa
468 2751 653 2827 honestior,
687 2773 778 2836 qnam
805 2751 947 2838 homines
975 2751 1144 2813 bestiarum
1174 2754 1268 2815 modo
1304 2751 1445 2816 virenter
1477 2753 1652 2834 praeceptis

352 2847 475 2909 utilibus
504 2858 599 2928 atque
628 2845 768 2908 honestis
797 2847 836 2908 ad
856 2846 1018 2907 humanam
1040 2855 1133 2928 atque
1156 2842 1290 2908 divinam
1311 2844 1523 2928 cognitionem
1545 2848 1653 2908 tradu-

267 2996 268 3003 ,
354 2939 444 3002 cere?
479 2939 575 3022 Ergo
602 2937 695 3001 istum
727 2938 830 3000 virtum
858 2958 1004 3022 maguum
1024 2948 1118 3019 atque
1140 2936 1309 3018 sapientem
1332 2958 1547 3021 quemcunque
1568 2933 1651 3000 acci-

268 3102 269 3105 ,
354 3033 481 3114 piam
533 3031 630 3096 Multi
659 3031 740 3095 enim
769 3032 957 3106 Saturnum,
990 3029 1175 3107 Platonem,
1210 3029 1416 3095 Aristotelem
1447 3039 1541 3114 atque
1573 3028 1694 3092 aliosts

354 3127 461 3190 volunt
481 3124 635 3206 intelligi,
658 3126 716 3187 sed
735 3137 854 3187 errant.

427 3219 500 3304 Qui
520 3219 696 3302 dispersos
716 3217 869 3281 homiues
889 3217 925 3280 in
945 3217 1044 3300 agria
1064 3227 1098 3280 et
1118 3215 1154 3280 iu
1174 3215 1270 3281 tectis
1291 3215 1499 3281 siluestribus
1520 3215 1652 3282 obditos

268 3274 269 3343 l
354 3313 482 3376 ratione
511 3313 659 3396 quodam
688 3311 849 3392 compulit
880 3332 985 3374 uuum
1016 3311 1052 3375 in
1079 3313 1192 3374 locum
1219 3321 1252 3374 et
1280 3309 1514 3394 congregavit]
1564 3309 1653 3374 Duas

355 3425 401 3468 res
421 3425 518 3487 supra
538 3403 646 3486 posuit
682 3403 913 3468 honestissimas
942 3404 1039 3467 fuisse
1071 3425 1180 3466 causas
1207 3404 1403 3488 optimaeque
1425 3403 1583 3478 rationes,
1617 3413 1652 3466 nt

269 3524 270 3539 ¹
355 3500 390 3562 ad
410 3511 499 3562 actus
527 3498 709 3583 eloquentia
737 3506 931 3560 nasceretur.
974 3495 1142 3578 Explicitis
1168 3517 1248 3582 ergo
1278 3497 1501 3561 honestissimis
1528 3497 1698 3576 causis,³t¹

355 3592 457 3675 incipit
486 3594 652 3657 ostendere
679 3593 814 3674 optimas
835 3589 1033 3674 eloquentiae
1058 3592 1098 3653 ad
1119 3603 1210 3656 actus
1228 3589 1323 3654 luisse
1344 3591 1494 3670 rationes.
1551 3593 1595 3654 Et
1618 3601 1654 3654 ut

355 3685 509 3771 intelligas
529 3686 588 3748 ia'm
614 3687 652 3748 dc
670 3685 770 3748 caussis
792 3705 860 3748 esse
882 3681 1018 3747 dicturi:
1053 3681 1199 3750 Ratione
1220 3685 1386 3768 quodam,
1421 3683 1539 3766 inquit,
1563 3706 1654 3748 com-

353 3781 433 3862 pulit
454 3801 562 3842 rurum
582 3779 620 3842 iu
639 3781 752 3842 locum
771 3789 806 3842 et
825 3775 1058 3862 congregavit.
1101 3776 1246 3840 Diximus
1268 3777 1419 3841 rationem
1442 3797 1510 3840 esse
1534 3777 1580 3840 rei
1597 3797 1653 3858 ge-

270 3900 271 3931 ;
356 3877 466 3936 rendae
486 3873 628 3936 ordinem
654 3871 878 3946 necessarium
915 3873 957 3932 ut‘
969 3878 1064 3950 puta,
1101 3871 1165 3933 hoe
1195 3869 1328 3950 primum
1354 3873 1448 3934 debet
1467 3871 1553 3947 lieri,
1590 3872 1655 3935 hoc

270 4030 271 4051 ,
356 3965 477 4043 deinde,
513 3987 550 4028 ac
570 3963 682 4031 tertio:
727 3978 761 4027 ut
787 3986 870 4028 nnnc
897 3964 999 4046 primo
1028 3962 1260 4046 compelluntur
1287 3963 1450 4040 homiues,
1480 3975 1555 4045 post
1575 3985 1694 4040 con-35

355 4073 544 4144 gregantur,
580 4059 691 4122 deinde
712 4057 745 4122 in
768 4074 1015 4143 unamquamque
1037 4077 1102 4120 reru
1132 4055 1319 4120 inducuntur
1347 4057 1453 4122 utilem
1481 4070 1572 4143 atque
1592 4061 1652 4122 ho-

354 4167 605 4329 magdmpulit
625 4267 732 4310 unum
752 4246 788 4310 in
810 4249 922 4310 locum
942 4256 975 4309 et
1003 4243 1238 4327 congregavit]
1280 4244 1467 4328 Compulit,
1499 4241 1588 4330 quasi
1605 4243 1653 4308 in-

355 4340 488 4405 sitorum
511 4353 581 4404 ests
611 4339 671 4403 iam
696 4341 882 4414 volentium,
912 4338 1145 4423 congregavit.
1189 4339 1250 4404 Sed
1273 4341 1419 4403 debemus
1439 4338 1536 4415 scire,
1567 4340 1655 4421 quod

355 4435 393 4496 sit
418 4433 582 4517 compedit
616 4447 649 4498 et
676 4432 897 4518 congregarit
925 4430 1014 4515 quasi
1047 4431 1203 4495 civitatem
1236 4433 1322 4496 lecit.
1373 4431 1472 4507 Nam,
1504 4443 1538 4494 ut
1558 4453 1695 4514 soprato

356 4526 502 4604 diximum
539 4527 650 4592 civitas
679 4539 728 4591 est
754 4527 887 4590 collecta
914 4525 1073 4590 hominum
1102 4525 1268 4590 multitudo
1302 4529 1342 4589 ad
1374 4525 1443 4590 iure
1472 4524 1652 4590 vivendum.

272 4626 273 4673 ἒ
356 4619 444 4704 Ergo
464 4620 643 4702 eloquentia
664 4619 832 4702 plurimum
855 4622 1001 4700 prodest,
1036 4640 1105 4684 nam
1132 4617 1209 4683 lacit
1238 4619 1415 4697 civitatem3
1449 4632 1480 4684 et
1502 4619 1653 4706 quidquid

355 4711 427 4774 utile
447 4723 542 4796 atque
563 4712 729 4777 honestum
750 4724 815 4788 est,
839 4711 985 4776 insinuat.

423 4913 450 4970 5.
467 4927 522 4980 pero
538 4909 673 4981 materia]
693 4909 739 4963 Sic
757 4913 808 4965 cd.
826 4911 889 4966 Bae.
908 4937 943 4952 -
961 4911 1036 4983 quod
1050 4931 1086 4968 ns.
1105 4911 1175 4968 ndo
1194 4915 1248 4969 Oe.

422 4983 513 5038 ibid.
525 4982 599 5057 fiere·
610 4983 704 5052 tabet]
724 4985 777 5040 hoe
789 5001 841 5050 ert,
856 4995 967 5056 potest,
988 4987 1096 5042 Graeco
1108 4988 1237 5062 loquendi
1252 5007 1327 5044 more
1340 4987 1481 5067 γίνεσθαι
1492 4983 1560 5068 ἔχει.
1571 4989 1654 5046 Care.

359 5053 412 5110 ttnt
430 5073 522 5114 iernen
540 5057 687 5132 legendnm
706 5076 747 5114 ert
768 5059 855 5116 debeo
875 5063 964 5115 Rure.

421 5135 466 5194 53.
485 5137 637 5202 rationem]
658 5163 695 5178 -
713 5140 852 5188 tattonem
871 5136 1009 5204 quondam
1028 5133 1079 5192 Cd.
1097 5139 1159 5195 Bas.
1179 5137 1233 5192 Oe.

420 5212 467 5272 ss.
487 5227 522 5263 ae
542 5211 645 5281 terrra]
665 5212 723 5266 un:
742 5209 794 5264 tec
813 5211 919 5264 cereto?
938 5213 993 5270 oc.
