<?xml version="1.0" encoding="UTF-8"?>
<!DOCTYPE html PUBLIC "-//W3C//DTD XHTML 1.0 Transitional//EN"
    "http://www.w3.org/TR/xhtml1/DTD/xhtml1-transitional.dtd">
<html xmlns="http://www.w3.org/1999/xhtml" xml:lang="en" lang="en">
 <head>
  <title>
</title>
<meta http-equiv="Content-Type" content="text/html;charset=utf-8" />
  <meta name='ocr-system' content='tesseract 3.04.00' />
  <meta name='ocr-capabilities' content='ocr_page ocr_carea ocr_par ocr_line ocrx_word'/>
</head>
<body>
  <div class='ocr_page' id='page_1' title='image "./operaquaesupers09halmgoog_0159.png"; bbox 0 0 4434 5959; ppageno 0'>
   <div class='ocr_carea' id='block_1_1' title="bbox 936 621 1671 698">
    <p class='ocr_par' dir='ltr' id='par_1_1' title="bbox 936 621 1671 698">
     <span class='ocr_line' id='line_1_1' title="bbox 936 621 1671 698; baseline 0.001 -11"><span class='ocrx_word' id='word_1_1' title='bbox 936 622 1041 698; x_wconf 68' lang='lat' dir='ltr'><strong>utu.</strong></span> <span class='ocrx_word' id='word_1_2' title='bbox 1063 621 1113 687; x_wconf 88' lang='lat' dir='ltr'><strong>ll.</strong></span> <span class='ocrx_word' id='word_1_3' title='bbox 1610 623 1671 688; x_wconf 76' lang='grc'><strong>143</strong></span> 
     </span>
    </p>
   </div>
   <div class='ocr_carea' id='block_1_2' title="bbox 255 758 1714 2050">
    <p class='ocr_par' dir='ltr' id='par_1_2' title="bbox 368 758 1671 935">
     <span class='ocr_line' id='line_1_2' title="bbox 451 758 1671 846; baseline -0.002 -19"><span class='ocrx_word' id='word_1_4' title='bbox 451 760 669 827; x_wconf 82' lang='lat' dir='ltr'><strong>Privatomm</strong></span> <span class='ocrx_word' id='word_1_5' title='bbox 689 758 895 825; x_wconf 87' lang='lat' dir='ltr'><strong>iudiciorum</strong></span> <span class='ocrx_word' id='word_1_6' title='bbox 914 760 1147 842; x_wconf 73' lang='lat' dir='ltr'><strong>eonstitrdnsr]</strong></span> <span class='ocrx_word' id='word_1_7' title='bbox 1190 760 1267 825; x_wconf 84' lang='lat' dir='ltr'><strong>Ideo</strong></span> <span class='ocrx_word' id='word_1_8' title='bbox 1289 782 1352 825; x_wconf 91' lang='lat' dir='ltr'><strong>nou</strong></span> <span class='ocrx_word' id='word_1_9' title='bbox 1373 758 1479 846; x_wconf 84' lang='lat' dir='ltr'><strong>potest</strong></span> <span class='ocrx_word' id='word_1_10' title='bbox 1497 760 1529 825; x_wconf 91' lang='lat' dir='ltr'><strong>in</strong></span> <span class='ocrx_word' id='word_1_11' title='bbox 1551 760 1671 826; x_wconf 88' lang='lat' dir='ltr'><strong>iudiciis</strong></span> 
     </span>
     <span class='ocr_line' id='line_1_3' title="bbox 368 854 1117 935; baseline -0.003 -18"><span class='ocrx_word' id='word_1_12' title='bbox 368 874 435 917; x_wconf 85' lang='lat' dir='ltr'><strong>esse</strong></span> <span class='ocrx_word' id='word_1_13' title='bbox 456 854 655 928; x_wconf 75' lang='lat' dir='ltr'><strong>translatio,</strong></span> <span class='ocrx_word' id='word_1_14' title='bbox 678 857 733 917; x_wconf 84' lang='lat' dir='ltr'><strong>sed</strong></span> <span class='ocrx_word' id='word_1_15' title='bbox 754 868 802 917; x_wconf 89' lang='lat' dir='ltr'><strong>est</strong></span> <span class='ocrx_word' id='word_1_16' title='bbox 823 859 906 935; x_wconf 89' lang='lat' dir='ltr'><strong>apud</strong></span> <span class='ocrx_word' id='word_1_17' title='bbox 924 866 1117 935; x_wconf 72' lang='lat' dir='ltr'>praetorem.</span> 
     </span>
    </p>

    <p class='ocr_par' dir='ltr' id='par_1_3' title="bbox 364 945 1696 1477">
     <span class='ocr_line' id='line_1_4' title="bbox 450 945 1669 1036; baseline 0 -25"><span class='ocrx_word' id='word_1_18' title='bbox 450 949 516 1011; x_wconf 81' lang='lat' dir='ltr'><strong>llic</strong></span> <span class='ocrx_word' id='word_1_19' title='bbox 542 945 708 1036; x_wconf 65' lang='lat' dir='ltr'><strong>deffensor</strong></span> <span class='ocrx_word' id='word_1_20' title='bbox 738 959 868 1028; x_wconf 82' lang='lat' dir='ltr'><strong>poenae</strong></span> <span class='ocrx_word' id='word_1_21' title='bbox 899 945 1206 1027; x_wconf 73' lang='lat' dir='ltr'><strong>comminationem]</strong></span> <span class='ocrx_word' id='word_1_22' title='bbox 1264 946 1418 1026; x_wconf 87' lang='lat' dir='ltr'><strong>Quoniam</strong></span> <span class='ocrx_word' id='word_1_23' title='bbox 1449 970 1544 1030; x_wconf 85' lang='lat' dir='ltr'><strong>quum</strong></span> <span class='ocrx_word' id='word_1_24' title='bbox 1576 948 1669 1011; x_wconf 80' lang='lat' dir='ltr'><strong>dicit:</strong></span> 
     </span>
     <span class='ocr_line' id='line_1_5' title="bbox 366 1038 1670 1127; baseline 0.005 -26"><span class='ocrx_word' id='word_1_25' title='bbox 366 1058 434 1102; x_wconf 91' lang='lat' dir='ltr'><strong>non</strong></span> <span class='ocrx_word' id='word_1_26' title='bbox 464 1042 529 1101; x_wconf 76' lang='lat' dir='ltr'><strong>liae</strong></span> <span class='ocrx_word' id='word_1_27' title='bbox 556 1058 671 1121; x_wconf 84' lang='lat' dir='ltr'><strong>poena</strong></span> <span class='ocrx_word' id='word_1_28' title='bbox 693 1038 898 1125; x_wconf 73' lang='lat' dir='ltr'><strong>tffeiendus</strong></span> <span class='ocrx_word' id='word_1_29' title='bbox 916 1051 983 1114; x_wconf 83' lang='lat' dir='ltr'><strong>est,</strong></span> <span class='ocrx_word' id='word_1_30' title='bbox 1011 1041 1111 1123; x_wconf 78' lang='lat' dir='ltr'><strong>[puae</strong></span> <span class='ocrx_word' id='word_1_31' title='bbox 1131 1039 1194 1119; x_wconf 88' lang='lat' dir='ltr'><strong>est]</strong></span> <span class='ocrx_word' id='word_1_32' title='bbox 1216 1039 1365 1103; x_wconf 87' lang='lat' dir='ltr'><strong>aliorum</strong></span> <span class='ocrx_word' id='word_1_33' title='bbox 1386 1041 1565 1105; x_wconf 87' lang='lat' dir='ltr'><strong>criminum</strong></span> <span class='ocrx_word' id='word_1_34' title='bbox 1587 1065 1670 1127; x_wconf 87' lang='lat' dir='ltr'><strong>pro·</strong></span> 
     </span>
     <span class='ocr_line' id='line_1_6' title="bbox 365 1130 1696 1216; baseline -0.001 -21"><span class='ocrx_word' id='word_1_35' title='bbox 365 1134 546 1202; x_wconf 66' lang='lat' dir='ltr'><strong>batorum</strong></span> <span class='ocrx_word' id='word_1_36' title='bbox 567 1133 621 1192; x_wconf 90' lang='lat' dir='ltr'><strong>sed</strong></span> <span class='ocrx_word' id='word_1_37' title='bbox 642 1130 712 1206; x_wconf 88' lang='lat' dir='ltr'><strong>tali;</strong></span> <span class='ocrx_word' id='word_1_38' title='bbox 735 1154 893 1216; x_wconf 82' lang='lat' dir='ltr'><strong>qttttmque</strong></span> <span class='ocrx_word' id='word_1_39' title='bbox 915 1133 969 1195; x_wconf 88' lang='lat' dir='ltr'><strong>tali</strong></span> <span class='ocrx_word' id='word_1_40' title='bbox 992 1152 1056 1195; x_wconf 90' lang='lat' dir='ltr'><strong>non</strong></span> <span class='ocrx_word' id='word_1_41' title='bbox 1078 1132 1259 1213; x_wconf 76' lang='lat' dir='ltr'>oportebit,</span> <span class='ocrx_word' id='word_1_42' title='bbox 1284 1132 1355 1215; x_wconf 89' lang='lat' dir='ltr'><strong>quia</strong></span> <span class='ocrx_word' id='word_1_43' title='bbox 1378 1134 1443 1195; x_wconf 88' lang='lat' dir='ltr'><strong>eius</strong></span> <span class='ocrx_word' id='word_1_44' title='bbox 1465 1135 1582 1198; x_wconf 78' lang='lat' dir='ltr'>crimen</span> <span class='ocrx_word' id='word_1_45' title='bbox 1605 1144 1696 1199; x_wconf 74' lang='lat' dir='ltr'><strong>noos</strong></span> 
     </span>
     <span class='ocr_line' id='line_1_7' title="bbox 365 1222 1672 1311; baseline 0.004 -25"><span class='ocrx_word' id='word_1_46' title='bbox 365 1227 537 1307; x_wconf 84' lang='lat' dir='ltr'><strong>probatum</strong></span> <span class='ocrx_word' id='word_1_47' title='bbox 559 1236 627 1297; x_wconf 88' lang='lat' dir='ltr'><strong>est,</strong></span> <span class='ocrx_word' id='word_1_48' title='bbox 664 1222 707 1285; x_wconf 89' lang='lat' dir='ltr'><strong>ita</strong></span> <span class='ocrx_word' id='word_1_49' title='bbox 730 1245 769 1286; x_wconf 90' lang='lat' dir='ltr'><strong>ne</strong></span> <span class='ocrx_word' id='word_1_50' title='bbox 791 1224 850 1285; x_wconf 89' lang='lat' dir='ltr'><strong>alia</strong></span> <span class='ocrx_word' id='word_1_51' title='bbox 872 1225 994 1308; x_wconf 76' lang='lat' dir='ltr'><strong>atridem</strong></span> <span class='ocrx_word' id='word_1_52' title='bbox 1016 1244 1117 1305; x_wconf 89' lang='lat' dir='ltr'><strong>poena</strong></span> <span class='ocrx_word' id='word_1_53' title='bbox 1140 1223 1221 1285; x_wconf 87' lang='lat' dir='ltr'><strong>affici</strong></span> <span class='ocrx_word' id='word_1_54' title='bbox 1244 1238 1393 1305; x_wconf 73' lang='lat' dir='ltr'><strong>oportere</strong></span> <span class='ocrx_word' id='word_1_55' title='bbox 1415 1226 1506 1301; x_wconf 87' lang='lat' dir='ltr'><strong>dicit,</strong></span> <span class='ocrx_word' id='word_1_56' title='bbox 1530 1228 1672 1311; x_wconf 84' lang='lat' dir='ltr'><strong>quaesit</strong></span> 
     </span>
     <span class='ocr_line' id='line_1_8' title="bbox 365 1317 1671 1398; baseline 0.001 -18"><span class='ocrx_word' id='word_1_57' title='bbox 365 1320 500 1381; x_wconf 89' lang='lat' dir='ltr'><strong>aliorum</strong></span> <span class='ocrx_word' id='word_1_58' title='bbox 533 1317 715 1379; x_wconf 80' lang='lat' dir='ltr'><strong>criminum:</strong></span> <span class='ocrx_word' id='word_1_59' title='bbox 747 1318 828 1379; x_wconf 86' lang='lat' dir='ltr'><strong>unde</strong></span> <span class='ocrx_word' id='word_1_60' title='bbox 855 1317 1097 1381; x_wconf 89' lang='lat' dir='ltr'><strong>commutatione</strong></span> <span class='ocrx_word' id='word_1_61' title='bbox 1128 1336 1250 1398; x_wconf 88' lang='lat' dir='ltr'><strong>poenae</strong></span> <span class='ocrx_word' id='word_1_62' title='bbox 1279 1318 1326 1380; x_wconf 84' lang='lat' dir='ltr'><strong>vis</strong></span> <span class='ocrx_word' id='word_1_63' title='bbox 1362 1318 1568 1383; x_wconf 77' lang='lat' dir='ltr'><strong>accusationis</strong></span> <span class='ocrx_word' id='word_1_64' title='bbox 1604 1332 1671 1384; x_wconf 89' lang='lat' dir='ltr'><strong>tota</strong></span> 
     </span>
     <span class='ocr_line' id='line_1_9' title="bbox 364 1412 1435 1477; baseline 0.004 -4"><span class='ocrx_word' id='word_1_65' title='bbox 364 1412 510 1474; x_wconf 88' lang='lat' dir='ltr'><strong>tolletur.</strong></span> <span class='ocrx_word' id='word_1_66' title='bbox 1433 1470 1435 1477; x_wconf 81' lang='grc'>,</span> 
     </span>
    </p>

    <p class='ocr_par' dir='ltr' id='par_1_4' title="bbox 449 1499 1670 1593">
     <span class='ocr_line' id='line_1_10' title="bbox 449 1499 1670 1593; baseline -0.002 -24"><span class='ocrx_word' id='word_1_67' title='bbox 449 1501 580 1569; x_wconf 80' lang='lat' dir='ltr'><strong>Ceteris</strong></span> <span class='ocrx_word' id='word_1_68' title='bbox 599 1520 731 1584; x_wconf 80' lang='lat' dir='ltr'><strong>quoque</strong></span> <span class='ocrx_word' id='word_1_69' title='bbox 747 1500 947 1565; x_wconf 82' lang='lat' dir='ltr'><strong>criminibus</strong></span> <span class='ocrx_word' id='word_1_70' title='bbox 967 1499 1206 1593; x_wconf 69' lang='lat' dir='ltr'><strong>defendendis]</strong></span> <span class='ocrx_word' id='word_1_71' title='bbox 1249 1501 1338 1580; x_wconf 84' lang='lat' dir='ltr'><strong>Quae</strong></span> <span class='ocrx_word' id='word_1_72' title='bbox 1359 1504 1491 1583; x_wconf 79' lang='lat' dir='ltr'><strong>probata</strong></span> <span class='ocrx_word' id='word_1_73' title='bbox 1514 1503 1670 1567; x_wconf 78' lang='lat' dir='ltr'><strong>dicuntia.</strong></span> 
     </span>
    </p>

    <p class='ocr_par' dir='ltr' id='par_1_5' title="bbox 255 1591 1714 1960">
     <span class='ocr_line' id='line_1_11' title="bbox 449 1591 1714 1676; baseline 0.002 -17"><span class='ocrx_word' id='word_1_74' title='bbox 449 1591 667 1659; x_wconf 80' lang='lat' dir='ltr'><strong>Coniecturali</strong></span> <span class='ocrx_word' id='word_1_75' title='bbox 687 1594 927 1658; x_wconf 84' lang='lat' dir='ltr'><strong>constitutione</strong></span> <span class='ocrx_word' id='word_1_76' title='bbox 942 1596 1171 1657; x_wconf 71' lang='lat' dir='ltr'><strong>translationem</strong></span> <span class='ocrx_word' id='word_1_77' title='bbox 1194 1594 1426 1676; x_wconf 83' lang='lat' dir='ltr'><strong>confirmabit]</strong></span> <span class='ocrx_word' id='word_1_78' title='bbox 1469 1598 1513 1659; x_wconf 85' lang='lat' dir='ltr'><strong>tu</strong></span> <span class='ocrx_word' id='word_1_79' title='bbox 1533 1596 1671 1659; x_wconf 83' lang='lat' dir='ltr'><strong>infirma·</strong></span> <span class='ocrx_word' id='word_1_80' title='bbox 1684 1614 1714 1661; x_wconf 84' lang='lat' dir='ltr'><strong>to</strong></span> 
     </span>
     <span class='ocr_line' id='line_1_12' title="bbox 365 1687 1670 1771; baseline -0.002 -18"><span class='ocrx_word' id='word_1_81' title='bbox 365 1691 406 1755; x_wconf 84' lang='lat' dir='ltr'><strong>tis</strong></span> <span class='ocrx_word' id='word_1_82' title='bbox 427 1691 520 1753; x_wconf 90' lang='lat' dir='ltr'><strong>etiam</strong></span> <span class='ocrx_word' id='word_1_83' title='bbox 541 1688 573 1749; x_wconf 92' lang='lat' dir='ltr'><strong>in</strong></span> <span class='ocrx_word' id='word_1_84' title='bbox 588 1687 767 1750; x_wconf 73' lang='lat' dir='ltr'><strong>criminibus</strong></span> <span class='ocrx_word' id='word_1_85' title='bbox 787 1688 868 1764; x_wconf 88' lang='lat' dir='ltr'><strong>illis,</strong></span> <span class='ocrx_word' id='word_1_86' title='bbox 892 1708 972 1771; x_wconf 88' lang='lat' dir='ltr'><strong>quae</strong></span> <span class='ocrx_word' id='word_1_87' title='bbox 993 1690 1127 1769; x_wconf 88' lang='lat' dir='ltr'><strong>probata</strong></span> <span class='ocrx_word' id='word_1_88' title='bbox 1150 1688 1312 1765; x_wconf 72' lang='lat' dir='ltr'><strong>dicunntur,</strong></span> <span class='ocrx_word' id='word_1_89' title='bbox 1336 1690 1382 1751; x_wconf 85' lang='lat' dir='ltr'><strong>rei</strong></span> <span class='ocrx_word' id='word_1_90' title='bbox 1402 1688 1504 1770; x_wconf 88' lang='lat' dir='ltr'><strong>possit</strong></span> <span class='ocrx_word' id='word_1_91' title='bbox 1525 1689 1670 1752; x_wconf 86' lang='lat' dir='ltr'><strong>relevare</strong></span> 
     </span>
     <span class='ocr_line' id='line_1_13' title="bbox 389 1804 548 1848; baseline -0.031 -1"><span class='ocrx_word' id='word_1_92' title='bbox 389 1804 548 1848; x_wconf 75' lang='lat' dir='ltr'><strong>emonam.</strong></span> 
     </span>
     <span class='ocr_line' id='line_1_14' title="bbox 255 1806 1670 1960; baseline -0.004 -20"><span class='ocrx_word' id='word_1_93' title='bbox 255 1941 256 1960; x_wconf 50' lang='lat'><strong>,</strong></span> <span class='ocrx_word' id='word_1_94' title='bbox 366 1806 387 1867; x_wconf 67' lang='lat' dir='ltr'>p</span> <span class='ocrx_word' id='word_1_95' title='bbox 447 1876 657 1955; x_wconf 74' lang='lat' dir='ltr'><strong><em>Exemplum</em></strong></span> <span class='ocrx_word' id='word_1_96' title='bbox 673 1884 788 1936; x_wconf 71' lang='lat' dir='ltr'><strong>ornem</strong></span> <span class='ocrx_word' id='word_1_97' title='bbox 810 1871 1021 1937; x_wconf 74' lang='lat' dir='ltr'><strong>translationis</strong></span> <span class='ocrx_word' id='word_1_98' title='bbox 1042 1872 1078 1935; x_wconf 92' lang='lat' dir='ltr'><strong>in</strong></span> <span class='ocrx_word' id='word_1_99' title='bbox 1093 1892 1199 1935; x_wconf 84' lang='lat' dir='ltr'><strong>causa</strong></span> <span class='ocrx_word' id='word_1_100' title='bbox 1216 1872 1367 1955; x_wconf 88' lang='lat' dir='ltr'><strong>positum</strong></span> <span class='ocrx_word' id='word_1_101' title='bbox 1381 1871 1478 1935; x_wconf 83' lang='lat' dir='ltr'><strong>uobis</strong></span> <span class='ocrx_word' id='word_1_102' title='bbox 1491 1873 1536 1936; x_wconf 83' lang='lat' dir='ltr'><strong>sit</strong></span> <span class='ocrx_word' id='word_1_103' title='bbox 1550 1872 1670 1935; x_wconf 76' lang='lat' dir='ltr'><strong>huicce·</strong></span> 
     </span>
    </p>

    <p class='ocr_par' dir='ltr' id='par_1_6' title="bbox 365 1966 1670 2050">
     <span class='ocr_line' id='line_1_15' title="bbox 365 1966 1670 2050; baseline -0.005 -17"><span class='ocrx_word' id='word_1_104' title='bbox 365 1970 473 2050; x_wconf 79' lang='lat' dir='ltr'><strong>moda]</strong></span> <span class='ocrx_word' id='word_1_105' title='bbox 516 1968 599 2030; x_wconf 88' lang='lat' dir='ltr'><strong>lllud</strong></span> <span class='ocrx_word' id='word_1_106' title='bbox 620 1966 816 2047; x_wconf 85' lang='lat' dir='ltr'><strong>exemplum,</strong></span> <span class='ocrx_word' id='word_1_107' title='bbox 840 1967 927 2049; x_wconf 85' lang='lat' dir='ltr'><strong>quod</strong></span> <span class='ocrx_word' id='word_1_108' title='bbox 948 1985 1042 2047; x_wconf 84' lang='lat' dir='ltr'><strong>supra</strong></span> <span class='ocrx_word' id='word_1_109' title='bbox 1065 1968 1168 2027; x_wconf 85' lang='lat' dir='ltr'><strong>datum</strong></span> <span class='ocrx_word' id='word_1_110' title='bbox 1191 1976 1260 2038; x_wconf 89' lang='lat' dir='ltr'><strong>est,</strong></span> <span class='ocrx_word' id='word_1_111' title='bbox 1283 1968 1321 2025; x_wconf 92' lang='lat' dir='ltr'><strong>ad</strong></span> <span class='ocrx_word' id='word_1_112' title='bbox 1343 1966 1406 2028; x_wconf 88' lang='lat' dir='ltr'><strong>hoe</strong></span> <span class='ocrx_word' id='word_1_113' title='bbox 1427 1968 1530 2027; x_wconf 87' lang='lat' dir='ltr'><strong>datum</strong></span> <span class='ocrx_word' id='word_1_114' title='bbox 1546 1977 1612 2041; x_wconf 90' lang='lat' dir='ltr'><strong>est,</strong></span> <span class='ocrx_word' id='word_1_115' title='bbox 1636 1976 1670 2027; x_wconf 91' lang='lat' dir='ltr'><strong>ut</strong></span> 
     </span>
    </p>
   </div>
   <div class='ocr_carea' id='block_1_3' title="bbox 255 2056 1714 2235">
    <p class='ocr_par' dir='ltr' id='par_1_7' title="bbox 255 2056 1714 2235">
     <span class='ocr_line' id='line_1_16' title="bbox 255 2056 1714 2145; baseline 0.001 -21"><span class='ocrx_word' id='word_1_116' title='bbox 255 2091 256 2096; x_wconf 43' lang='lat'>¹</span> <span class='ocrx_word' id='word_1_117' title='bbox 365 2064 557 2145; x_wconf 83' lang='lat' dir='ltr'><strong>probaretur</strong></span> <span class='ocrx_word' id='word_1_118' title='bbox 578 2059 836 2123; x_wconf 76' lang='lat' dir='ltr'><strong>translationem</strong></span> <span class='ocrx_word' id='word_1_119' title='bbox 857 2056 916 2122; x_wconf 90' lang='lat' dir='ltr'><strong>alia</strong></span> <span class='ocrx_word' id='word_1_120' title='bbox 937 2056 1159 2122; x_wconf 89' lang='lat' dir='ltr'><strong>constitutione</strong></span> <span class='ocrx_word' id='word_1_121' title='bbox 1176 2057 1352 2121; x_wconf 84' lang='lat' dir='ltr'><strong>necessario</strong></span> <span class='ocrx_word' id='word_1_122' title='bbox 1367 2056 1577 2123; x_wconf 66' lang='lat' dir='ltr'><strong>confirmaris</strong></span> <span class='ocrx_word' id='word_1_123' title='bbox 1590 2078 1672 2120; x_wconf 85' lang='lat' dir='ltr'><strong>nnnc</strong></span> <span class='ocrx_word' id='word_1_124' title='bbox 1685 2075 1714 2125; x_wconf 78' lang='lat'><strong>15</strong></span> 
     </span>
     <span class='ocr_line' id='line_1_17' title="bbox 255 2152 889 2235; baseline -0.005 -17"><span class='ocrx_word' id='word_1_125' title='bbox 255 2225 256 2232; x_wconf 49' lang='lat'><strong>.</strong></span> <span class='ocrx_word' id='word_1_126' title='bbox 366 2158 418 2218; x_wconf 89' lang='lat' dir='ltr'><strong>dat</strong></span> <span class='ocrx_word' id='word_1_127' title='bbox 438 2152 617 2235; x_wconf 85' lang='lat' dir='ltr'><strong>exemplum</strong></span> <span class='ocrx_word' id='word_1_128' title='bbox 638 2152 889 2216; x_wconf 76' lang='lat' dir='ltr'><strong>translationis.</strong></span> 
     </span>
    </p>
   </div>
   <div class='ocr_carea' id='block_1_4' title="bbox 448 2243 1672 2329">
    <p class='ocr_par' dir='ltr' id='par_1_8' title="bbox 448 2243 1672 2329">
     <span class='ocr_line' id='line_1_18' title="bbox 448 2243 1672 2329; baseline -0.003 -18"><span class='ocrx_word' id='word_1_129' title='bbox 448 2248 604 2313; x_wconf 82' lang='lat' dir='ltr'><strong>Postulat</strong></span> <span class='ocrx_word' id='word_1_130' title='bbox 624 2245 671 2319; x_wconf 88' lang='lat' dir='ltr'><strong>is,</strong></span> <span class='ocrx_word' id='word_1_131' title='bbox 694 2245 830 2328; x_wconf 70' lang='lat' dir='ltr'><strong>pelicum</strong></span> <span class='ocrx_word' id='word_1_132' title='bbox 849 2245 992 2329; x_wconf 76' lang='lat' dir='ltr'><strong>agitur,</strong></span> <span class='ocrx_word' id='word_1_133' title='bbox 1014 2264 1039 2306; x_wconf 93' lang='lat' dir='ltr'><strong>a</strong></span> <span class='ocrx_word' id='word_1_134' title='bbox 1047 2256 1212 2325; x_wconf 85' lang='lat' dir='ltr'><strong>praetore</strong></span> <span class='ocrx_word' id='word_1_135' title='bbox 1224 2244 1471 2327; x_wconf 74' lang='lat' dir='ltr'><strong>exceptionem]</strong></span> <span class='ocrx_word' id='word_1_136' title='bbox 1514 2243 1565 2307; x_wconf 88' lang='lat' dir='ltr'><strong>Ne</strong></span> <span class='ocrx_word' id='word_1_137' title='bbox 1579 2264 1672 2325; x_wconf 88' lang='lat' dir='ltr'><strong>prae·</strong></span> 
     </span>
    </p>
   </div>
   <div class='ocr_carea' id='block_1_5' title="bbox 255 2330 1674 2420">
    <p class='ocr_par' dir='ltr' id='par_1_9' title="bbox 255 2330 1674 2420">
     <span class='ocr_line' id='line_1_19' title="bbox 255 2330 1674 2420; baseline -0.003 -17"><span class='ocrx_word' id='word_1_138' title='bbox 255 2387 256 2394; x_wconf 49' lang='lat'><strong>.</strong></span> <span class='ocrx_word' id='word_1_139' title='bbox 366 2340 515 2403; x_wconf 82' lang='lat' dir='ltr'><strong>iudicium</strong></span> <span class='ocrx_word' id='word_1_140' title='bbox 536 2340 592 2401; x_wconf 85' lang='lat' dir='ltr'><strong>liat</strong></span> <span class='ocrx_word' id='word_1_141' title='bbox 612 2338 644 2401; x_wconf 89' lang='lat' dir='ltr'><strong>in</strong></span> <span class='ocrx_word' id='word_1_142' title='bbox 673 2340 732 2401; x_wconf 85' lang='lat' dir='ltr'><strong>hac</strong></span> <span class='ocrx_word' id='word_1_143' title='bbox 761 2338 944 2403; x_wconf 86' lang='lat' dir='ltr'><strong>iniuriarum</strong></span> <span class='ocrx_word' id='word_1_144' title='bbox 978 2338 1174 2401; x_wconf 83' lang='lat' dir='ltr'><strong>damnatione</strong></span> <span class='ocrx_word' id='word_1_145' title='bbox 1201 2330 1299 2401; x_wconf 84' lang='lat' dir='ltr'><strong>futuri</strong></span> <span class='ocrx_word' id='word_1_146' title='bbox 1327 2335 1484 2411; x_wconf 86' lang='lat' dir='ltr'><strong>criminis,</strong></span> <span class='ocrx_word' id='word_1_147' title='bbox 1521 2338 1607 2420; x_wconf 88' lang='lat' dir='ltr'><strong>quod</strong></span> <span class='ocrx_word' id='word_1_148' title='bbox 1635 2338 1674 2399; x_wconf 86' lang='lat' dir='ltr'><strong>de</strong></span> 
     </span>
    </p>
   </div>
   <div class='ocr_carea' id='block_1_6' title="bbox 255 2431 1719 4005">
    <p class='ocr_par' dir='ltr' id='par_1_10' title="bbox 368 2431 841 2517">
     <span class='ocr_line' id='line_1_20' title="bbox 368 2431 841 2517; baseline 0 -22"><span class='ocrx_word' id='word_1_149' title='bbox 368 2434 471 2517; x_wconf 83' lang='lat' dir='ltr'><strong>eapite</strong></span> <span class='ocrx_word' id='word_1_150' title='bbox 494 2444 560 2509; x_wconf 87' lang='lat' dir='ltr'><strong>est,</strong></span> <span class='ocrx_word' id='word_1_151' title='bbox 582 2431 614 2495; x_wconf 87' lang='lat' dir='ltr'><strong>id</strong></span> <span class='ocrx_word' id='word_1_152' title='bbox 637 2440 702 2506; x_wconf 89' lang='lat' dir='ltr'><strong>est,</strong></span> <span class='ocrx_word' id='word_1_153' title='bbox 726 2432 841 2495; x_wconf 88' lang='lat' dir='ltr'><strong>caedis.</strong></span> 
     </span>
    </p>

    <p class='ocr_par' dir='ltr' id='par_1_11' title="bbox 366 2522 1716 2701">
     <span class='ocr_line' id='line_1_21' title="bbox 448 2522 1716 2609; baseline -0.001 -22"><span class='ocrx_word' id='word_1_154' title='bbox 448 2525 636 2609; x_wconf 82' lang='lat' dir='ltr'><strong>Indignum</strong></span> <span class='ocrx_word' id='word_1_155' title='bbox 662 2523 708 2585; x_wconf 89' lang='lat' dir='ltr'><strong>sit</strong></span> <span class='ocrx_word' id='word_1_156' title='bbox 735 2544 804 2587; x_wconf 90' lang='lat' dir='ltr'><strong>non</strong></span> <span class='ocrx_word' id='word_1_157' title='bbox 828 2522 944 2606; x_wconf 85' lang='lat' dir='ltr'><strong>primo</strong></span> <span class='ocrx_word' id='word_1_158' title='bbox 964 2544 1095 2609; x_wconf 78' lang='lat' dir='ltr'><strong>quoque</strong></span> <span class='ocrx_word' id='word_1_159' title='bbox 1116 2536 1267 2607; x_wconf 85' lang='lat' dir='ltr'><strong>tempore</strong></span> <span class='ocrx_word' id='word_1_160' title='bbox 1287 2524 1448 2604; x_wconf 78' lang='lat' dir='ltr'><strong>iudicari]</strong></span> <span class='ocrx_word' id='word_1_161' title='bbox 1505 2523 1551 2587; x_wconf 89' lang='lat' dir='ltr'><strong>Ut</strong></span> <span class='ocrx_word' id='word_1_162' title='bbox 1580 2522 1716 2594; x_wconf 73' lang='lat' dir='ltr'><strong>etiamen</strong></span> 
     </span>
     <span class='ocr_line' id='line_1_22' title="bbox 366 2614 1526 2701; baseline -0.003 -22"><span class='ocrx_word' id='word_1_163' title='bbox 366 2618 398 2680; x_wconf 91' lang='lat' dir='ltr'><strong>in</strong></span> <span class='ocrx_word' id='word_1_164' title='bbox 418 2616 537 2683; x_wconf 88' lang='lat' dir='ltr'><strong>iudicio</strong></span> <span class='ocrx_word' id='word_1_165' title='bbox 558 2616 743 2680; x_wconf 84' lang='lat' dir='ltr'><strong>iniuriarum</strong></span> <span class='ocrx_word' id='word_1_166' title='bbox 764 2617 922 2701; x_wconf 82' lang='lat' dir='ltr'><strong>indignum</strong></span> <span class='ocrx_word' id='word_1_167' title='bbox 945 2617 1070 2679; x_wconf 89' lang='lat' dir='ltr'><strong>sitnon</strong></span> <span class='ocrx_word' id='word_1_168' title='bbox 1092 2617 1184 2679; x_wconf 87' lang='lat' dir='ltr'><strong>etiam</strong></span> <span class='ocrx_word' id='word_1_169' title='bbox 1209 2620 1246 2680; x_wconf 85' lang='lat' dir='ltr'><strong>de</strong></span> <span class='ocrx_word' id='word_1_170' title='bbox 1269 2619 1362 2681; x_wconf 90' lang='lat' dir='ltr'><strong>caede</strong></span> <span class='ocrx_word' id='word_1_171' title='bbox 1383 2614 1526 2680; x_wconf 90' lang='lat' dir='ltr'><strong>iudicari.</strong></span> 
     </span>
    </p>

    <p class='ocr_par' dir='ltr' id='par_1_12' title="bbox 366 2708 1675 2867">
     <span class='ocr_line' id='line_1_23' title="bbox 447 2708 1675 2801; baseline -0.001 -25"><span class='ocrx_word' id='word_1_172' title='bbox 447 2711 494 2777; x_wconf 84' lang='lat' dir='ltr'><strong>Id</strong></span> <span class='ocrx_word' id='word_1_173' title='bbox 511 2732 559 2772; x_wconf 84' lang='lat' dir='ltr'><strong>ear</strong></span> <span class='ocrx_word' id='word_1_174' title='bbox 577 2708 736 2791; x_wconf 76' lang='lat' dir='ltr'><strong>partibus</strong></span> <span class='ocrx_word' id='word_1_175' title='bbox 756 2709 862 2786; x_wconf 88' lang='lat' dir='ltr'><strong>iuris,</strong></span> <span class='ocrx_word' id='word_1_176' title='bbox 901 2710 944 2771; x_wconf 89' lang='lat' dir='ltr'><strong>de</strong></span> <span class='ocrx_word' id='word_1_177' title='bbox 967 2709 1089 2792; x_wconf 80' lang='lat' dir='ltr'><strong>quibus</strong></span> <span class='ocrx_word' id='word_1_178' title='bbox 1107 2721 1187 2793; x_wconf 86' lang='lat' dir='ltr'><strong>post</strong></span> <span class='ocrx_word' id='word_1_179' title='bbox 1207 2710 1383 2778; x_wconf 80' lang='lat' dir='ltr'><strong>dicentium</strong></span> <span class='ocrx_word' id='word_1_180' title='bbox 1402 2712 1466 2792; x_wconf 87' lang='lat' dir='ltr'><strong>est]</strong></span> <span class='ocrx_word' id='word_1_181' title='bbox 1510 2713 1547 2774; x_wconf 88' lang='lat' dir='ltr'><strong>ln</strong></span> <span class='ocrx_word' id='word_1_182' title='bbox 1574 2711 1675 2801; x_wconf 79' lang='lat' dir='ltr'><strong>quali·</strong></span> 
     </span>
     <span class='ocr_line' id='line_1_24' title="bbox 366 2803 611 2867; baseline 0 -2"><span class='ocrx_word' id='word_1_183' title='bbox 366 2813 431 2867; x_wconf 89' lang='lat' dir='ltr'><strong>tate</strong></span> <span class='ocrx_word' id='word_1_184' title='bbox 453 2803 611 2865; x_wconf 88' lang='lat' dir='ltr'><strong>absoluta.</strong></span> 
     </span>
    </p>

    <p class='ocr_par' dir='ltr' id='par_1_13' title="bbox 450 2893 1672 2979">
     <span class='ocr_line' id='line_1_25' title="bbox 450 2893 1672 2979; baseline 0 -20"><span class='ocrx_word' id='word_1_185' title='bbox 450 2898 581 2960; x_wconf 77' lang='lat' dir='ltr'><strong>Contra</strong></span> <span class='ocrx_word' id='word_1_186' title='bbox 600 2916 678 2957; x_wconf 88' lang='lat' dir='ltr'><strong>eum</strong></span> <span class='ocrx_word' id='word_1_187' title='bbox 698 2893 758 2979; x_wconf 81' lang='lat' dir='ltr'><strong>qui</strong></span> <span class='ocrx_word' id='word_1_188' title='bbox 778 2893 1011 2957; x_wconf 76' lang='lat' dir='ltr'><strong>translationem</strong></span> <span class='ocrx_word' id='word_1_189' title='bbox 1032 2893 1177 2975; x_wconf 82' lang='lat' dir='ltr'><strong>inducit]</strong></span> <span class='ocrx_word' id='word_1_190' title='bbox 1221 2894 1285 2975; x_wconf 84' lang='lat' dir='ltr'><strong>Qui</strong></span> <span class='ocrx_word' id='word_1_191' title='bbox 1300 2909 1464 2959; x_wconf 84' lang='lat' dir='ltr'><strong>accusatur</strong></span> <span class='ocrx_word' id='word_1_192' title='bbox 1478 2894 1672 2959; x_wconf 86' lang='lat' dir='ltr'><strong>iniuriarum.</strong></span> 
     </span>
    </p>

    <p class='ocr_par' dir='ltr' id='par_1_14' title="bbox 255 2986 1715 3237">
     <span class='ocr_line' id='line_1_26' title="bbox 448 2986 1715 3079; baseline -0.002 -26"><span class='ocrx_word' id='word_1_193' title='bbox 448 2990 483 3053; x_wconf 89' lang='lat' dir='ltr'><em>A</em></span> <span class='ocrx_word' id='word_1_194' title='bbox 503 2988 708 3050; x_wconf 83' lang='lat' dir='ltr'><strong>translatione</strong></span> <span class='ocrx_word' id='word_1_195' title='bbox 728 2998 843 3049; x_wconf 87' lang='lat' dir='ltr'><strong>autem</strong></span> <span class='ocrx_word' id='word_1_196' title='bbox 863 2989 1015 3051; x_wconf 90' lang='lat' dir='ltr'><strong>omnium</strong></span> <span class='ocrx_word' id='word_1_197' title='bbox 1023 2986 1117 3079; x_wconf 85' lang='lat' dir='ltr'><strong>sore</strong></span> <span class='ocrx_word' id='word_1_198' title='bbox 1134 2990 1440 3071; x_wconf 79' lang='lat' dir='ltr'><strong>perturbationem]</strong></span> <span class='ocrx_word' id='word_1_199' title='bbox 1490 2991 1565 3053; x_wconf 89' lang='lat' dir='ltr'><strong>Hoc</strong></span> <span class='ocrx_word' id='word_1_200' title='bbox 1586 3000 1633 3051; x_wconf 86' lang='lat' dir='ltr'><strong>est</strong></span> <span class='ocrx_word' id='word_1_201' title='bbox 1654 3000 1715 3051; x_wconf 75' lang='lat' dir='ltr'><strong>att</strong></span> 
     </span>
     <span class='ocr_line' id='line_1_27' title="bbox 255 3075 1672 3163; baseline 0.001 -20"><span class='ocrx_word' id='word_1_202' title='bbox 255 3075 256 3079; x_wconf 62' lang='grc'>’</span> <span class='ocrx_word' id='word_1_203' title='bbox 365 3091 455 3162; x_wconf 88' lang='lat' dir='ltr'><strong>parte</strong></span> <span class='ocrx_word' id='word_1_204' title='bbox 476 3100 533 3155; x_wconf 89' lang='lat' dir='ltr'><strong>ea,</strong></span> <span class='ocrx_word' id='word_1_205' title='bbox 568 3099 647 3163; x_wconf 85' lang='lat' dir='ltr'><strong>quae</strong></span> <span class='ocrx_word' id='word_1_206' title='bbox 667 3080 765 3143; x_wconf 86' lang='lat' dir='ltr'><strong>utitur</strong></span> <span class='ocrx_word' id='word_1_207' title='bbox 785 3082 1027 3145; x_wconf 76' lang='lat' dir='ltr'><strong>transtatione.-</strong></span> <span class='ocrx_word' id='word_1_208' title='bbox 1056 3103 1126 3144; x_wconf 88' lang='lat' dir='ltr'><strong>nam</strong></span> <span class='ocrx_word' id='word_1_209' title='bbox 1148 3082 1201 3145; x_wconf 89' lang='lat' dir='ltr'><strong>illa</strong></span> <span class='ocrx_word' id='word_1_210' title='bbox 1223 3080 1371 3163; x_wconf 85' lang='lat' dir='ltr'><strong>superior</strong></span> <span class='ocrx_word' id='word_1_211' title='bbox 1392 3093 1504 3146; x_wconf 88' lang='lat' dir='ltr'><strong>contra</strong></span> <span class='ocrx_word' id='word_1_212' title='bbox 1524 3084 1672 3145; x_wconf 87' lang='lat' dir='ltr'><strong>transla-</strong></span> 
     </span>
     <span class='ocr_line' id='line_1_28' title="bbox 364 3170 1220 3237; baseline -0.008 -1"><span class='ocrx_word' id='word_1_213' title='bbox 364 3175 492 3237; x_wconf 84' lang='lat' dir='ltr'><strong>tionem</strong></span> <span class='ocrx_word' id='word_1_214' title='bbox 512 3182 575 3235; x_wconf 86' lang='lat' dir='ltr'><strong>est.</strong></span> <span class='ocrx_word' id='word_1_215' title='bbox 1213 3170 1220 3185; x_wconf 82' lang='grc'><strong>”</strong></span> 
     </span>
    </p>

    <p class='ocr_par' dir='ltr' id='par_1_15' title="bbox 364 3262 1719 4005">
     <span class='ocr_line' id='line_1_29' title="bbox 447 3262 1675 3356; baseline 0.002 -27"><span class='ocrx_word' id='word_1_216' title='bbox 447 3269 563 3348; x_wconf 65' lang='lat' dir='ltr'><strong>Qunam</strong></span> <span class='ocrx_word' id='word_1_217' title='bbox 590 3275 624 3329; x_wconf 89' lang='lat' dir='ltr'><strong>et</strong></span> <span class='ocrx_word' id='word_1_218' title='bbox 632 3262 744 3356; x_wconf 87' lang='lat' dir='ltr'><strong>sacto</strong></span> <span class='ocrx_word' id='word_1_219' title='bbox 770 3275 804 3342; x_wconf 82' lang='lat' dir='ltr'><strong>et</strong></span> <span class='ocrx_word' id='word_1_220' title='bbox 821 3263 923 3356; x_wconf 85' lang='lat' dir='ltr'><strong>sacti</strong></span> <span class='ocrx_word' id='word_1_221' title='bbox 953 3265 1088 3328; x_wconf 91' lang='lat' dir='ltr'><strong>nomine</strong></span> <span class='ocrx_word' id='word_1_222' title='bbox 1119 3286 1278 3331; x_wconf 85' lang='lat' dir='ltr'><strong>concesso</strong></span> <span class='ocrx_word' id='word_1_223' title='bbox 1305 3286 1412 3351; x_wconf 76' lang='lat' dir='ltr'><strong>neque</strong></span> <span class='ocrx_word' id='word_1_224' title='bbox 1441 3270 1512 3331; x_wconf 87' lang='lat' dir='ltr'><strong>ulla</strong></span> <span class='ocrx_word' id='word_1_225' title='bbox 1531 3268 1675 3333; x_wconf 86' lang='lat' dir='ltr'><strong>actionis</strong></span> 
     </span>
     <span class='ocr_line' id='line_1_30' title="bbox 366 3358 1672 3445; baseline 0.002 -23"><span class='ocrx_word' id='word_1_226' title='bbox 366 3360 464 3422; x_wconf 85' lang='lat' dir='ltr'><strong>illata</strong></span> <span class='ocrx_word' id='word_1_227' title='bbox 483 3359 733 3435; x_wconf 84' lang='lat' dir='ltr'><strong>controuersia,</strong></span> <span class='ocrx_word' id='word_1_228' title='bbox 756 3358 807 3421; x_wconf 86' lang='lat' dir='ltr'><strong>uis</strong></span> <span class='ocrx_word' id='word_1_229' title='bbox 821 3371 854 3422; x_wconf 89' lang='lat' dir='ltr'><strong>et</strong></span> <span class='ocrx_word' id='word_1_230' title='bbox 875 3372 1002 3423; x_wconf 87' lang='lat' dir='ltr'><strong>natura</strong></span> <span class='ocrx_word' id='word_1_231' title='bbox 1023 3371 1057 3422; x_wconf 85' lang='lat' dir='ltr'><strong>et</strong></span> <span class='ocrx_word' id='word_1_232' title='bbox 1070 3380 1179 3443; x_wconf 83' lang='lat' dir='ltr'><strong>genus</strong></span> <span class='ocrx_word' id='word_1_233' title='bbox 1197 3360 1326 3443; x_wconf 82' lang='lat' dir='ltr'><strong>negotii</strong></span> <span class='ocrx_word' id='word_1_234' title='bbox 1344 3361 1453 3443; x_wconf 71' lang='lat' dir='ltr'><strong>ipsium</strong></span> <span class='ocrx_word' id='word_1_235' title='bbox 1473 3362 1672 3445; x_wconf 82' lang='lat' dir='ltr'><strong>quaeritur,</strong></span> 
     </span>
     <span class='ocr_line' id='line_1_31' title="bbox 364 3450 1718 3539; baseline 0.003 -25"><span class='ocrx_word' id='word_1_236' title='bbox 364 3452 640 3517; x_wconf 87' lang='lat' dir='ltr'><strong>constitutionem</strong></span> <span class='ocrx_word' id='word_1_237' title='bbox 660 3455 853 3537; x_wconf 82' lang='lat' dir='ltr'><strong>generalem</strong></span> <span class='ocrx_word' id='word_1_238' title='bbox 874 3450 1097 3535; x_wconf 87' lang='lat' dir='ltr'><strong>appellamus]</strong></span> <span class='ocrx_word' id='word_1_239' title='bbox 1128 3453 1311 3530; x_wconf 76' lang='lat' dir='ltr'><strong>Generalis,</strong></span> <span class='ocrx_word' id='word_1_240' title='bbox 1333 3454 1397 3517; x_wconf 88' lang='lat' dir='ltr'><strong>hoc</strong></span> <span class='ocrx_word' id='word_1_241' title='bbox 1420 3466 1477 3531; x_wconf 88' lang='lat' dir='ltr'><strong>est,</strong></span> <span class='ocrx_word' id='word_1_242' title='bbox 1502 3455 1671 3539; x_wconf 86' lang='lat' dir='ltr'><strong>qualitatis,</strong></span> <span class='ocrx_word' id='word_1_243' title='bbox 1685 3480 1718 3529; x_wconf 74' lang='lat'><strong>30</strong></span> 
     </span>
     <span class='ocr_line' id='line_1_32' title="bbox 365 3545 1674 3628; baseline 0.002 -19"><span class='ocrx_word' id='word_1_244' title='bbox 365 3546 601 3609; x_wconf 89' lang='lat' dir='ltr'><strong>constitutionis</strong></span> <span class='ocrx_word' id='word_1_245' title='bbox 621 3555 789 3627; x_wconf 85' lang='lat' dir='ltr'><strong>praecepta</strong></span> <span class='ocrx_word' id='word_1_246' title='bbox 811 3545 974 3627; x_wconf 89' lang='lat' dir='ltr'><strong>supponit,</strong></span> <span class='ocrx_word' id='word_1_247' title='bbox 998 3548 1087 3610; x_wconf 89' lang='lat' dir='ltr'><strong>cuius</strong></span> <span class='ocrx_word' id='word_1_248' title='bbox 1110 3546 1232 3628; x_wconf 88' lang='lat' dir='ltr'><strong>species</strong></span> <span class='ocrx_word' id='word_1_249' title='bbox 1254 3567 1322 3609; x_wconf 88' lang='lat' dir='ltr'><strong>esse</strong></span> <span class='ocrx_word' id='word_1_250' title='bbox 1345 3550 1420 3610; x_wconf 77' lang='lat' dir='ltr'><strong>ditas</strong></span> <span class='ocrx_word' id='word_1_251' title='bbox 1442 3550 1528 3625; x_wconf 90' lang='lat' dir='ltr'><strong>dicit,</strong></span> <span class='ocrx_word' id='word_1_252' title='bbox 1552 3550 1674 3614; x_wconf 90' lang='lat' dir='ltr'><strong>iuridi-</strong></span> 
     </span>
     <span class='ocr_line' id='line_1_33' title="bbox 365 3639 1672 3723; baseline 0.004 -24"><span class='ocrx_word' id='word_1_253' title='bbox 365 3640 486 3702; x_wconf 85' lang='lat' dir='ltr'><strong>cialem</strong></span> <span class='ocrx_word' id='word_1_254' title='bbox 508 3651 540 3702; x_wconf 89' lang='lat' dir='ltr'><strong>et</strong></span> <span class='ocrx_word' id='word_1_255' title='bbox 554 3640 771 3723; x_wconf 79' lang='lat' dir='ltr'><strong>negotialem.</strong></span> <span class='ocrx_word' id='word_1_256' title='bbox 813 3639 902 3704; x_wconf 88' lang='lat' dir='ltr'><strong>Duas</strong></span> <span class='ocrx_word' id='word_1_257' title='bbox 922 3640 1022 3715; x_wconf 78' lang='lat' dir='ltr'><strong>enirn,</strong></span> <span class='ocrx_word' id='word_1_258' title='bbox 1047 3640 1298 3703; x_wconf 85' lang='lat' dir='ltr'><strong>deliberatiuam</strong></span> <span class='ocrx_word' id='word_1_259' title='bbox 1314 3652 1346 3703; x_wconf 90' lang='lat' dir='ltr'><strong>et</strong></span> <span class='ocrx_word' id='word_1_260' title='bbox 1360 3641 1672 3717; x_wconf 84' lang='lat' dir='ltr'><strong>demonstrativam,</strong></span> 
     </span>
     <span class='ocr_line' id='line_1_34' title="bbox 366 3730 1673 3818; baseline 0.002 -24"><span class='ocrx_word' id='word_1_261' title='bbox 366 3731 396 3794; x_wconf 91' lang='lat' dir='ltr'><strong>in</strong></span> <span class='ocrx_word' id='word_1_262' title='bbox 419 3730 525 3813; x_wconf 87' lang='lat' dir='ltr'><strong>priori</strong></span> <span class='ocrx_word' id='word_1_263' title='bbox 547 3732 631 3796; x_wconf 87' lang='lat' dir='ltr'><strong>libro</strong></span> <span class='ocrx_word' id='word_1_264' title='bbox 653 3732 790 3796; x_wconf 88' lang='lat' dir='ltr'><strong>sustulit.</strong></span> <span class='ocrx_word' id='word_1_265' title='bbox 842 3733 1099 3816; x_wconf 65' lang='lat' dir='ltr'><strong>Assumptus</strong></span> <span class='ocrx_word' id='word_1_266' title='bbox 1121 3736 1158 3796; x_wconf 89' lang='lat' dir='ltr'><strong>de</strong></span> <span class='ocrx_word' id='word_1_267' title='bbox 1180 3734 1344 3818; x_wconf 83' lang='lat' dir='ltr'><strong>negotiali</strong></span> <span class='ocrx_word' id='word_1_268' title='bbox 1364 3746 1498 3810; x_wconf 88' lang='lat' dir='ltr'><strong>tractat,</strong></span> <span class='ocrx_word' id='word_1_269' title='bbox 1528 3735 1673 3818; x_wconf 86' lang='lat' dir='ltr'><strong>quoniam</strong></span> 
     </span>
     <span class='ocr_line' id='line_1_35' title="bbox 367 3824 1675 3909; baseline 0.003 -24"><span class='ocrx_word' id='word_1_270' title='bbox 367 3824 502 3906; x_wconf 85' lang='lat' dir='ltr'><strong>simplex</strong></span> <span class='ocrx_word' id='word_1_271' title='bbox 538 3846 607 3889; x_wconf 87' lang='lat' dir='ltr'><strong>esse</strong></span> <span class='ocrx_word' id='word_1_272' title='bbox 635 3827 796 3889; x_wconf 83' lang='lat' dir='ltr'><strong>noscitur:</strong></span> <span class='ocrx_word' id='word_1_273' title='bbox 828 3824 1032 3890; x_wconf 86' lang='lat' dir='ltr'><strong>iuridicialis</strong></span> <span class='ocrx_word' id='word_1_274' title='bbox 1066 3825 1098 3889; x_wconf 92' lang='lat' dir='ltr'><strong>in</strong></span> <span class='ocrx_word' id='word_1_275' title='bbox 1126 3827 1248 3909; x_wconf 89' lang='lat' dir='ltr'><strong>species</strong></span> <span class='ocrx_word' id='word_1_276' title='bbox 1275 3838 1322 3889; x_wconf 84' lang='lat' dir='ltr'><strong>est</strong></span> <span class='ocrx_word' id='word_1_277' title='bbox 1348 3826 1525 3890; x_wconf 85' lang='lat' dir='ltr'><strong>distributa.</strong></span> <span class='ocrx_word' id='word_1_278' title='bbox 1584 3827 1675 3889; x_wconf 84' lang='lat' dir='ltr'><strong>Hace</strong></span> 
     </span>
     <span class='ocr_line' id='line_1_36' title="bbox 365 3917 1719 4005; baseline 0 -24"><span class='ocrx_word' id='word_1_279' title='bbox 365 3917 553 4001; x_wconf 82' lang='lat' dir='ltr'><strong>negotialis</strong></span> <span class='ocrx_word' id='word_1_280' title='bbox 579 3920 673 3982; x_wconf 84' lang='lat' dir='ltr'><strong>habet</strong></span> <span class='ocrx_word' id='word_1_281' title='bbox 701 3918 809 3996; x_wconf 87' lang='lat' dir='ltr'><strong>litem,</strong></span> <span class='ocrx_word' id='word_1_282' title='bbox 845 3939 942 4003; x_wconf 87' lang='lat' dir='ltr'><strong>quum</strong></span> <span class='ocrx_word' id='word_1_283' title='bbox 964 3920 1105 4004; x_wconf 86' lang='lat' dir='ltr'><strong>quaestio</strong></span> <span class='ocrx_word' id='word_1_284' title='bbox 1127 3932 1175 3983; x_wconf 88' lang='lat' dir='ltr'><strong>est</strong></span> <span class='ocrx_word' id='word_1_285' title='bbox 1183 3962 1193 3997; x_wconf 91' lang='lat'><strong>,</strong></span> <span class='ocrx_word' id='word_1_286' title='bbox 1230 3922 1395 4005; x_wconf 85' lang='lat' dir='ltr'><strong>quidesse</strong></span> <span class='ocrx_word' id='word_1_287' title='bbox 1421 3921 1549 3997; x_wconf 85' lang='lat' dir='ltr'><strong>debeat,</strong></span> <span class='ocrx_word' id='word_1_288' title='bbox 1586 3920 1673 4002; x_wconf 87' lang='lat' dir='ltr'><strong>quod</strong></span> <span class='ocrx_word' id='word_1_289' title='bbox 1688 3946 1719 3995; x_wconf 73' lang='lat'><strong>35</strong></span> 
     </span>
    </p>
   </div>
   <div class='ocr_carea' id='block_1_7' title="bbox 362 4171 1723 4995">
    <p class='ocr_par' dir='ltr' id='par_1_16' title="bbox 362 4171 1723 4843">
     <span class='ocr_line' id='line_1_37' title="bbox 460 4171 1675 4247; baseline 0.001 -21"><span class='ocrx_word' id='word_1_290' title='bbox 460 4178 487 4231; x_wconf 81' lang='grc'><strong>5.</strong></span> <span class='ocrx_word' id='word_1_291' title='bbox 509 4173 561 4226; x_wconf 81' lang='lat' dir='ltr'><strong>aed</strong></span> <span class='ocrx_word' id='word_1_292' title='bbox 577 4175 696 4226; x_wconf 70' lang='lat' dir='ltr'><strong>aliorsum</strong></span> <span class='ocrx_word' id='word_1_293' title='bbox 723 4180 868 4228; x_wconf 84' lang='lat' dir='ltr'><strong>eriminum</strong></span> <span class='ocrx_word' id='word_1_294' title='bbox 890 4172 1089 4245; x_wconf 77' lang='lat' dir='ltr'><strong>probatorum:</strong></span> <span class='ocrx_word' id='word_1_295' title='bbox 1121 4176 1265 4247; x_wconf 78' lang='lat' dir='ltr'><strong>quumque]</strong></span> <span class='ocrx_word' id='word_1_296' title='bbox 1302 4174 1334 4228; x_wconf 89' lang='lat' dir='ltr'><strong>ln</strong></span> <span class='ocrx_word' id='word_1_297' title='bbox 1353 4174 1530 4247; x_wconf 83' lang='lat' dir='ltr'><strong>praecedenti</strong></span> <span class='ocrx_word' id='word_1_298' title='bbox 1553 4171 1675 4227; x_wconf 82' lang='lat' dir='ltr'><strong>editione</strong></span> 
     </span>
     <span class='ocr_line' id='line_1_38' title="bbox 366 4248 1677 4323; baseline -0.005 -18"><span class='ocrx_word' id='word_1_299' title='bbox 366 4248 459 4305; x_wconf 79' lang='lat' dir='ltr'><strong>deerat</strong></span> <span class='ocrx_word' id='word_1_300' title='bbox 478 4250 614 4323; x_wconf 78' lang='lat' dir='ltr'><strong>particula</strong></span> <span class='ocrx_word' id='word_1_301' title='bbox 631 4249 701 4311; x_wconf 82' lang='lat' dir='ltr'><strong>sed,·</strong></span> <span class='ocrx_word' id='word_1_302' title='bbox 727 4266 811 4323; x_wconf 84' lang='lat' dir='ltr'><strong>quarn</strong></span> <span class='ocrx_word' id='word_1_303' title='bbox 832 4265 926 4303; x_wconf 83' lang='lat' dir='ltr'><strong>tamen</strong></span> <span class='ocrx_word' id='word_1_304' title='bbox 946 4252 1011 4303; x_wconf 77' lang='lat' dir='ltr'><strong>hnic</strong></span> <span class='ocrx_word' id='word_1_305' title='bbox 1029 4248 1092 4303; x_wconf 88' lang='lat' dir='ltr'><strong>loeo</strong></span> <span class='ocrx_word' id='word_1_306' title='bbox 1108 4255 1288 4303; x_wconf 78' lang='lat' dir='ltr'><strong>necessariam</strong></span> <span class='ocrx_word' id='word_1_307' title='bbox 1311 4266 1370 4303; x_wconf 86' lang='lat' dir='ltr'><strong>esse</strong></span> <span class='ocrx_word' id='word_1_308' title='bbox 1388 4263 1463 4322; x_wconf 84' lang='lat' dir='ltr'><strong>patet</strong></span> <span class='ocrx_word' id='word_1_309' title='bbox 1485 4266 1518 4301; x_wconf 83' lang='lat' dir='ltr'><strong>ex</strong></span> <span class='ocrx_word' id='word_1_310' title='bbox 1538 4252 1587 4314; x_wconf 80' lang='lat' dir='ltr'><strong>ils,</strong></span> <span class='ocrx_word' id='word_1_311' title='bbox 1608 4263 1677 4319; x_wconf 83' lang='lat' dir='ltr'><strong>quas</strong></span> 
     </span>
     <span class='ocr_line' id='line_1_39' title="bbox 366 4321 1679 4399; baseline -0.003 -20"><span class='ocrx_word' id='word_1_312' title='bbox 366 4325 459 4399; x_wconf 81' lang='lat' dir='ltr'><strong>paullo</strong></span> <span class='ocrx_word' id='word_1_313' title='bbox 491 4340 572 4398; x_wconf 79' lang='lat' dir='ltr'><strong>supra</strong></span> <span class='ocrx_word' id='word_1_314' title='bbox 599 4328 711 4397; x_wconf 83' lang='lat' dir='ltr'><strong>scripsit</strong></span> <span class='ocrx_word' id='word_1_315' title='bbox 743 4328 916 4379; x_wconf 84' lang='lat' dir='ltr'><strong>Victorinus:</strong></span> <span class='ocrx_word' id='word_1_316' title='bbox 952 4324 1050 4375; x_wconf 85' lang='lat' dir='ltr'><strong>Utitur</strong></span> <span class='ocrx_word' id='word_1_317' title='bbox 1069 4325 1257 4376; x_wconf 80' lang='lat' dir='ltr'><strong>translations</strong></span> <span class='ocrx_word' id='word_1_318' title='bbox 1275 4342 1353 4391; x_wconf 79' lang='lat' dir='ltr'><strong>reus,</strong></span> <span class='ocrx_word' id='word_1_319' title='bbox 1383 4341 1464 4394; x_wconf 79' lang='lat' dir='ltr'><strong>praem</strong></span> <span class='ocrx_word' id='word_1_320' title='bbox 1488 4321 1555 4374; x_wconf 85' lang='lat' dir='ltr'><strong>dieit</strong></span> <span class='ocrx_word' id='word_1_321' title='bbox 1575 4339 1679 4375; x_wconf 88' lang='lat' dir='ltr'><strong>senon</strong></span> 
     </span>
     <span class='ocr_line' id='line_1_40' title="bbox 362 4386 1706 4471; baseline -0.001 -20"><span class='ocrx_word' id='word_1_322' title='bbox 362 4400 515 4471; x_wconf 80' lang='lat' dir='ltr'><strong>parricidls&#39;</strong></span> <span class='ocrx_word' id='word_1_323' title='bbox 531 4398 720 4451; x_wconf 67' lang='grc' dir='ltr'><strong>ὼωωιιᾰειω</strong></span> <span class='ocrx_word' id='word_1_324' title='bbox 738 4416 813 4465; x_wconf 82' lang='lat' dir='ltr'><strong>esse,</strong></span> <span class='ocrx_word' id='word_1_325' title='bbox 840 4405 904 4469; x_wconf 79' lang='lat' dir='ltr'><strong>quta</strong></span> <span class='ocrx_word' id='word_1_326' title='bbox 921 4396 993 4450; x_wconf 82' lang='lat' dir='ltr'><strong>nllsll</strong></span> <span class='ocrx_word' id='word_1_327' title='bbox 1008 4386 1130 4451; x_wconf 69' lang='lat' dir='ltr'><strong>lude⁸slt</strong></span> <span class='ocrx_word' id='word_1_328' title='bbox 1150 4399 1332 4470; x_wconf 82' lang='lat' dir='ltr'><strong>approbatum</strong></span> <span class='ocrx_word' id='word_1_329' title='bbox 1342 4417 1352 4459; x_wconf 92' lang='lat'><strong>,·</strong></span> <span class='ocrx_word' id='word_1_330' title='bbox 1370 4396 1422 4449; x_wconf 82' lang='lat' dir='ltr'><strong>sed</strong></span> <span class='ocrx_word' id='word_1_331' title='bbox 1443 4399 1562 4450; x_wconf 85' lang='lat' dir='ltr'><strong>allorum</strong></span> <span class='ocrx_word' id='word_1_332' title='bbox 1580 4402 1679 4449; x_wconf 83' lang='lat' dir='ltr'><strong>crlml-</strong></span> <span class='ocrx_word' id='word_1_333' title='bbox 1700 4414 1706 4425; x_wconf 90' lang='lat'><strong>·</strong></span> 
     </span>
     <span class='ocr_line' id='line_1_41' title="bbox 365 4471 1679 4546; baseline -0.001 -20"><span class='ocrx_word' id='word_1_334' title='bbox 365 4492 441 4541; x_wconf 80' lang='lat' dir='ltr'><strong>antu,</strong></span> <span class='ocrx_word' id='word_1_335' title='bbox 460 4492 531 4544; x_wconf 79' lang='lat' dir='ltr'><strong>qaae</strong></span> <span class='ocrx_word' id='word_1_336' title='bbox 546 4474 669 4545; x_wconf 82' lang='lat' dir='ltr'><strong>probata</strong></span> <span class='ocrx_word' id='word_1_337' title='bbox 689 4479 762 4538; x_wconf 84' lang='lat' dir='ltr'><strong>stnt,</strong></span> <span class='ocrx_word' id='word_1_338' title='bbox 782 4471 868 4545; x_wconf 78' lang='lat' dir='ltr'><strong>affici</strong></span> <span class='ocrx_word' id='word_1_339' title='bbox 883 4481 1011 4544; x_wconf 78' lang='lat' dir='ltr'><strong>oportere</strong></span> <span class='ocrx_word' id='word_1_340' title='bbox 1028 4475 1162 4545; x_wconf 82' lang='lat' dir='ltr'><strong>supplicio</strong></span> <span class='ocrx_word' id='word_1_341' title='bbox 1186 4490 1240 4527; x_wconf 86' lang='lat' dir='ltr'><strong>cet.</strong></span> <span class='ocrx_word' id='word_1_342' title='bbox 1260 4476 1291 4527; x_wconf 91' lang='lat' dir='ltr'><strong>ln</strong></span> <span class='ocrx_word' id='word_1_343' title='bbox 1305 4473 1424 4526; x_wconf 87' lang='lat' dir='ltr'><strong>edltlone</strong></span> <span class='ocrx_word' id='word_1_344' title='bbox 1438 4472 1587 4526; x_wconf 82' lang='lat' dir='ltr'><strong>Basileensl</strong></span> <span class='ocrx_word' id='word_1_345' title='bbox 1605 4472 1679 4546; x_wconf 69' lang='lat' dir='ltr'><strong>legl-</strong></span> 
     </span>
     <span class='ocr_line' id='line_1_42' title="bbox 367 4546 1680 4621; baseline 0 -19"><span class='ocrx_word' id='word_1_346' title='bbox 367 4564 426 4603; x_wconf 84' lang='lat' dir='ltr'><strong>tor:</strong></span> <span class='ocrx_word' id='word_1_347' title='bbox 445 4550 514 4601; x_wconf 85' lang='lat' dir='ltr'><strong>Non</strong></span> <span class='ocrx_word' id='word_1_348' title='bbox 529 4549 582 4601; x_wconf 71' lang='lat' dir='ltr'><strong>hae</strong></span> <span class='ocrx_word' id='word_1_349' title='bbox 597 4566 689 4620; x_wconf 85' lang='lat' dir='ltr'><strong>poena</strong></span> <span class='ocrx_word' id='word_1_350' title='bbox 708 4546 880 4621; x_wconf 76' lang='lat' dir='ltr'><strong>afficiendas</strong></span> <span class='ocrx_word' id='word_1_351' title='bbox 897 4556 955 4601; x_wconf 83' lang='lat' dir='ltr'><strong>est:</strong></span> <span class='ocrx_word' id='word_1_352' title='bbox 973 4548 1024 4600; x_wconf 83' lang='lat' dir='ltr'><strong>ssd</strong></span> <span class='ocrx_word' id='word_1_353' title='bbox 1040 4550 1093 4601; x_wconf 83' lang='lat' dir='ltr'><strong>lali</strong></span> <span class='ocrx_word' id='word_1_354' title='bbox 1114 4549 1232 4601; x_wconf 82' lang='lat' dir='ltr'><strong>allorum</strong></span> <span class='ocrx_word' id='word_1_355' title='bbox 1255 4554 1400 4601; x_wconf 83' lang='lat' dir='ltr'><strong>eriminum</strong></span> <span class='ocrx_word' id='word_1_356' title='bbox 1410 4567 1420 4607; x_wconf 82' lang='lat'><strong>,-</strong></span> <span class='ocrx_word' id='word_1_357' title='bbox 1441 4565 1495 4601; x_wconf 90' lang='lat' dir='ltr'><strong>non</strong></span> <span class='ocrx_word' id='word_1_358' title='bbox 1515 4546 1607 4617; x_wconf 79' lang='lat' dir='ltr'><strong>male,</strong></span> <span class='ocrx_word' id='word_1_359' title='bbox 1623 4554 1680 4603; x_wconf 83' lang='lat' dir='ltr'><strong>nial</strong></span> 
     </span>
     <span class='ocr_line' id='line_1_43' title="bbox 367 4620 1679 4694; baseline -0.004 -16"><span class='ocrx_word' id='word_1_360' title='bbox 367 4622 440 4694; x_wconf 77' lang='lat' dir='ltr'><strong>qnod</strong></span> <span class='ocrx_word' id='word_1_361' title='bbox 459 4620 496 4680; x_wconf 81' lang='grc' dir='ltr'><strong>τὸ</strong></span> <span class='ocrx_word' id='word_1_362' title='bbox 514 4626 568 4676; x_wconf 80' lang='lat' dir='ltr'><strong>lali</strong></span> <span class='ocrx_word' id='word_1_363' title='bbox 593 4622 700 4677; x_wconf 75' lang='lat' dir='ltr'><strong>aldetnr</strong></span> <span class='ocrx_word' id='word_1_364' title='bbox 724 4622 870 4676; x_wconf 81' lang='lat' dir='ltr'><strong>abundare.</strong></span> <span class='ocrx_word' id='word_1_365' title='bbox 900 4623 982 4677; x_wconf 68' lang='lat' dir='ltr'><strong>Cirr.</strong></span> <span class='ocrx_word' id='word_1_366' title='bbox 1018 4632 1076 4688; x_wconf 82' lang='lat' dir='ltr'><strong>est,</strong></span> <span class='ocrx_word' id='word_1_367' title='bbox 1105 4625 1186 4691; x_wconf 78' lang='lat' dir='ltr'><strong>[quae</strong></span> <span class='ocrx_word' id='word_1_368' title='bbox 1205 4626 1263 4693; x_wconf 87' lang='lat' dir='ltr'><strong>est]</strong></span> <span class='ocrx_word' id='word_1_369' title='bbox 1291 4624 1408 4675; x_wconf 84' lang='lat' dir='ltr'><strong>allorttm</strong></span> <span class='ocrx_word' id='word_1_370' title='bbox 1435 4628 1579 4676; x_wconf 84' lang='lat' dir='ltr'><strong>criminum</strong></span> <span class='ocrx_word' id='word_1_371' title='bbox 1604 4641 1679 4694; x_wconf 88' lang='lat' dir='ltr'><strong>pro-</strong></span> 
     </span>
     <span class='ocr_line' id='line_1_44' title="bbox 366 4696 1678 4768; baseline -0.001 -14"><span class='ocrx_word' id='word_1_372' title='bbox 366 4700 513 4758; x_wconf 71' lang='lat' dir='ltr'><strong>morum,</strong></span> <span class='ocrx_word' id='word_1_373' title='bbox 540 4696 592 4749; x_wconf 79' lang='lat' dir='ltr'><strong>ssd</strong></span> <span class='ocrx_word' id='word_1_374' title='bbox 608 4700 678 4751; x_wconf 74' lang='lat' dir='ltr'><strong>tali:</strong></span> <span class='ocrx_word' id='word_1_375' title='bbox 709 4702 854 4768; x_wconf 77' lang='lat' dir='ltr'><strong>qmanpue)</strong></span> <span class='ocrx_word' id='word_1_376' title='bbox 883 4699 931 4751; x_wconf 89' lang='lat' dir='ltr'><strong>Slc</strong></span> <span class='ocrx_word' id='word_1_377' title='bbox 952 4696 1015 4751; x_wconf 79' lang='lat' dir='ltr'><strong>dedi</strong></span> <span class='ocrx_word' id='word_1_378' title='bbox 1042 4696 1145 4752; x_wconf 80' lang='lat' dir='ltr'><strong>acad.</strong></span> <span class='ocrx_word' id='word_1_379' title='bbox 1165 4700 1230 4750; x_wconf 76' lang='lat' dir='ltr'><strong>uss.</strong></span> <span class='ocrx_word' id='word_1_380' title='bbox 1251 4704 1374 4751; x_wconf 79' lang='lat' dir='ltr'><strong>inserens</strong></span> <span class='ocrx_word' id='word_1_381' title='bbox 1393 4712 1483 4751; x_wconf 81' lang='lat' dir='ltr'><strong>tamen</strong></span> <span class='ocrx_word' id='word_1_382' title='bbox 1503 4696 1536 4750; x_wconf 83' lang='lat' dir='ltr'><strong>de</strong></span> <span class='ocrx_word' id='word_1_383' title='bbox 1555 4715 1617 4752; x_wconf 86' lang='lat' dir='ltr'><strong>meo</strong></span> <span class='ocrx_word' id='word_1_384' title='bbox 1636 4715 1678 4754; x_wconf 81' lang='lat' dir='ltr'><strong>vv.</strong></span> 
     </span>
     <span class='ocr_line' id='line_1_45' title="bbox 367 4770 1723 4843; baseline -0.001 -18"><span class='ocrx_word' id='word_1_385' title='bbox 367 4790 436 4843; x_wconf 72' lang='lat' dir='ltr'><strong>puae</strong></span> <span class='ocrx_word' id='word_1_386' title='bbox 453 4781 509 4826; x_wconf 83' lang='lat' dir='ltr'><strong>est.</strong></span> <span class='ocrx_word' id='word_1_387' title='bbox 527 4789 566 4827; x_wconf 76' lang='lat' dir='ltr'><strong>ea</strong></span> <span class='ocrx_word' id='word_1_388' title='bbox 583 4779 641 4837; x_wconf 86' lang='lat' dir='ltr'><strong>est,</strong></span> <span class='ocrx_word' id='word_1_389' title='bbox 661 4770 713 4824; x_wconf 83' lang='lat' dir='ltr'><strong>sed</strong></span> <span class='ocrx_word' id='word_1_390' title='bbox 730 4772 784 4823; x_wconf 85' lang='lat' dir='ltr'><strong>tall</strong></span> <span class='ocrx_word' id='word_1_391' title='bbox 802 4772 921 4823; x_wconf 83' lang='lat' dir='ltr'><strong>allorum</strong></span> <span class='ocrx_word' id='word_1_392' title='bbox 939 4789 980 4825; x_wconf 84' lang='lat' dir='ltr'><strong>cr.</strong></span> <span class='ocrx_word' id='word_1_393' title='bbox 996 4789 1042 4842; x_wconf 88' lang='lat' dir='ltr'><strong>pr.</strong></span> <span class='ocrx_word' id='word_1_394' title='bbox 1048 4792 1060 4833; x_wconf 85' lang='lat'><strong>,-</strong></span> <span class='ocrx_word' id='word_1_395' title='bbox 1078 4789 1210 4842; x_wconf 79' lang='lat' dir='ltr'><strong>quamque</strong></span> <span class='ocrx_word' id='word_1_396' title='bbox 1230 4776 1294 4826; x_wconf 71' lang='lat' dir='ltr'><strong>Asc.</strong></span> <span class='ocrx_word' id='word_1_397' title='bbox 1314 4772 1368 4827; x_wconf 80' lang='lat' dir='ltr'><strong>Os.</strong></span> <span class='ocrx_word' id='word_1_398' title='bbox 1718 4789 1723 4800; x_wconf 72' lang='grc'><em>“</em></span> 
     </span>
    </p>

    <p class='ocr_par' dir='ltr' id='par_1_17' title="bbox 441 4844 1681 4995">
     <span class='ocr_line' id='line_1_46' title="bbox 441 4844 1493 4919; baseline -0.002 -17"><span class='ocrx_word' id='word_1_399' title='bbox 441 4846 484 4902; x_wconf 77' lang='grc' dir='ltr'><strong>ΙΙ).</strong></span> <span class='ocrx_word' id='word_1_400' title='bbox 504 4848 654 4919; x_wconf 73' lang='lat' dir='ltr'><strong>oportebit]</strong></span> <span class='ocrx_word' id='word_1_401' title='bbox 674 4844 743 4900; x_wconf 84' lang='lat' dir='ltr'><strong>eod.</strong></span> <span class='ocrx_word' id='word_1_402' title='bbox 761 4848 824 4901; x_wconf 79' lang='lat' dir='ltr'><strong>Bas.</strong></span> <span class='ocrx_word' id='word_1_403' title='bbox 842 4874 880 4887; x_wconf 91' lang='lat'><em>-</em></span> <span class='ocrx_word' id='word_1_404' title='bbox 898 4856 1027 4916; x_wconf 85' lang='lat' dir='ltr'><strong>oporteat</strong></span> <span class='ocrx_word' id='word_1_405' title='bbox 1045 4852 1109 4902; x_wconf 75' lang='lat' dir='ltr'><strong>Aac.</strong></span> <span class='ocrx_word' id='word_1_406' title='bbox 1131 4872 1162 4890; x_wconf 77' lang='grc' dir='ltr'><strong>ι·</strong></span> <span class='ocrx_word' id='word_1_407' title='bbox 1182 4847 1327 4918; x_wconf 80' lang='lat' dir='ltr'><strong>oportebat</strong></span> <span class='ocrx_word' id='word_1_408' title='bbox 1345 4848 1420 4901; x_wconf 89' lang='lat' dir='ltr'><strong>Cett.</strong></span> <span class='ocrx_word' id='word_1_409' title='bbox 1439 4846 1493 4900; x_wconf 78' lang='lat' dir='ltr'><strong>Oa.</strong></span> 
     </span>
     <span class='ocr_line' id='line_1_47' title="bbox 461 4920 1681 4995; baseline -0.003 -18"><span class='ocrx_word' id='word_1_410' title='bbox 461 4925 489 4977; x_wconf 85' lang='lat'><strong>7.</strong></span> <span class='ocrx_word' id='word_1_411' title='bbox 507 4926 634 4995; x_wconf 81' lang='lat' dir='ltr'><strong>quaesit</strong></span> <span class='ocrx_word' id='word_1_412' title='bbox 660 4922 783 4973; x_wconf 79' lang='lat' dir='ltr'><strong>aliorum</strong></span> <span class='ocrx_word' id='word_1_413' title='bbox 800 4923 956 4988; x_wconf 77' lang='lat' dir='ltr'><strong>criminum]</strong></span> <span class='ocrx_word' id='word_1_414' title='bbox 984 4924 1142 4991; x_wconf 83' lang='lat' dir='ltr'><strong>Quoniam,</strong></span> <span class='ocrx_word' id='word_1_415' title='bbox 1162 4936 1192 4973; x_wconf 85' lang='lat' dir='ltr'><strong>ut</strong></span> <span class='ocrx_word' id='word_1_416' title='bbox 1212 4940 1275 4976; x_wconf 83' lang='lat' dir='ltr'><strong>mox</strong></span> <span class='ocrx_word' id='word_1_417' title='bbox 1296 4920 1406 4975; x_wconf 80' lang='lat' dir='ltr'><strong>dlcebat</strong></span> <span class='ocrx_word' id='word_1_418' title='bbox 1426 4922 1600 4989; x_wconf 75' lang='lat' dir='ltr'><strong>Victorinus,</strong></span> <span class='ocrx_word' id='word_1_419' title='bbox 1625 4939 1681 4973; x_wconf 91' lang='lat' dir='ltr'><strong>non</strong></span> 
     </span>
    </p>
   </div>
   <div class='ocr_carea' id='block_1_8' title="bbox 255 4981 1681 5220">
    <p class='ocr_par' dir='ltr' id='par_1_18' title="bbox 255 4981 1681 5220">
     <span class='ocr_line' id='line_1_48' title="bbox 255 4981 966 5051; baseline 0.006 -6"><span class='ocrx_word' id='word_1_420' title='bbox 255 4981 256 4984; x_wconf 23' lang='lat'>¹</span> <span class='ocrx_word' id='word_1_421' title='bbox 369 4994 431 5047; x_wconf 78' lang='lat' dir='ltr'><strong>tude</strong></span> <span class='ocrx_word' id='word_1_422' title='bbox 448 4996 578 5051; x_wconf 75' lang='lat' dir='ltr'><strong>indictum</strong></span> <span class='ocrx_word' id='word_1_423' title='bbox 595 5000 776 5049; x_wconf 78' lang='lat' dir='ltr'><strong>constitutum</strong></span> <span class='ocrx_word' id='word_1_424' title='bbox 794 5003 866 5047; x_wconf 84' lang='lat' dir='ltr'><strong>erat.</strong></span> <span class='ocrx_word' id='word_1_425' title='bbox 885 4996 966 5049; x_wconf 64' lang='lat' dir='ltr'><strong>css..</strong></span> 
     </span>
     <span class='ocr_line' id='line_1_49' title="bbox 255 5068 1681 5143; baseline -0.002 -18"><span class='ocrx_word' id='word_1_426' title='bbox 255 5069 256 5100; x_wconf 56' lang='lat' dir='ltr'><strong>l</strong></span> <span class='ocrx_word' id='word_1_427' title='bbox 442 5076 489 5130; x_wconf 76' lang='lat'><strong>52.</strong></span> <span class='ocrx_word' id='word_1_428' title='bbox 507 5072 721 5124; x_wconf 64' lang='lat' dir='ltr'><strong>deauratam</strong></span> <span class='ocrx_word' id='word_1_429' title='bbox 749 5078 778 5122; x_wconf 83' lang='lat' dir='ltr'><strong>et</strong></span> <span class='ocrx_word' id='word_1_430' title='bbox 804 5068 1071 5139; x_wconf 74' lang='lat' dir='ltr'><strong>demtrntlvam]</strong></span> <span class='ocrx_word' id='word_1_431' title='bbox 1097 5068 1219 5141; x_wconf 78' lang='lat' dir='ltr'><strong>supple,</strong></span> <span class='ocrx_word' id='word_1_432' title='bbox 1244 5074 1404 5136; x_wconf 82' lang='lat' dir='ltr'><strong>materiam,</strong></span> <span class='ocrx_word' id='word_1_433' title='bbox 1430 5068 1472 5123; x_wconf 84' lang='lat' dir='ltr'><strong>rel</strong></span> <span class='ocrx_word' id='word_1_434' title='bbox 1493 5085 1621 5143; x_wconf 85' lang='lat' dir='ltr'><strong>partem,</strong></span> <span class='ocrx_word' id='word_1_435' title='bbox 1638 5070 1681 5123; x_wconf 81' lang='lat' dir='ltr'><strong>sel</strong></span> 
     </span>
     <span class='ocr_line' id='line_1_50' title="bbox 369 5144 1195 5220; baseline -0.002 -24"><span class='ocrx_word' id='word_1_436' title='bbox 369 5158 496 5210; x_wconf 74' lang='lat' dir='ltr'><strong>msam,</strong></span> <span class='ocrx_word' id='word_1_437' title='bbox 516 5162 547 5202; x_wconf 79' lang='lat' dir='ltr'><strong>nt</strong></span> <span class='ocrx_word' id='word_1_438' title='bbox 565 5146 660 5220; x_wconf 79' lang='lat' dir='ltr'><strong>paullo</strong></span> <span class='ocrx_word' id='word_1_439' title='bbox 678 5160 741 5218; x_wconf 82' lang='lat' dir='ltr'><strong>post</strong></span> <span class='ocrx_word' id='word_1_440' title='bbox 760 5144 883 5217; x_wconf 84' lang='lat' dir='ltr'><strong>loqnltnr</strong></span> <span class='ocrx_word' id='word_1_441' title='bbox 901 5148 960 5218; x_wconf 86' lang='lat' dir='ltr'><strong>lpse</strong></span> <span class='ocrx_word' id='word_1_442' title='bbox 978 5144 1094 5199; x_wconf 80' lang='lat' dir='ltr'><strong>Tnltlns.</strong></span> <span class='ocrx_word' id='word_1_443' title='bbox 1113 5144 1195 5199; x_wconf 75' lang='lat' dir='ltr'><strong>Cass.</strong></span> 
     </span>
    </p>
   </div>
   <div class='ocr_carea' id='block_1_9' title="bbox 0 0 2223 5956">
    <p class='ocr_par' dir='ltr' id='par_1_19' title="bbox 0 0 2223 5956">
     <span class='ocr_line' id='line_1_51' title="bbox 0 0 2223 5956; baseline 0 0"><span class='ocrx_word' id='word_1_444' title='bbox 0 0 2223 5956; x_wconf 95' lang='lat' dir='ltr'><strong> </strong></span> 
     </span>
    </p>
   </div>
  </div>
 </body>
</html>
