4434 5959
918 662 922 670 ,
950 620 1044 687 LIB.
1066 621 1117 687 11.
1613 618 1671 683 137

451 768 573 831 ceron
592 774 708 827 autem
727 765 822 827 iocus
838 772 889 826 est
901 761 1126 837 accusatoris,
1147 780 1326 845 perquem
1340 770 1444 843 eriget
1459 755 1560 849 farti
1579 769 1673 821 atro·

367 860 518 939 ararem]
562 856 752 939 Superiores
774 855 836 919 ioci
854 855 887 916 in
909 853 1081 915 contrarias
1095 866 1201 933 partes
1223 852 1333 914 deduci
1348 865 1498 933 possunt:
1522 852 1573 914 isti
1592 873 1672 915 vero

368 954 432 1016 loci
453 950 578 1035 proprii
599 953 712 1013 dantur
733 961 785 1011 anst
806 946 984 1009 accusatori
1005 957 1057 1007 aiat
1079 944 1238 1007 deiensori
1260 966 1332 1008 suo.

449 1048 590 1109 Ceterae
609 1041 936 1125 argumentationes]
981 1040 1046 1101 Asu
1069 1059 1086 1100 a
1107 1059 1263 1119 personae
1282 1050 1333 1100 atu
1355 1038 1474 1119 negotii
1497 1036 1669 1101 attributis.

373 1175 379 1181 ·
452 1140 497 1201 tn
517 1138 574 1211 id,
605 1136 696 1220 qttod
718 1136 861 1206 dicitur,
896 1152 1014 1195 verum
1035 1152 1107 1194 esse
1129 1131 1296 1212 videatur]
1322 1133 1417 1211 Quod
1438 1142 1486 1197 est
1507 1132 1698 1213 proprium⁵

372 1229 648 1319 argumentationis
670 1240 838 1310 surruptum.

453 1324 606 1388 Tametsi
626 1326 690 1386 boc
714 1344 844 1406 quoqne
864 1324 971 1388 videri
992 1316 1139 1404 oportet]
1183 1318 1226 1381 Ut
1246 1325 1276 1378 et
1298 1314 1330 1378 in
1357 1314 1435 1379 loeis
1459 1317 1673 1383 communibus

371 1416 487 1479 veritas
507 1425 692 1498 quaeratur,
715 1417 770 1476 sed
792 1416 943 1479 orationis
965 1415 1060 1478 modo
1082 1411 1173 1473 distet
1195 1413 1234 1472 ab
1258 1409 1540 1492 argumentatione.

450 1513 565 1591 Quum
583 1519 635 1569 eat
655 1506 801 1569 nominis
825 1507 1078 1576 controuersia,
1116 1503 1197 1587 quia
1218 1502 1266 1565 cis
1294 1503 1447 1565 vocabuli
1475 1501 1674 1579 definienda

370 1602 479 1664 uerbis
499 1612 569 1674 eat,
598 1600 794 1661 constitutio
815 1600 995 1678 definitiva
1018 1596 1158 1674 dieitur]
1208 1594 1356 1678 Sequitur
1385 1594 1563 1670 definitiva
1595 1596 1716 1658 eon-1⁰

371 1695 509 1766 stitutio:
540 1691 611 1776 quia
633 1692 830 1754 coniectura
851 1694 1025 1779 praeceptis
1046 1688 1263 1772 superioribus
1286 1688 1445 1751 terminata
1468 1699 1527 1751 est.
1583 1688 1674 1750 Haec

371 1785 568 1863 definitiva,
593 1784 664 1866 quia
682 1795 757 1846 tunc
777 1785 938 1863 exoritur,
962 1806 1056 1872 quum
1073 1782 1205 1845 nominis
1227 1782 1441 1845 controversia
1465 1793 1529 1855 est,
1553 1793 1583 1844 et
1602 1774 1674 1861 qssitt

370 1878 419 1943 vis
440 1877 574 1940 nominis
597 1877 768 1939 definienda
792 1878 896 1939 verbis
917 1892 980 1953 est,
1011 1875 1189 1953 definitiva
1210 1873 1324 1936 dicitur
1346 1874 1542 1937 constitutio.
1587 1873 1674 1937 Huic

370 1971 522 2053 supponit
550 1972 747 2051 exemplum:
786 1994 890 2056 quum
920 1993 1000 2034 reus
1019 1969 1071 2047 set
1098 1980 1202 2051 parer
1228 1967 1437 2042 maiestatis,
1474 1968 1532 2051 qui
1549 1966 1672 2044 filium

367 2063 543 2149 prohibuit
562 2064 720 2126 reditione
735 2065 1005 2138 concionantem,
1028 2063 1061 2124 id
1080 2074 1145 2133 cst,
1169 2058 1266 2123 filium
1284 2060 1438 2122 tribunum
1456 2058 1568 2140 plebis.
1612 2060 1672 2121 Est
1685 2060 1715 2111 ¹5

371 2158 401 2220 in
421 2158 485 2220 hoc
505 2157 638 2219 themate
667 2155 758 2218 etiam
788 2158 848 2219 alia
879 2155 1061 2221 constitutio
1094 2154 1145 2216 rei
1177 2152 1318 2215 relation
1346 2150 1396 2215 vel
1424 2152 1673 2233 compensativa

371 2253 422 2312 rei
442 2250 612 2312 absoluta.
655 2250 735 2311 Nam
757 2249 852 2311 licuit
874 2250 974 2323 mibi,
1000 2259 1216 2331 paternum,
1239 2246 1391 2308 absolrsta
1414 2254 1481 2306 cst:
1514 2244 1671 2320 Meruit,

255 2373 256 2392 1
372 2341 514 2404 relativa
544 2353 610 2403 est:
649 2338 798 2431 Profici.
831 2340 1092 2424 compensativa.
1147 2338 1267 2399 Verum
1294 2340 1356 2399 boc
1392 2336 1422 2399 io
1447 2340 1582 2399 themate
1608 2357 1672 2399 non

372 2434 447 2520 quid
474 2435 532 2507 sit,
570 2430 763 2495 considerari
792 2434 914 2497 'sollius
943 2430 1062 2504 voluit:
1094 2432 1150 2495 sed
1177 2429 1298 2491 interim
1322 2428 1441 2493 monuit
1462 2430 1496 2492 id
1523 2430 1668 2511 percipit

255 2529 256 2594 ἶ
371 2540 465 2610 atque
486 2527 549 2589 boc
570 2525 746 2607 exersrptnm
773 2524 844 2590 ideo
871 2525 970 2600 dedit,
1006 2536 1040 2587 ut
1059 2524 1150 2589 linem
1174 2534 1292 2586 tanuun
1317 2524 1567 2587 consideremus:
1599 2522 1715 2606 quicto

371 2640 453 2681 nssnc
473 2628 608 2699 propter
632 2617 723 2680 finem
743 2618 868 2682 subiicit
892 2618 1081 2700 exemptum.
1139 2616 1299 2698 Praecipit
1328 2628 1429 2679 autem
1450 2615 1481 2677 in
1505 2615 1588 2679 omni
1611 2620 1673 2679 boc

371 2711 456 2775 libro
488 2708 770 2773 considerationem
798 2712 1002 2776 adhibendam
1027 2732 1096 2773 esse
1127 2709 1210 2772 circa
1239 2729 1346 2772 ornnes
1372 2708 1608 2772 constitutiones
1643 2719 1674 2772 et

255 2793 256 2820 ³
372 2825 477 2867 earum
500 2816 609 2884 partes
636 2813 667 2864 et
685 2804 938 2879 controversias,
969 2803 999 2866 id
1024 2814 1089 2879 est,
1113 2802 1230 2885 legales
1252 2800 1464 2886 quaestiones.
1508 2800 1672 2882 Perceptis

373 2895 517 2961 omnibus
537 2896 568 2958 in
588 2898 672 2960 omni
697 2916 807 2973 cansa,
831 2897 863 2960 in
886 2896 1025 2981 qualibet
1047 2895 1174 2958 materia
1198 2893 1323 2971 omnia,
1344 2914 1425 2978 quae
1445 2892 1572 2956 inventa
1600 2894 1673 2955 sue·

371 2985 455 3062 rint,
494 3009 610 3073 genera
639 2988 852 3069 quaestionum
881 3000 1015 3071 possunt
1037 2988 1185 3062 tractari,
1216 2982 1714 3069 s11nptismaepsrtisprae-2⁵

372 3081 484 3162 ceptis:
506 3090 542 3142 ut
560 3102 655 3165 quum
675 3080 705 3143 in
726 3082 861 3144 themate
881 3083 1076 3145 coniectura
1088 3081 1203 3154 iuerit,
1227 3078 1293 3142 eius
1308 3076 1510 3141 divisionibus
1528 3090 1670 3141 utamur:

255 3221 256 3238 1
372 3174 509 3257 itemque
531 3185 562 3237 et
580 3172 709 3236 atterius
733 3175 781 3237 vel
801 3174 949 3249 aliarum,
971 3174 999 3237 si
1020 3194 1101 3263 quae
1119 3172 1282 3237 inciderint
1296 3170 1547 3237 constitutiones.
1590 3172 1672 3243 Sub·

255 3307 256 3312 1
373 3266 473 3351 iungit
493 3266 593 3348 igitur
613 3267 642 3329 in
665 3267 842 3331 delinitione
862 3267 981 3331 iocosa
1003 3277 1093 3348 parte
1110 3264 1314 3329 accusatoris.
1360 3264 1438 3327 Sunt
1460 3276 1561 3326 autem
1581 3273 1673 3347 quat-

373 3372 466 3435 tuor,
490 3359 650 3434 definitio,
679 3360 870 3442 approbatio
891 3358 1098 3433 delinitionis,
1130 3358 1277 3422 deductio
1304 3357 1492 3431 definitionis
1515 3357 1545 3419 in
1573 3356 1671 3438 ipsam

373 3465 489 3517 certam
509 3452 663 3532 speciem.
686 3455 724 3515 de
745 3473 806 3537 qua
829 3452 950 3537 agitur,
974 3451 1144 3515 destructio
1166 3450 1353 3517 definitionis
1376 3454 1525 3515 adversae
1547 3448 1644 3531 partis
1660 3492 1669 3523 ,
1683 3450 1714 3502 ³⁰

373 3566 452 3629 qum
473 3555 598 3609 constat
619 3566 659 3608 ex
681 3542 759 3609 lo'eis
782 3555 951 3630 quattuor:
987 3546 1016 3608 si
1045 3548 1277 3609 demonstretur
1304 3544 1401 3619 falsa,
1435 3544 1461 3607 si
1492 3542 1610 3625 turpis,
1647 3542 1673 3605 si
1726 3592 1731 3607 .

373 3637 506 3713 inutilis,
537 3638 564 3700 si
586 3638 715 3701 collatio
735 3639 896 3721 utrumque
915 3637 1104 3703 definitionis
1124 3638 1190 3702 fiat.
1234 3639 1325 3702 Falsa
1349 3637 1614 3701 demonstrabitur
1633 3656 1672 3697 ex

302 3777 307 3793 .
375 3730 523 3812 opinione
540 3731 717 3807 boninum,
754 3732 782 3794 si
802 3729 982 3796 docebimus
1005 3734 1044 3793 de
1065 3752 1124 3807 eo,
1162 3734 1243 3795 unde
1266 3731 1446 3815 quaeritur,
1471 3730 1672 3814 quemadmo-

375 3826 445 3886 dum
469 3822 610 3888 acstimet
631 3824 785 3907 populus,
809 3825 1068 3908 quemadmodum
1083 3823 1114 3887 in
1137 3824 1359 3888 consuetudine
1380 3822 1547 3885 locutionis
1569 3829 1674 3883 utatur

465 4048 492 4105 5.
510 4041 655 4114 defensori
671 4046 734 4112 ruo]
758 4048 797 4100 bn
815 4043 843 4097 d.
861 4042 938 4099 soli?
957 4043 1011 4098 Οι.

447 4120 492 4176 16.
510 4119 645 4187 relativa]
664 4119 737 4173 ntis·
759 4116 862 4173 dieitur
880 4120 996 4184 retacta,
1022 4134 1104 4190 mam
1125 4118 1230 4173 Tullius
1250 4117 1299 4173 tu.
1319 4118 1343 4175 1.
1367 4116 1407 4171 sic
1430 4114 1541 4170 definit:
1572 4114 1673 4167 relatio

255 4219 256 4272 ι
373 4196 497 4247 criminis
514 4201 573 4259 ert,
591 4211 672 4264 quum
688 4193 751 4246 meo
768 4198 828 4244 iare
845 4190 957 4260 factum
980 4192 1098 4262 dicum,
1119 4192 1192 4267 quod
1209 4194 1281 4247 nlius
1299 4200 1364 4245 ante
1381 4197 1487 4283 inferia
1506 4194 1670 4263 lacessierit.

378 4268 475 4323 onec:
493 4283 591 4320 vocant
610 4266 813 4345 ἁνιέγκλημα.
832 4269 916 4323 Cass.

449 4340 521 4395 lbtd.
538 4346 758 4412 compensativa]
791 4344 815 4396 Δ
834 4344 947 4398 Graecis
967 4358 1080 4396 vocatur
1098 4340 1275 4406 ἀντίστασις
1302 4356 1329 4395 ιι
1349 4356 1364 4401 ι,
1389 4336 1550 4411 quibusdam
1569 4342 1673 4393 Latinis

375 4422 554 4487 conparatio.
579 4418 647 4469 Eam
656 4416 763 4473 tntum
774 4415 876 4471 tbtdem
892 4422 933 4471 ste
949 4416 1096 4472 describit:
1115 4420 1288 4485 comparatio
1306 4424 1363 4481 est,
1375 4434 1456 4487 qenins
1468 4414 1546 4467 aliud
1561 4412 1676 4485 aliquod

375 4494 492 4545 doura
501 4490 619 4563 foetum
636 4500 740 4545 rectam
759 4500 809 4543 cut
827 4494 895 4545 urus
914 4493 1104 4559 ιοιιιιιιδίιιιι,
1123 4490 1196 4565 qnod
1215 4498 1247 4543 nt
1265 4488 1367 4564 fieret,
1384 4490 1461 4556 ιἸΙιιιΙ,
1482 4490 1554 4562 quod
1571 4493 1674 4559 argui-

376 4573 440 4633 rur,
458 4567 563 4619 marso
581 4583 641 4618 esse
658 4572 839 4620 commissum.
858 4569 945 4623 Cara.

449 4645 495 4698 17.
512 4641 651 4711 ιὸιοὶιιιι]
682 4641 756 4695 dtis:
775 4657 874 4695 vocant
892 4658 994 4696 sestam
1013 4636 1156 4715 qualitatis
1178 4638 1339 4694 absolutum
1360 4640 1401 4692 vei
1421 4642 1503 4693 etism
1518 4632 1674 4693 'absolutae

376 4712 474 4768 oneo
498 4733 563 4769 vero
591 4714 767 4786 ἀντίληψιν.
813 4718 845 4771 ln
864 4734 897 4769 eo
915 4722 1005 4791 postca
1024 4733 1083 4785 ιιι,
1113 4732 1144 4773 ιιι
1168 4714 1240 4791 qnod
1266 4720 1328 4789 qnts
1346 4714 1441 4777 iecisse
1460 4732 1490 4769 se
1510 4712 1673 4780 confitetur,

378 4786 405 4843 id
423 4794 481 4843 ture
501 4806 517 4843 ι
537 4808 565 4843 ιι
583 4786 689 4844 horum
708 4791 793 4845 tuisse
812 4792 968 4847 contendat.
987 4792 1071 4848 Βιιι.

450 4868 495 4922 19.
512 4894 550 4909 -
564 4870 690 4937 praecipi
709 4864 778 4921 eod.
798 4868 861 4921 Βιι.

448 4941 494 4995 26.
512 4954 548 4993 se
567 4938 704 4993 divisim
722 4942 792 4995 cod.
811 4943 873 4995 Βιι.

449 5018 494 5068 27.
512 5014 643 5083 alterius]
664 5016 777 5089 suppio,
795 5020 1019 5084 constitutioni-r,
1038 5022 1094 5071 sive
1113 5024 1212 5071 statur.
1232 5016 1314 5071 Cirr.

448 5090 496 5145 bo.
513 5088 667 5142 destructo
686 5088 872 5165 definitionis]
903 5091 1103 5171 ἀνθορισμον
1128 5108 1207 5149 vocat
1232 5094 1415 5165 Hermogenes
1444 5096 1472 5148 tn
1491 5088 1622 5166 opusculo
1640 5087 1674 5145 de

379 5169 500 5217 ιιιιιιιιιι
518 5162 661 5219 brittone.
678 5166 766 5225 Cera.
