4434 5959
969 622 1062 685 Lttt.
1085 620 1133 685 ll.
1637 616 1698 682 309

382 760 446 823 tius
468 763 528 823 hac
549 760 762 825 taciturnitate
785 780 837 824 eas
857 761 979 835 issnxit,
1004 782 1137 843 quarum
1159 782 1278 825 annnsts
1299 773 1347 823 est
1369 782 1457 825 essars.
1517 762 1579 822 Sed
1601 760 1699 822 solvit

381 857 594 918 obtectionem
631 856 691 917 ita:
741 855 896 945 beqstitas
942 858 1070 935 paribus
1116 856 1149 917 in
1190 859 1290 918 rebus
1334 856 1423 937 paria
1471 854 1538 917 iura
1576 854 1699 917 deside·

326 988 333 997 -
383 962 445 1010 rat.
491 950 606 1034 ltaque
628 950 776 1033 quoniam
799 972 899 1032 aeque
918 950 1033 1013 fundus
1055 961 1150 1032 atque
1171 952 1264 1011 aedes
1290 950 1466 1012 irumobiles
1485 960 1575 1022 stant,
1600 968 1700 1031 aeque

381 1043 512 1106 biennio
536 1044 776 1124 ussmapientnr.
833 1044 967 1107 Factum
990 1055 1038 1105 est
1067 1044 1166 1124 igitur
1191 1047 1242 1106 bic
1263 1065 1394 1128 quoque
1416 1054 1637 1125 argumentum
1661 1045 1700 1103 ab

382 1158 444 1210 eo,
468 1140 555 1221 qtrod
576 1140 607 1199 in
630 1137 700 1219 ipso
719 1148 786 1211 cst,
820 1140 945 1219 dequo
968 1138 1090 1221 agitur,
1120 1137 1240 1211 idest,
1272 1143 1311 1201 ab
1332 1139 1465 1209 affecto,
1489 1136 1573 1217 pari.
1619 1133 1725 1199 Nasn⁵

383 1252 480 1315 quum
500 1240 613 1315 agatur
633 1230 671 1291 de
693 1230 813 1293 aedium
834 1231 1054 1313 possessione,
1079 1244 1299 1313 argumentum
1321 1242 1477 1311 atrsrsptum
1495 1243 1540 1291 cst
1564 1233 1604 1291 ab
1627 1251 1701 1291 rasta·

382 1323 517 1404 capione
542 1322 727 1385 fundorum.
788 1322 956 1404 Expeditis
982 1324 1081 1407 igitur
1107 1323 1145 1386 iis
1167 1324 1264 1398 locis,
1300 1324 1410 1407 quiin
1442 1322 1533 1403 ipso,
1569 1325 1607 1383 de
1635 1342 1701 1403 qno

383 1419 509 1501 agitur,
545 1417 769 1489 inhaerebant,
806 1438 887 1480 nttnc
909 1417 968 1479 iam
990 1418 1049 1481 loci
1068 1418 1153 1489 eius,
1179 1439 1270 1502 quem
1293 1417 1372 1479 dixit
1390 1438 1461 1479 esse
1483 1414 1698 1487 extrinsecus,

383 1514 474 1593 ponit
504 1512 699 1592 exemplum.
755 1510 820 1574 Hic
845 1531 945 1583 vero,
984 1511 1038 1594 qui
1058 1512 1192 1575 sumitur
1218 1513 1259 1573 ab
1289 1511 1475 1572 asrctnritate
1497 1509 1621 1582 iudicii,
1655 1520 1703 1569 est

383 1606 474 1667 locus
500 1603 590 1665 valde
613 1604 806 1684 probabilis,
837 1603 974 1666 etiamsi
998 1624 1060 1667 uon
1086 1604 1238 1667 maxinme
1259 1603 1466 1675 necessitatis.
1511 1604 1601 1681 Quae
1621 1602 1701 1663 enim
1716 1608 1745 1655 ¹⁰

385 1696 563 1761 neccssaria
593 1707 685 1773 sunt,
720 1698 799 1760 baec
831 1718 872 1758 ex
900 1698 1032 1777 propria
1060 1698 1303 1761 considerantur
1325 1708 1450 1759 natura.
1506 1697 1597 1775 Quae
1624 1716 1701 1757 vero

385 1789 566 1873 probabilia
600 1801 690 1863 suut,
729 1789 937 1872 plurimorum
968 1790 1113 1854 indicium
1144 1801 1342 1872 exspectant.
1400 1793 1447 1853 Ea
1471 1810 1603 1871 crassaque
1629 1800 1703 1851 srtnt

385 1883 589 1968 probabilia,
619 1902 700 1965 quae
722 1882 866 1945 ridentur
890 1883 939 1945 rel
967 1884 1113 1947 omnibus
1137 1884 1185 1946 rel
1206 1885 1350 1965 pluribus
1374 1883 1422 1945 rel
1447 1884 1578 1944 masinae
1602 1882 1703 1943 lamo·

385 1978 429 2040 sis
454 1988 549 2058 atque
573 1975 749 2057 praecipuis
774 1976 822 2039 vel
846 1978 1017 2040 secundum
1049 1999 1141 2039 sanam
1167 1999 1324 2061 quamque
1356 1988 1455 2040 artem
1479 1975 1703 2055 scientiamque

386 2072 535 2142 cruditis;
566 2080 599 2131 ut
622 2069 743 2131 medico
765 2068 795 2131 in
819 2070 993 2142 medicina,
1025 2082 1209 2153 geometrae
1231 2070 1264 2132 in
1287 2070 1485 2153 geosssctria,
1525 2068 1748 2147 ceterisquets

385 2164 417 2228 in
439 2162 574 2245 propria
595 2162 771 2227 studiorum
793 2162 944 2248 facultate
968 2162 1114 2227 versatis.
1172 2163 1223 2226 De
1241 2184 1307 2245 quo
1336 2165 1532 2226 extrinsecus
1555 2163 1629 2225 luco
1658 2166 1704 2223 sic

388 2257 551 2342 loquitur:

471 2348 569 2433 (Cap.
594 2350 625 2411 l.
648 2355 679 2426 §.
703 2349 770 2429 tt.)
812 2353 909 2434 Quae
922 2361 1038 2414 nauem
1057 2362 1281 2414 assumuntur
1301 2380 1344 2395 -
1365 2382 1405 2395 -
1426 2350 1516 2413 artis
1529 2360 1703 2433 expertes.

472 2444 544 2507 Alia
568 2442 686 2527 quippe
707 2456 892 2527 argumenta
915 2454 1007 2518 sunt,
1043 2464 1126 2527 quae
1146 2442 1216 2525 ipse
1244 2444 1329 2506 elicit
1364 2456 1475 2506 orator
1508 2456 1603 2529 atque
1636 2443 1705 2523 ipse

386 2538 623 2625 quodammodo
652 2556 692 2598 ex
725 2534 899 2619 designatis
931 2536 1009 2599 locis
1042 2536 1101 2599 sibi
1131 2546 1294 2618 comparat
1327 2547 1359 2598 et
1389 2536 1522 2618 propria
1555 2536 1749 2622 facultatem

387 2630 565 2713 conquirit3
588 2628 671 2703 alia,
695 2650 774 2711 quae
793 2629 992 2693 extrinsecus
1014 2630 1118 2711 posita
1141 2651 1206 2694 non
1228 2631 1298 2712 ipse
1315 2628 1455 2704 invenit,
1479 2635 1535 2694 sed
1555 2652 1706 2712 praesen·

388 2728 473 2788 tibus
495 2724 594 2787 utitur
612 2734 643 2785 et
665 2722 803 2803 paratis,
830 2722 929 2786 veluti
947 2724 1149 2801 testimonia,
1173 2724 1322 2797 tabulae,
1345 2725 1428 2786 sarna
1448 2737 1642 2807 ceteraque,
1667 2725 1706 2783 de

388 2819 504 2905 quibus
526 2818 579 2881 M.
601 2816 725 2879 Tullius
748 2815 840 2879 latius
863 2827 1058 2879 tractaturus
1080 2828 1140 2879 est.
1192 2819 1267 2881 Non
1289 2817 1368 2879 enim
1390 2816 1450 2880 sibi
1472 2818 1540 2897 ipse
1564 2818 1707 2879 testimo-

388 2912 439 2975 nia
459 2921 550 2994 parat
572 2920 702 2985 orator,
735 2911 790 2973 sed
811 2910 929 2989 paratis
949 2910 1067 2985 utitur,
1100 2932 1159 2973 nec
1179 2911 1248 2993 ipsc
1270 2910 1415 2974 iudicium
1445 2911 1545 2986 lacit,
1569 2911 1625 2973 sed
1643 2908 1730 2970 iam'

387 3005 496 3087 posito
519 3026 556 3066 ac
576 3014 753 3085 spontaneo
777 3024 906 3068 rumore
927 3002 1073 3067 veniente
1097 3005 1196 3066 utitur
1214 3006 1255 3065 ad
1274 3024 1411 3066 causans.
1455 3006 1564 3088 Atque
1585 3001 1750 3065 idcir-coss

389 3101 450 3163 laos
470 3098 562 3161 locos
585 3097 702 3161 Graeci
721 3094 875 3182 ἀτέχνους
894 3108 1028 3171 vocant,
1053 3096 1168 3171 idest,
1198 3095 1430 3170 inartificiales,
1461 3108 1557 3180 atque
1572 3108 1606 3156 nt
1626 3094 1706 3156 Tul·

388 3193 450 3257 lius
475 3192 571 3267 distr,
606 3192 683 3254 artis
707 3202 868 3273 expertes.
924 3192 1015 3271 Quae
1040 3191 1123 3252 enim
1150 3209 1214 3252 non
1237 3188 1372 3272 proprio
1402 3188 1542 3252 oratoris
1570 3185 1706 3250 artilicio

389 3297 634 3367 comparantur,
672 3288 726 3348 sed
749 3307 783 3348 se
816 3283 1015 3347 extrinsecus
1043 3282 1200 3345 venientia
1235 3282 1491 3358 subministrant,
1528 3283 1609 3344 baec
1638 3278 1708 3341 iure

388 3378 465 3444 artis
487 3378 629 3460 expertia
656 3378 810 3461 appellata
833 3390 919 3441 sunt.
963 3376 1066 3439 Huius
1088 3376 1267 3457 exemplum
1290 3389 1360 3439 est:
1562 3386 1565 3390 '

472 3472 570 3555 (Cap.
594 3475 626 3535 It.
651 3474 682 3547 §.
706 3472 774 3549 ll.)
823 3473 866 3535 Ut
888 3470 919 3533 εἰ
938 3470 991 3533 ita
1010 3468 1220 3550 respondeas
1250 3504 1283 3517 -
1304 3500 1346 3513 -
1367 3468 1406 3533 id
1424 3468 1487 3533 tt'bt’
1507 3468 1565 3533 t'eaa
1589 3466 1706 3530 videri.
1719 3477 1751 3525 tt

478 3565 588 3631 Solum
616 3565 751 3627 ambitus
772 3564 892 3627 aedium
916 3574 978 3638 est,
1009 3573 1159 3646 quantum
1186 3562 1248 3625 scli
1273 3562 1395 3627 aedium
1419 3564 1553 3627 ambitus
1574 3558 1705 3623 claudit.

389 3659 546 3723 Scaevola
560 3659 656 3743 igitur
674 3659 752 3721 dixit
769 3658 800 3721 id
818 3680 887 3723 esse
903 3657 1038 3721 ambitus
1057 3655 1178 3719 aedisun
1194 3658 1317 3732 sobam,
1342 3659 1431 3741 quod
1453 3656 1526 3719 tecti
1540 3655 1707 3717 diffusione

388 3762 569 3835 tegeretur.
620 3752 825 3815 Manifestum
856 3762 903 3814 est
932 3749 1014 3813 enim
1049 3761 1132 3813 tecta
1162 3750 1253 3812 latitas
1283 3750 1392 3823 lundi,
1435 3772 1494 3812 nec
1533 3747 1707 3829 parietibus

390 3844 577 3929 adaequari,
613 3856 646 3908 ut
677 3844 866 3909 stillicidium
892 3844 1016 3928 longius
1038 3846 1142 3906 cadat.
1187 3844 1279 3924 Qtsae
1294 3864 1390 3928 quum
1410 3843 1452 3905 ita
1477 3844 1557 3916 sint,
1581 3841 1707 3923 quidam

389 3940 543 4023 parietem
574 3960 770 4003 ccmnnmcm
793 3952 903 4019 tegere
932 3936 1102 4000 nitebatur.
1148 3937 1339 4017 Quaeritur,
1371 3958 1410 3999 an
1440 3937 1479 3998 sit
1508 3936 1638 4018 aliquod
1660 3934 1751 3995 insta

391 4032 533 4115 tegendi.
591 4033 799 4113 Respondeas
822 4044 875 4107 tn,
900 4031 1001 4114 inquit
1019 4028 1157 4102 Cicero,
1183 4030 1334 4103 'l'rclaati‚
1358 4030 1390 4090 id
1411 4029 1459 4090 ius
1489 4050 1560 4091 esse
1582 4026 1708 4109 tegendi

390 4126 523 4209 parietis
545 4124 739 4200 rornmunis,
775 4137 807 4188 ut
830 4124 861 4187 in
889 4124 975 4199 eius,
999 4126 1052 4205 qui
1075 4126 1173 4201 tegit,
1204 4126 1286 4187 alisnl
1311 4124 1474 4207 quodlibet
1497 4134 1614 4183 tectum
1640 4117 1708 4179 stil-

390 4220 487 4283 licidii
510 4241 590 4304 aqua
624 4219 791 4293 landatur3
820 4220 895 4283 alitis
918 4239 979 4281 non
1003 4240 1072 4282 esse
1094 4218 1192 4293 ituris,
1218 4231 1251 4281 nt
1275 4228 1363 4298 tegat
1378 4217 1448 4299 quis
1466 4216 1616 4297 parictem
1640 4211 1708 4273 stil-

391 4312 498 4377 liridio
512 4314 547 4375 in
572 4312 665 4377 vicini
687 4326 768 4377 tccts
792 4314 960 4377 dellueutc.
1003 4314 1092 4375 Haec
1113 4313 1193 4374 enim
1216 4310 1366 4375 stillicidii
1388 4310 1528 4373 servitus
1545 4328 1636 4371 nora.
1651 4306 1709 4367 nisi

390 4404 610 4470 consentiente
636 4406 740 4470 ricino
762 4406 837 4469 nibil
859 4404 935 4468 iuris
955 4406 1065 4469 habet.
1111 4407 1173 4468 Sed
1194 4404 1219 4466 si
1241 4405 1314 4470 huic
1333 4424 1490 4484 responso
1510 4413 1706 4483 opponatur,
1720 4413 1751 4459 tt

392 4522 430 4563 ne
453 4500 644 4584 sicquidem
669 4512 700 4562 ut
725 4512 809 4584 tegat
834 4520 903 4563 esse
926 4501 1019 4572 iuris,
1059 4502 1185 4581 qnando
1207 4498 1332 4582 quidem
1361 4497 1482 4560 aeditma
1514 4496 1725 4558 soluentem·

389 4604 541 4669 tumeat,
575 4606 724 4678 qnantum
748 4594 900 4678 cuiusque
923 4594 1059 4674 parietes
1082 4594 1248 4666 claudunt,
1283 4591 1335 4674 qui
1360 4614 1438 4655 vero
1462 4590 1565 4672 tegit,
1590 4602 1707 4654 tectum

389 4686 518 4769 longius
540 4686 652 4749 mittit:
686 4698 737 4760 tu,
768 4686 885 4767 iuquit,
919 4707 1108 4767 responsum
1132 4698 1218 4747 testam
1243 4686 1420 4750 Scaevolae
1443 4682 1631 4747 animositate
1653 4684 1708 4744 lir-

391 4780 489 4841 mabis
509 4780 614 4843 diceus
634 4780 820 4843 Scaevolam
841 4778 1062 4861 respondisse,
1100 4781 1164 4843 boc
1185 4800 1254 4842 esse
1277 4780 1380 4843 solnm
1401 4778 1536 4839 ambitus
1563 4776 1704 4849 aedium,

396 4898 501 4914 -

465 4960 491 5011 2.
511 4960 571 5005 lta:
590 4956 661 5023 aeq]
683 4954 760 5007 llint.
784 4980 814 4994 -
836 4958 880 5005 ita
905 4952 1026 5017 scilicet,
1056 4970 1115 5019 aeq.
1142 4951 1209 5004 Veo.
1230 4951 1317 5004 Parit.
1337 4979 1374 4993 -
1392 4956 1453 5015 ita,
1483 4948 1535 5000 red
1551 4968 1611 5017 aeq.
1631 4950 1708 5003 Basa.

391 5030 438 5087 31.
457 5038 589 5101 qamrunm
618 5029 706 5079 sobam
734 5026 798 5081 aed.
826 5028 896 5081 alter
925 5026 988 5079 cod.
1018 5026 1099 5100 Sang.
1139 5032 1185 5085 57.
1206 5032 1296 5093 ειμι,
1325 5026 1416 5094 altaadj
1444 5028 1510 5077 Etns
1539 5042 1602 5075 cum
1622 5024 1710 5075 altero

391 5102 454 5157 cod.
475 5106 555 5177 Sang.
576 5133 611 5146 ·-
632 5112 730 5172 tegat,
750 5102 830 5155 nliatd
848 5104 913 5156 Ven.
936 5103 1022 5155 Parit.
1043 5129 1078 5145 -
1098 5108 1191 5171 tegit,
1210 5118 1267 5153 aton
1279 5100 1358 5153 aaut
1375 5102 1452 5155 Basa.
1476 5130 1505 5141 -
1528 5104 1620 5169 tegit,
1653 5116 1711 5155 trote

391 5183 422 5231 s'rs
440 5178 519 5233 allud
538 5178 606 5233 alter
627 5179 689 5233 cod.
711 5178 794 5252 sang.
832 5182 879 5240 ab.
897 5194 970 5249 resp.
989 5174 1070 5230 tantm
1087 5194 1147 5230 esse
1165 5176 1242 5231 Eine.
1261 5190 1290 5231 et
1309 5178 1379 5231 alter
1397 5174 1461 5231 cod.
1480 5172 1561 5247 Scap.
