4434 5959
565 566 628 632 eu
893 547 901 562 “
1100 561 1336 628 uouemus

564 705 723 773 facultatis
745 717 810 782 est,
839 704 923 781 sacta
945 703 1169 788 probantibus.
1213 704 1296 770 Nam
1324 715 1357 768 et
1382 725 1477 788 quum
1498 724 1551 769 res
1572 702 1734 790 quaelibet
1754 706 1879 790 quaeri·

565 812 636 877 tur,
671 798 738 864 eius
760 819 873 862 caune
892 819 912 862 a
934 795 1137 882 pbilosophis
1162 796 1315 883 vestigari
1334 799 1458 875 solent,
1488 797 1602 883 quibus
1623 794 1822 881 praemissis,
1847 807 1881 860 ιιι

564 893 711 976 nuperius
725 892 840 956 dictum
863 903 929 970 est,
952 891 1121 983 courita‘tur
1139 892 1262 967 statim,
1286 894 1374 976 quod
1394 887 1642 958 concludendum
1657 902 1724 967 este
1747 903 1781 954 et
1806 913 1881 958 ora·

566 1001 654 1054 tores
674 989 715 1052 sd
731 986 943 1071 suspicionem
964 989 1150 1054 movendam
1176 989 1439 1073 detergendamve
1460 985 1618 1062 laetorum
1639 1005 1751 1052 causas
1772 982 1881 1072 requi·

539 1094 653 1147 arunt.
706 1083 783 1147 Hoc
811 1080 929 1165 quippe
957 1081 1070 1147 stabile
1100 1080 1134 1147 in
1154 1081 1314 1148 hominum
1335 1079 1490 1146 mentibus
1509 1091 1630 1157 manet,
1669 1081 1757 1166 quod
1778 1099 1881 1164 aeque

564 1178 683 1244 lacuum
711 1197 813 1260 neque
841 1196 894 1239 res
927 1177 991 1239 ulls
1018 1187 1148 1259 praeter
1178 1175 1263 1239 illam
1292 1173 1432 1242 omnium
1453 1172 1628 1256 principem
1648 1186 1794 1238 naturam
1815 1171 1881 1236 sine

567 1269 710 1355 propriis
731 1269 832 1334 causis
853 1271 956 1353 possit
976 1271 1141 1335 exsistere.
1186 1271 1261 1352 Quo
1285 1271 1344 1346 fir,
1365 1281 1402 1334 ιιι
1422 1267 1600 1333 uberrimus
1623 1288 1792 1332 causarum
1807 1288 1881 1332 usus

567 1363 662 1430 sitin
687 1365 853 1428 rhetorum
876 1363 1074 1429 orationibus
1094 1365 1424 1448 philosophorumque
1443 1374 1592 1428 tractatu.
1646 1363 1712 1430 Sed
1740 1373 1773 1426 nt
1797 1363 1882 1426 hune

566 1459 707 1524 libellum
730 1460 784 1523 M.
807 1458 934 1522 Tullius
951 1462 1093 1523 scribens
1107 1461 1261 1544 pleraque
1284 1457 1389 1524 omnia
1411 1456 1566 1522 Trebatio
1584 1455 1707 1522 dedisse
1722 1455 1879 1531 rideatur,

523 1557 649 1629 rubunc
676 1556 783 1617 locum
802 1551 880 1616 iuris
901 1575 1031 1639 quoque
1060 1553 1211 1618 consultis
1236 1551 1419 1616 attributum
1441 1572 1510 1616 esse
1538 1553 1736 1616 demonstret
1755 1549 1879 1614 dicens:

564 1647 638 1712 Etsi
659 1669 723 1711 uon
744 1658 806 1710 tam
827 1647 943 1710 uberes
965 1647 1219 1729 opportunitates
1241 1647 1355 1710 habeat
1374 1644 1425 1709 hic
1441 1645 1531 1710 locus
1552 1643 1585 1709 in
1604 1643 1682 1710 ira-is
1703 1643 1880 1727 peritorum

563 1738 845 1824 responsionibus,
882 1740 1027 1804 subtilius
1055 1752 1142 1805 certe
1167 1754 1262 1826 atque
1289 1740 1410 1804 acutius
1442 1761 1504 1824 pro
1517 1793 1518 1798 1
1533 1739 1631 1824 ipsius
1663 1737 1740 1803 artis
1766 1748 1881 1802 natura

564 1833 693 1898 tractari
713 1844 836 1917 potest,
859 1833 980 1897 scilicet
1001 1835 1197 1914 ubertatem,
1219 1855 1300 1920 quae
1321 1835 1446 1912 deerat,
1470 1833 1663 1910 subtilitate,
1688 1851 1770 1916 quae
1788 1841 1883 1914 pote·

564 1941 615 1993 rat
635 1927 757 2004 inesse,
794 1947 1016 2009 compensans.
1071 1929 1203 1994 Habent
1223 1929 1304 1993 euim
1326 1931 1420 1993 etiam
1441 1927 1503 2012 ipsi
1526 1927 1695 2011 proprium
1717 1945 1880 2008 eampum,

521 2023 598 2090 stin
618 2043 684 2106 quo
701 2042 812 2086 eorum
835 2020 936 2085 virtus
957 2021 1060 2106 possit
1087 2021 1221 2088 enitere.
1275 2023 1336 2088 Est
1358 2021 1439 2086 enim
1463 2020 1543 2086 iuris
1569 2021 1791 2087 consultorum
1807 2039 1883 2102 pre·

565 2114 688 2180 vinciae
712 2112 908 2197 privatarum
930 2115 1074 2199 quaestio
1097 2138 1282 2194 causarum,
1318 2115 1515 2201 maximeque
1532 2117 1563 2182 in
1583 2115 1647 2180 illis
1667 2111 1809 2198 negotiis
1834 2111 1884 2176 bic

563 2228 730 2272 causarum
758 2207 848 2272 locus
870 2208 1120 2287 examinabitur,
1141 2209 1175 2275 ln
1198 2211 1313 2296 quibus
1333 2213 1436 2276 bonae
1456 2209 1530 2275 fidei
1556 2208 1670 2276 iudicia
1699 2217 1883 2272 nectuntur.

563 2303 603 2366 Iu
624 2300 675 2366 his
694 2301 796 2379 enim,
833 2302 887 2388 qui
907 2302 1004 2367 fuerit
1030 2302 1150 2368 animus
1169 2305 1442 2380 contrahentium,
1476 2304 1588 2391 quaeri
1611 2303 1713 2370 solata
1750 2299 1810 2386 qui
1831 2302 1884 2364 de·

564 2397 718 2479 prehendi
739 2397 794 2460 rix
823 2396 960 2481 poterit,
997 2396 1059 2461 nisi
1086 2398 1346 2479 praecedentibus
1378 2397 1480 2464 causis
1502 2396 1710 2482 intelligatur.
1769 2395 1812 2458 ln
1835 2392 1882 2458 bis

518 2489 663 2575 anigitur
682 2488 823 2568 iudiciis,
862 2488 1030 2576 inquibus
1053 2489 1198 2566 additur,
1232 2502 1267 2556 ut
1287 2515 1333 2556 aa
1353 2515 1440 2558 noua
1462 2515 1538 2556 rme
1560 2490 1716 2565 iudicent,
1751 2485 1786 2554 id
1815 2499 1880 2563 est,

564 2583 620 2648 uhi
640 2583 684 2648 ita
706 2582 825 2649 indices
847 2589 978 2662 dentur,
1001 2595 1038 2648 ut
1060 2605 1126 2649 non
1147 2584 1274 2649 strictas
1289 2585 1370 2650 iuter
1388 2585 1547 2672 litigantes
1562 2583 1785 2669 stipulationes
1794 2581 1884 2660 „se'd

563 2679 681 2742 bonam
702 2678 795 2742 fidem
814 2690 988 2763 quaerant,
1010 2679 1164 2761 plurimus
1187 2699 1353 2744 musarum
1372 2701 1449 2745 usus
1468 2691 1528 2746 est.
1572 2679 1712 2768 Additur
1725 2697 1883 2742 uraurea

565 2792 670 2837 nouos
691 2795 776 2836 saue
798 2793 899 2838 anser
922 2771 1121 2856 [ororresz
1145 2771 1384 2838 considerautur
1403 2793 1526 2850 mores,
1550 2771 1753 2858 inquiruntur
1777 2771 1884 2836 consi·

424 2885 436 2910 ·
565 2865 630 2941 lise
653 2867 825 2946 statuitur,
848 2861 964 2954 quibus
986 2865 1125 2953 quidque
1146 2867 1186 2931 de
1201 2867 1309 2932 causis
1331 2867 1580 2934 administratum
1599 2865 1655 2932 sit.
1699 2867 1738 2930 ln
1756 2866 1882 2950 primis-

521 2975 628 3044 etque
648 2957 681 3024 iu
708 2959 823 3028 iudicio
851 2961 983 3027 uxoriae
1007 2960 1054 3025 rei
1075 2959 1253 3025 uberrimus
1279 2981 1444 3025 causarum
1467 2972 1618 3027 tractatus
1641 2971 1704 3026 est.
1747 2962 1810 3028 Est
1829 2983 1884 3026 au·

564 3065 626 3118 tem
648 3054 795 3120 iudicium
821 3056 955 3121 uxoriae
975 3054 1041 3132 rei,
1079 3055 1227 3141 quotiens
1252 3067 1328 3137 post
1355 3053 1528 3120 divortium
1558 3057 1597 3120 de
1622 3056 1698 3122 dote
1719 3052 1882 3122 contentio

565 3158 626 3211 est.
670 3147 741 3213 Dos
763 3151 844 3214 enim
865 3150 939 3215 licet
964 3147 1167 3214 matrimonio
1192 3159 1357 3214 constante
1377 3148 1408 3212 in
1430 3147 1524 3214 bonis
1540 3147 1602 3214 viri
1623 3149 1686 3225 sit,
1709 3160 1883 3214 esttamen

564 3240 596 3304 in
614 3243 726 3307 uxoris
753 3243 820 3308 iu're
846 3257 976 3328 etpost
1002 3241 1173 3306 disortium
1207 3243 1295 3307 velut
1323 3263 1384 3308 ros.
1403 3241 1518 3309 rixeris
1540 3243 1606 3326 poti
1626 3253 1749 3328 potest.
1794 3243 1881 3324 Quae

565 3334 690 3417 quidem
711 3340 770 3401 dos
788 3336 946 3403 interdum
968 3339 1017 3402 bis
1039 3334 1274 3402 conditionibus
1294 3337 1363 3400 dari
1384 3337 1527 3414 solebat,
1551 3347 1607 3412 ut,
1630 3338 1657 3402 si
1678 3336 1765 3402 inter
1782 3335 1881 3400 virum

522 3451 557 3503 ,ῃ
566 3448 765 3513 uxoremque
794 3431 964 3496 divortium
991 3429 1193 3514 contigisset,
1230 3451 1315 3505 quon
1344 3451 1468 3494 mensus
1489 3453 1626 3507 sequtus
1648 3453 1766 3509 esser,
1800 3433 1881 3514 apud

566 3518 670 3590 virum
689 3537 884 3604 remaneret,
907 3526 1063 3612 reliquum
1082 3523 1165 3589 dotis
1187 3523 1410 3590 restitueretur
1430 3523 1545 3603 uxori,
1569 3524 1601 3590 id
1624 3537 1695 3603 est,
1720 3536 1773 3601 ιιι,
1796 3525 1882 3612 quod

566 3635 609 3678 aa
624 3616 701 3680 dote
719 3613 888 3682 iudicatum
910 3620 1021 3684 luisset
1040 3616 1151 3682 melius
1173 3617 1305 3704 aequius
1325 3639 1419 3695 esse,
1443 3629 1478 3684 ut
1496 3622 1582 3701 apud
1603 3617 1707 3686 sirum
1727 3629 1879 3692 maneret,

564 3706 598 3772 id
617 3708 668 3772 rir
688 3709 749 3774 sihi
768 3711 941 3790 retineret,
975 3715 1062 3797 quod
1082 3731 1165 3776 vero
1193 3733 1256 3778 nou
1281 3723 1363 3776 esset
1383 3710 1494 3776 melius
1515 3711 1646 3799 aequius
1670 3716 1758 3796 apud
1780 3713 1881 3778 siren

566 3824 715 3879 manere,
737 3804 770 3868 id
789 3826 873 3870 naor
892 3816 966 3889 post
983 3806 1156 3870 divortium
1175 3805 1344 3888 reciperet.
1387 3807 1427 3870 In
1449 3825 1515 3892 quo
1533 3805 1650 3872 iudicio
1673 3829 1738 3872 non
1764 3819 1881 3871 tantum

519 3898 642 3963 ttboni
672 3909 783 3963 natura
810 3899 949 3984 spectari
958 3900 1077 3985 ,solet,
1112 3901 1338 3965 verumetiam
1364 3899 1561 3984 comparatio
1588 3903 1749 3967 bonorum
1768 3901 1821 3977 lit,
1850 3913 1882 3964 ut

564 4015 630 4059 non
648 4005 712 4057 tsm
730 3997 817 4077 qnod
842 3997 981 4074 bonnas,
1014 3997 1073 4059 sed
1092 3997 1178 4078 quod
1197 3994 1306 4058 melius
1329 3994 1523 4080 aequiusque
1543 4006 1617 4072 est,
1634 3994 1669 4059 id
1686 3997 1881 4080 sequendum

562 4089 617 4154 sit.
676 4089 767 4170 Quae
789 4089 893 4154 omnia
912 4113 954 4155 ea
975 4089 1237 4172 praecedentibus
1259 4089 1359 4155 caussis
1382 4089 1569 4174 investigari
1585 4089 1702 4156 solent.
1750 4086 1880 4154 llamsi

562 4182 901 4264 ririculpadirortium
913 4184 1108 4258 factumest,
1126 4181 1256 4268 aequius
1265 4182 1374 4246 melius
1390 4182 1522 4246 estnihil
1532 4185 1617 4266 apud
1624 4182 1726 4248 vuum
1735 4203 1877 4258 manem

561 4276 590 4342 si
612 4275 751 4344 mulieris
769 4279 832 4360 [est
852 4277 972 4362 culpa],
997 4276 1129 4364 aequius
1155 4275 1265 4342 melius
1285 4287 1336 4342 est
1357 4288 1484 4341 sextans
1512 4275 1657 4342 retineri.
1708 4276 1749 4340 la
1770 4276 1878 4362 hisque

514 4372 708 4436 taomuibus
730 4369 914 4454 peritissimi
937 4369 1173 4436 iurisconsulti
1197 4390 1267 4434 esse
1292 4371 1420 4435 debent.
1465 4371 1540 4452 Quo
1561 4371 1617 4446 ht,
1639 4382 1674 4434 ut
1693 4371 1878 4438 Trebatiun

562 4485 692 4550 quoque
713 4466 862 4530 hortetur
890 4467 931 4529 sd
961 4462 1110 4528 studium.
1169 4465 1278 4529 Multa
1313 4463 1396 4528 enias
1424 4485 1494 4530 esse
1529 4465 1621 4542 dicit,
1661 4485 1743 4550 quae
1768 4485 1875 4530 eoru!

562 4578 693 4641 operam
709 4569 909 4641 exspectant.
952 4557 1006 4622 Illi
1020 4556 1100 4622 enim
1117 4601 1126 4633 ,
1150 4555 1276 4638 iuquit,
1302 4557 1409 4624 dolum
1423 4559 1556 4637 malum,
1579 4557 1626 4624 illi
1640 4559 1756 4624 ιιοιιιιι
1773 4561 1875 4636 tau.

559 4649 607 4714 illi
628 4672 762 4736 aequum
792 4654 931 4729 bonum,
965 4649 1012 4714 illi
1039 4651 1152 4728 etiam,
1190 4649 1267 4736 quid
1295 4649 1403 4716 socius
1432 4651 1524 4718 socio
1553 4663 1719 4738 proestare
1747 4655 1875 4730 debeat,

635 4904 663 4960 9.
679 4905 813 4972 pleraque
840 4918 899 4954 nors
922 4905 1016 4952 emula
1041 4899 1120 4954 Elns.
1168 4899 1212 4957 16.
1237 4903 1415 4972 procinctae]
1436 4899 1512 4956 Elns.
1532 4917 1560 4956 es
1578 4917 1693 4975 uterque
1713 4901 1778 4960 cod.
1800 4901 1876 4976 Scap.

561 5001 598 5022 ·-
612 4981 762 5048 provinces
791 4977 861 5033 ven.
888 4977 977 5032 Parta.
1003 5003 1042 5019 -
1066 4973 1235 5047 prudentiae
1266 4975 1343 5030 llsss.
1390 4981 1437 5040 25.
1456 4982 1508 5046 apt
1526 4977 1595 5033 llen.
1614 4979 1692 5032 Bsss.
1711 4995 1775 5034 cnm
1788 4977 1877 5032 alters

560 5050 631 5111 Cod.
652 5053 734 5125 sang.
772 5049 844 5106 lbtd.
863 5059 976 5122 oportet
994 5067 1050 5104 om.
1070 5049 1141 5104 alter
1160 5048 1230 5106 eod.
1249 5050 1332 5124 sang.
1357 5053 1406 5114 ³9.
1424 5059 1468 5106 sat
1486 5052 1568 5128 caps
1586 5069 1643 5110 ont.
1662 5053 1741 5112 ntus.
1766 5053 1812 5116 45.
1832 5071 1879 5108 as·

560 5143 642 5198 quum
659 5125 775 5201 laruas]
794 5127 883 5183 Parta.
901 5151 938 5170 -
955 5142 1072 5204 aequum
1090 5133 1120 5180 st
1137 5123 1238 5186 bouruu
1256 5127 1351 5188 essert,
