4434 5959
778 574 830 639 IN
852 573 1077 639 SOMNIUM
1099 571 1344 639 SCIPIONIS.
1663 575 1724 638 did

405 723 547 804 pondera
570 715 760 794 moliuntur,
790 726 826 778 ut
845 713 930 778 iuter
951 716 1026 778 dum
1048 713 1118 797 pani
1139 713 1321 778 habitudine
1342 713 1427 778 sacta
1450 713 1591 799 epogdoi
1613 713 1725 778 discri-

405 813 487 878 mina
507 823 737 884 reserventur,
762 820 895 874 octavae
916 809 1018 892 partis
1039 830 1167 892 semper
1187 809 1368 873 secessione
1390 809 1547 885 dimensa,
1585 831 1627 872 ex
1649 831 1724 892 qus,

403 921 438 972 ut
460 905 544 984 dixi,
582 917 677 971 tonus
698 903 842 968 exsistit:
877 903 904 965 si
933 924 1013 967 vero
1046 902 1252 966 hemitonium
1281 912 1361 967 tono
1384 902 1538 984 copulare
1560 902 1722 978 voluteris,

404 1013 493 1066 sexta
517 1001 637 1065 decima
657 997 807 1081 ponderis
828 1009 920 1079 psrte
941 995 1045 1060 minor
1074 997 1194 1061 chorda
1216 995 1404 1074 siccabitur,
1435 1008 1530 1082 atque
1551 999 1593 1063 its
1616 997 1725 1063 couci·

404 1095 509 1160 nentis
530 1114 692 1158 consonae
714 1090 936 1154 modulationis
958 1091 1093 1154 orietur.
1734 1106 1749 1155 s

488 1189 576 1252 Idem
599 1187 630 1251 iu
653 1185 782 1270 organis
794 1197 887 1268 atque
903 1185 933 1247 in
949 1206 1022 1249 scre
1036 1185 1241 1261 servabitur-3
1261 1185 1389 1250 auribus
1398 1184 1500 1268 perite
1517 1184 1725 1249 iudicantibus

404 1283 643 1366 spatiosorum
665 1281 717 1344 vel
738 1277 895 1342 incitatius
917 1278 1140 1365 enuntiantium
1163 1280 1216 1344 vel
1244 1280 1364 1344 tardius
1394 1279 1586 1366 graviusque
1609 1301 1725 1345 sonsu-

404 1378 494 1439 tium.
538 1374 624 1439 Hinc
652 1373 704 1438 ills
732 1386 862 1456 septem
888 1373 1090 1436 discrimina
1119 1395 1240 1438 vocum
1272 1373 1443 1450 exsistunt,
1479 1375 1516 1436 do
1542 1373 1655 1459 quibus
1682 1373 1725 1435 ait
1787 1411 1791 1424 ·

403 1468 484 1532 idem
508 1467 653 1532 Tullius:
691 1472 827 1551 Septem
856 1465 1013 1555 efficium
1040 1468 1221 1532 distinctos
1242 1469 1430 1533 intervallis
1451 1489 1568 1532 sonos.
1628 1470 1725 1549 Quod

403 1562 450 1626 sie
470 1561 649 1647 intelligere
669 1561 840 1637 convenit,
864 1571 899 1624 ut
920 1572 975 1624 aut
995 1572 1118 1643 septem
1139 1562 1303 1626 intervalla
1320 1575 1395 1628 octo
1418 1561 1553 1626 circulos
1570 1561 1766 1637 dividunum

404 1667 459 1719 sut
480 1656 589 1732 unius,
618 1655 739 1729 idest,
767 1654 863 1729 solis,
895 1675 1061 1718 commune
1082 1655 1124 1718 sit
1146 1656 1264 1721 melos:
1297 1669 1332 1719 ut
1353 1660 1418 1722 duo
1440 1657 1498 1720 ists
1520 1656 1723 1719 tetrachorda

404 1751 639 1833 quodammodo
660 1769 725 1814 uon
747 1748 863 1810 hiantis
886 1768 989 1829 neque
1010 1747 1140 1812 dissona
1162 1748 1328 1813 videantur
1345 1749 1378 1812 in
1401 1749 1522 1824 modio,
1546 1747 1665 1832 fiatque
1683 1751 1723 1810 ab

402 1841 467 1906 imo
479 1862 581 1925 usque
593 1845 633 1904 sd
650 1863 802 1904 summum
815 1841 1039 1922 disdiapason
1053 1841 1172 1926 iugiter
1187 1842 1331 1909 audiendi
1346 1842 1522 1909 modulatio
1537 1843 1722 1906 cantilenae.

489 1933 566 1998 Scio
587 1955 657 2008 me,
680 1932 731 1996 uir
752 1931 951 2007 doctissime,
975 1935 1166 2016 reprehendi
1186 1957 1283 2018 posse
1304 1936 1335 2000 iu
1357 1938 1416 2000 hae
1430 1937 1611 2002 temeritatis
1628 1939 1724 2000 sitdo-

404 2025 472 2102 εἰει,
497 2029 551 2112 qui
573 2029 651 2090 haec
671 2026 801 2091 iamdiu
823 2026 900 2092 solis
922 2027 1040 2090 abolita
1061 2049 1128 2092 uou
1149 2030 1367 2108 tumultuaria,
1390 2033 1445 2094 sed
1468 2033 1612 2096 meditata
1633 2032 1766 2096 lucu-ts

403 2121 548 2185 brstione
570 2121 676 2206 digess
698 2121 769 2184 rim.
813 2122 877 2183 Sed
898 2120 1035 2184 habeant
1056 2121 1110 2184 atii
1131 2121 1278 2188 scientiae
1301 2123 1455 2208 gloriam
1488 2126 1561 2191 mihi
1583 2146 1644 2208 pro
1668 2127 1724 2188 de·
1782 2171 1786 2182 ,

403 2212 548 2278 sessione
569 2216 611 2278 sit
630 2215 736 2280 studio
759 2226 816 2279 tuo
837 2214 1000 2298 paruisse:
1033 2218 1120 2300 qttod
1148 2215 1191 2279 its
1213 2217 1331 2302 flagras
1362 2240 1472 2283 amore
1498 2220 1654 2296 discendi,
1688 2228 1724 2282 ut

403 2328 439 2369 ea
468 2329 597 2392 quoque
623 2307 708 2371 inter
739 2307 962 2372 iudicatiouum
1000 2319 1123 2372 tuarum
1161 2312 1386 2394 oocttpstiones
1417 2311 1525 2377 audire
1560 2312 1722 2388 volucris,

402 2421 482 2483 quse
504 2401 639 2484 peritius
659 2401 727 2484 ipsc
748 2403 867 2465 docere
889 2400 971 2465 aiios
991 2402 1138 2486 potuisti.

475 2589 504 2646 4.
523 2591 554 2647 Ρ.
572 2592 747 2662 spissahitur.
767 2590 821 2644 Os.
859 2598 885 2652 8.
912 2595 1209 2666 vtrg.sen.v1.m.
1232 2597 1299 2654 6't6.
1340 2587 1384 2656 1'5.
1404 2599 1479 2651 Fert.
1498 2597 1601 2653 scholis
1615 2599 1722 2654 abdita.
1770 2589 1773 2596 ⁴

404 2663 525 2719 Sestos-r.
574 2667 646 2721 ibid.
664 2666 847 2741 Exspectsbss
867 2674 1058 2734 contrarium:
1077 2688 1135 2723 non
1153 2670 1309 2740 meditata,
1329 2673 1381 2724 sed
1398 2665 1581 2726 tumultuario
1600 2677 1652 2731 luc
1674 2673 1724 2728 cir.

404 2760 430 2814 p.
451 2740 523 2812 1109,
542 2741 570 2800 d.
589 2743 642 2798 Os.
