4434 5959
943 567 1033 632 LIB.
1057 564 1125 631 111.
1617 564 1680 630 319

245 762 248 799 ,Ι
359 704 495 789 singulis
527 706 718 789 plerumque
747 705 924 770 nominibus
954 708 1181 790 proferuntur,
1217 705 1356 771 minime.
1399 678 1551 789 Eirplicat
1574 716 1681 769 autem

245 858 248 875 ,
359 799 504 863 delinitio
526 800 574 875 id,
606 802 693 883 quod
723 800 890 878 definitur,
926 822 988 865 uon
1018 792 1300 885 quoquomodo,
1333 800 1455 875 idest,
1480 800 1678 874 nouineo,

245 884 249 973 ζ
358 894 609 979 qrrodqualevel
627 905 777 977 putantum
793 904 858 971 est,
885 918 947 959 nou
965 893 995 957 iu
1012 894 1156 979 quolibet
1177 895 1313 957 aliorum
1334 892 1677 977 praedicamentorum,

245 980 248 1059 ζ
358 988 415 1050 sed
438 988 512 1069 qrrid
535 987 594 1061 sit,
610 988 717 1061 idest,
741 988 827 1061 eius,
851 992 939 1073 quod
953 988 1077 1064 definit,
1101 989 1306 1051 substantiam
1322 998 1488 1051 monstrat.
1532 987 1580 1049 Ea
1600 1005 1681 1049 vero

245 1076 248 1159 J
359 1080 503 1145 delinitio
536 1081 740 1144 substantiam
764 1080 898 1166 digerit,
933 1104 1014 1166 quiae
1037 1104 1078 1146 ex
1101 1104 1219 1165 genere
1241 1081 1490 1164 differentiisque
1515 1079 1707 1154 consistit35

245 1166 249 1249 J
358 1176 595 1259 harenamque
620 1174 711 1236 unius
726 1174 893 1237 cuiuslibet
914 1176 1119 1238 substantiam
1139 1174 1289 1259 signant,
1327 1174 1409 1237 sicut
1438 1174 1469 1236 io
1491 1171 1540 1235 his
1563 1172 1681 1238 dietum

245 1334 249 1349 ¹
359 1281 426 1344 est,
453 1267 506 1331 ubi
528 1270 566 1329 de
589 1288 707 1352 genere
729 1288 765 1329 ac
785 1268 913 1349 specie,
948 1269 1145 1344 differentia,
1168 1270 1305 1351 proprio
1327 1267 1543 1350 accidentique
1563 1277 1681 1328 tracta·
1720 1348 1723 1355 Ι

245 1360 249 1367 ’
357 1372 425 1423 tum
456 1373 517 1425 est.
576 1363 669 1444 Ergo
692 1362 792 1422 omnis
814 1361 955 1426 delinitio
978 1363 1138 1444 explieat,
1176 1362 1253 1447 quiid
1273 1363 1314 1425 sit
1336 1363 1386 1436 id,
1411 1363 1498 1447 quod
1518 1360 1679 1425 delinitur.

359 1454 555 1519 Aristoteles
590 1475 667 1517 vero
697 1457 809 1518 eodem
839 1476 939 1536 paene
962 1458 1057 1520 modo
1081 1455 1291 1519 definitionem
1313 1455 1516 1527 determinat,
1553 1454 1678 1517 dicensz

245 1616 247 1635 ζ
358 1548 514 1613 Definitio
537 1560 585 1613 est
607 1548 712 1611 oratio
735 1548 812 1631 quid
832 1562 880 1612 est
901 1570 969 1611 esse
991 1549 1185 1635 significans.
1242 1550 1335 1611 Hane
1357 1550 1409 1612 M.
1433 1548 1558 1610 Tullius
1578 1544 1676 1629 parti·
1690 1554 1724 1603 ¹⁰

245 1646 248 1651 “
357 1644 498 1707 turboe
520 1644 638 1707 modo:

418 1796 422 1807 ,
444 1735 539 1817 (Cap.
563 1738 595 1799 h.
619 1738 649 1809 §.
674 1736 738 1816 Π)
762 1734 1017 1813 Definitionum
1034 1748 1151 1799 utitem
1171 1772 1209 1783 -
1233 1770 1275 1783 ·-
1295 1772 1338 1784 -
1358 1734 1566 1820 explicando
1585 1744 1650 1797 est.

447 1831 580 1895 Omnem
610 1830 822 1893 definitionem
853 1829 1050 1891 manifestum
1077 1841 1126 1893 est
1155 1832 1192 1891 ad
1222 1830 1341 1914 aliquid
1362 1831 1442 1894 dici:
1478 1826 1610 1890 alieuius
1631 1836 1681 1889 est

245 1904 247 1935 ⁵
360 1922 441 1986 euim
467 1943 591 2004 semper
610 1923 764 1986 delinitio.
810 1922 900 2001 Qirae
924 1942 1004 1984 vero
1025 1924 1065 1983 ad
1084 1921 1203 2005 aliquid
1224 1924 1391 1997 dicuntur,
1424 1924 1577 2007 quandam
1600 1942 1678 2003 pro·

245 2092 248 2105 ¹
358 2014 526 2099 prietatem
550 2037 589 2077 ca
612 2016 649 2078 iis
673 2027 795 2077 sumant
818 2036 946 2077 necesse
968 2024 1033 2088 est,
1058 2018 1095 2075 ad
1119 2037 1200 2097 quiae
1221 2016 1417 2079 referuntur.
1463 2017 1538 2096 Quo
1560 2016 1613 2090 fit,
1643 2026 1722 2078 utus

358 2130 400 2173 ex
422 2107 462 2172 iis
484 2110 598 2185 rebus,
632 2130 710 2193 quas
733 2106 918 2171 determinat
940 2106 1104 2181 definitio,
1144 2108 1176 2170 in
1198 2109 1283 2188 ipsas
1305 2108 1504 2173 definitiones
1526 2112 1679 2195 qaraedam

357 2200 543 2286 proprietas
575 2202 800 2267 transferatur.
845 2202 907 2264 Sed
926 2201 1022 2284 'qrtia,
1058 2203 1146 2284 qumi
1168 2204 1206 2263 ad
1229 2201 1347 2285 aliquid
1368 2202 1527 2277 refertur,
1562 2202 1593 2265 id
1614 2224 1679 2267 uon

245 2280 248 2311 ²
358 2308 467 2379 potest
488 2296 569 2360 idem
594 2318 664 2359 esse
687 2297 732 2370 ei,
773 2298 811 2359 ad
834 2295 920 2379 qrrod
942 2294 1073 2369 dicitur,
1112 2295 1274 2377 propriam
1297 2316 1425 2379 quoque
1447 2296 1568 2379 ipsum,
1593 2298 1681 2380 quod

358 2389 502 2451 refertur
524 2391 564 2452 ad
584 2390 688 2464 aliud,
711 2388 846 2452 sormam
870 2408 998 2449 necesse
1020 2399 1068 2449 est
1089 2389 1274 2469 possidere:
1305 2410 1409 2474 eoque
1431 2390 1484 2466 lit,
1514 2401 1549 2452 ut
1571 2390 1602 2452 iu
1625 2392 1679 2453 de·

245 2486 247 2501 ¹
358 2482 556 2546 finitionibus
586 2494 616 2545 et
645 2503 700 2547 sua
730 2483 842 2564 cuique
872 2480 945 2543 insit
973 2482 1076 2543 foruna
1107 2495 1138 2544 et
1159 2504 1214 2556 ea,
1253 2504 1346 2567 quiam
1371 2486 1410 2545 ab
1437 2482 1475 2546 iis
1497 2482 1723 2564 accipiunt,uu

245 2568 246 2597 ³
359 2597 442 2659 quae
464 2574 637 2650 deliniunt,
675 2574 905 2637 consideretur.
964 2574 1059 2655 Quod
1082 2577 1134 2638 M.
1158 2576 1283 2639 Tullius
1305 2577 1418 2640 videus
1441 2577 1574 2659 primum
1597 2574 1679 2641 divi·

245 2672 246 2681 ’
359 2669 406 2731 dit
438 2669 635 2732 definitiones
665 2670 836 2731 secundum
866 2688 921 2743 ea,
959 2691 1040 2751 quae
1062 2669 1279 2745 definiuntur-3
1315 2691 1447 2754 utrarum
1474 2692 1592 2754 genera
1614 2673 1679 2734 duo

245 2760 247 2783 '
358 2783 429 2825 esse
452 2764 628 2844 proponit,
661 2783 754 2824 unum
779 2782 884 2823 earum
907 2782 1032 2836 rerum,
1066 2775 1260 2845 quaesunt,
1290 2764 1421 2826 alterum
1444 2786 1571 2839 earum,
1596 2784 1680 2847 quae

356 2854 591 2940 intelliguntur.
647 2856 714 2917 Has
747 2854 844 2938 igitur
866 2854 1080 2919 definitionum
1104 2856 1298 2920 differentias
1319 2879 1361 2919 ex
1382 2857 1422 2920 iis
1443 2858 1570 2920 videtur
1591 2878 1679 2919 suna·

245 2966 247 2977 ·
357 2948 480 3031 psisse‚
517 2969 597 3031 quae
620 2948 802 3012 delinitione
825 2957 1054 3011 monstrantur.
1100 2950 1213 3015 Omnia
1237 2950 1337 3026 enim,
1360 2972 1441 3034 quiae
1464 2950 1721 3027 definiuntur,2s

245 3040 247 3071 ¹
358 3052 413 3103 aut
434 3040 618 3123 corporalia
642 3052 714 3103 sum
747 3052 800 3104 aut
829 3041 1059 3121 incorporalia.
1115 3044 1182 3107 Res
1209 3044 1291 3106 euim
1320 3065 1430 3108 omnes
1459 3043 1489 3105 in
1512 3046 1591 3107 haee
1611 3044 1678 3125 pri·

245 3132 247 3165 ³
360 3134 455 3197 mitus
485 3134 681 3197 dividuntur.
738 3134 786 3196 Ea
817 3153 913 3209 vero,
943 3157 1023 3218 quiae
1046 3136 1227 3218 corporalia
1248 3149 1343 3213 scrut,
1378 3158 1447 3199 esse
1469 3136 1561 3209 dicit;
1595 3156 1679 3220 qnae

357 3228 594 3311 incorporalia,
619 3250 684 3293 uon
705 3248 788 3292 esse.
832 3229 908 3291 Non
931 3232 1017 3309 quod
1040 3232 1168 3294 omnino
1184 3252 1239 3305 ea,
1264 3252 1344 3315 quae
1359 3229 1574 3311 incorporalia
1591 3238 1675 3307 scrut,

245 3344 246 3349 ¹
358 3342 424 3385 son
446 3322 527 3385 sint:
551 3322 692 3407 alioquin
716 3342 775 3384 nec
797 3319 1010 3383 definitionem
1033 3324 1244 3405 susciperent.
1288 3327 1369 3387 llam
1391 3324 1419 3386 si
1441 3322 1582 3386 delinitio
1605 3336 1676 3400 est,

245 3412 246 3445 ³
359 3436 422 3498 qua
444 3414 621 3496 explicatur
642 3415 696 3489 id,
732 3416 820 3499 qrrod
841 3412 1009 3490 delinitur,
1045 3416 1123 3500 quiid
1142 3418 1206 3479 sit:
1244 3416 1312 3480 eius
1340 3417 1407 3491 rei,
1446 3438 1527 3501 quae
1549 3416 1722 3483 omniuost

358 3519 514 3585 nonest,
553 3532 628 3583 nec,
663 3508 737 3592 quiid
759 3510 816 3582 sit,
849 3506 1019 3587 explicatio
1043 3510 1103 3572 ulla
1127 3532 1196 3573 esse
1217 3523 1338 3593 potest.
1390 3513 1454 3573 Sed
1475 3510 1547 3591 qiua
1570 3512 1681 3573 buma-

245 3606 246 3615 ’
358 3623 432 3664 uum
456 3623 557 3685 genus
579 3604 725 3667 sensibus
748 3600 855 3687 degit,
889 3600 920 3662 id
943 3604 1076 3665 maxime
1099 3624 1167 3667 esse
1198 3605 1388 3678 arbitratur,
1424 3606 1510 3685 quod
1532 3624 1679 3667 sensnum

357 3696 637 3776 comprehensioni
673 3695 853 3759 subiicitur.
914 3692 993 3773 Quis
1020 3694 1101 3758 enim
1132 3696 1194 3759 sibi
1222 3718 1287 3760 uon
1317 3696 1418 3780 magis
1440 3696 1574 3778 lapidem
1595 3695 1679 3761 seire

245 3814 246 3819 ¹
358 3788 503 3851 rideatur
529 3800 584 3851 aut
609 3790 785 3863 hominem,
825 3810 919 3873 qtrrrm
949 3788 1098 3853 iustitiam
1131 3790 1180 3852 vel
1213 3791 1415 3853 hereditatem
1447 3790 1498 3851 vel
1525 3789 1679 3873 quidquid

358 3880 443 3945 aliud
464 3902 528 3945 uon
550 3883 712 3959 sensibus,
736 3886 791 3945 sed
813 3883 1017 3969 intelligentia
1041 3885 1302 3964 comprehendit?
1334 3886 1426 3948 Unde
1447 3882 1504 3957 lit,
1542 3893 1574 3943 ut
1600 3898 1723 3963 pro-tt

357 3985 431 4056 pter
463 3974 649 4037 evidentiam
679 3975 873 4058 cognitionis
911 3998 946 4039 ea
980 3977 1081 4056 magis
1115 3998 1184 4040 esse
1208 3976 1392 4050 rideantur,
1430 3996 1510 4058 quae
1538 3974 1680 4037 subiecta

357 4077 431 4129 ssent
453 4068 616 4142 sensihus3
651 4089 685 4131 ea
710 4068 852 4147 minime,
892 4092 973 4155 quae
994 4070 1221 4153 intelligentiae
1239 4068 1361 4131 ratione
1384 4068 1563 4149 capiuntur.
1616 4066 1680 4131 Sed

359 4158 390 4221 id
413 4158 574 4223 sciendum
597 4172 644 4225 est
675 4162 728 4224 M.
754 4162 892 4225 Tullium
926 4166 963 4226 ad
993 4164 1151 4225 homiuum
1182 4162 1353 4244 protulisse
1375 4161 1575 4242 opinionem,
1613 4180 1679 4224 uon

360 4252 399 4313 ad
431 4254 610 4318 veritatem.
665 4258 769 4331 Nam,
799 4252 842 4319 'ut
872 4257 954 4320 inter
983 4257 1102 4337 optime
1132 4256 1394 4337 philosophantes
1427 4252 1586 4330 constitit,
1625 4252 1679 4315 illa

359 4345 495 4411 maxime
516 4342 610 4421 sarit,
635 4370 716 4433 quae
739 4349 835 4427 louge
858 4372 873 4411 a
898 4348 1041 4411 sensibus
1064 4361 1233 4431 segregata
1255 4359 1350 4422 suut3
1381 4348 1433 4408 illa
1454 4347 1572 4423 minus,
1597 4358 1722 4431 quaest

360 4437 526 4519 opiniones
549 4443 691 4504 sensibus
714 4441 965 4505 subministrant.
1017 4444 1107 4505 Unde
1131 4443 1222 4503 etiam
1244 4440 1326 4503 idem
1350 4439 1468 4504 Cicero
1490 4439 1520 4502 iu
1544 4440 1679 4503 Timaeo

358 4532 420 4594 ait:
451 4533 545 4614 Quid
565 4544 638 4611 est,
676 4536 768 4619 quod
795 4558 929 4619 semper
950 4536 996 4597 sit
1018 4556 1077 4597 nec
1100 4538 1207 4597 ullum
1228 4536 1350 4597 habeat
1372 4545 1510 4608 ortum,
1532 4545 1567 4597 et
1588 4533 1681 4617 quod

357 4624 530 4707 gignatur
550 4648 610 4690 rece
632 4649 782 4713 uuquam
804 4630 880 4693 sit?
914 4634 1071 4712 Quorum
1104 4631 1253 4691 alterum
1279 4627 1523 4710 intelligentiae
1544 4627 1680 4691 ratione

357 4720 682 4800 comprehenditur,
720 4722 869 4784 alterum
891 4720 998 4809 offert
1030 4720 1186 4803 opinioni
1205 4741 1326 4783 sensus
1359 4720 1506 4785 rationis
1538 4741 1679 4803 expers.

357 4810 424 4873 Hle
443 4810 542 4895 igitur
563 4812 615 4887 id,
650 4815 736 4897 quod
758 4834 884 4896 semper
906 4816 964 4890 sit,
1001 4812 1120 4877 rationi
1141 4813 1276 4885 adiecit;
1308 4812 1339 4875 id
1362 4834 1460 4889 reno,
1492 4816 1579 4897 qumi
1600 4833 1723 4881 nun-ss

365 4952 409 4969 ἡ

431 5030 461 5090 6.
490 5036 592 5101 signat
622 5032 699 5087 Eine.
732 5034 799 5090 Vsu.
832 5035 998 5109 signficant
1029 5036 1106 5093 Base.
1167 5042 1212 5094 10.
1237 5035 1304 5102 quaid
1331 5054 1390 5087 esse
1416 5041 1485 5102 (our.
1513 5041 1568 5102 eet)
1600 5036 1680 5089 Eius.

357 5106 402 5162 ²5.
420 5120 493 5177 μοι
511 5104 583 5177 defi]
606 5108 681 5163 Eius.
702 5128 772 5181 quae
790 5116 820 5161 lu
839 5108 899 5181 defi
920 5110 989 5165 Edd.
1009 5115 1054 5169 hl.
1076 5113 1119 5165 Au
1140 5116 1264 5180 opinions·
1282 5112 1401 5163 semus?
1420 5110 1473 5164 Oa.
