4434 5959
736 1331 779 1405 C.
814 1332 985 1406 utun
1019 1331 1334 1407 vtctotttttt

946 1576 1123 1622 ttttrosfflo

454 1776 504 1841 ttt
527 1777 784 1843 SECUNDUM
805 1778 1112 1846 RHETORICON
1136 1780 1386 1847 CICERONIS
1412 1782 1608 1847 LIBRUM.

386 2160 632 2292 Cotonium
652 2228 826 2313 quondam
853 2252 957 2315 quum
972 2230 1153 2323 florerent
1180 2232 1335 2295 omuibus
1357 2232 1464 2315 copiis
1496 2244 1529 2294 et
1558 2232 1593 2295 in
1615 2236 1686 2296 lta·

375 2326 423 2387 lia
441 2345 547 2407 qrutm
568 2322 604 2385 in
626 2322 752 2405 primis
778 2325 868 2387 lreati
895 2337 1176 2400 numerarentur,
1215 2328 1376 2407 templum
1408 2326 1569 2399 lunonis,
1594 2317 1686 2409 quod

375 2416 632 2500 religiosissime
664 2417 843 2491 colebant,
881 2418 1032 2501 egregiis
1070 2419 1216 2501 picturis
1251 2420 1457 2501 locupletare
1492 2418 1685 2497 uoluerunt]

376 2510 487 2575 Omnis
509 2508 666 2588 praelatio
688 2509 777 2591 quasi
800 2509 973 2574 similitudo
995 2523 1042 2574 est
1064 2524 1135 2573 anto
1158 2510 1211 2586 id,
1236 2514 1321 2593 quod
1343 2512 1456 2573 dictmi
1471 2532 1590 2572 sumus.
1636 2511 1682 2571 lta

374 2603 405 2667 io
426 2625 462 2667 eo
493 2624 620 2685 semper
640 2602 811 2667 similitudo
839 2606 991 2685 captanda
1018 2616 1084 2667 estt
1119 2626 1304 2689 quamquam
1328 2626 1421 2684 saepe
1444 2604 1481 2668 ad
1504 2604 1565 2664 hoc
1587 2603 1708 2667 dedu-⁵
1825 2650 1829 2669 ,

373 2698 473 2771 citur,
497 2709 530 2758 ut
548 2694 717 2760 similitudo
739 2698 881 2759 tollatur.
925 2697 1016 2759 Unde
1038 2698 1104 2760 sive
1126 2696 1295 2760 similitudo
1316 2696 1420 2760 lutura
1443 2707 1488 2757 est
1512 2688 1578 2757 sivi
1600 2718 1681 2769 nou,

374 2789 405 2851 in
427 2811 485 2861 eo,
520 2790 559 2850 ed
581 2790 667 2871 quod
689 2788 846 2869 praelatio
869 2803 1094 2869 praeparatur,
1132 2792 1440 2855 auituadvcrtendtuu
1465 2810 1589 2869 scttrpcr
1611 2798 1681 2863 est,

373 2894 476 2945 utrum
496 2882 527 2944 iu
562 2892 631 2945 toto
664 2881 1069 2964 similitudo-praelationis
1099 2896 1247 2963 paretur,
1282 2906 1319 2945 an
1344 2884 1373 2945 iu
1407 2884 1567 2962 portibus,
1592 2902 1628 2942 ou
1652 2880 1682 2941 iu

372 2988 474 3057 parte.
526 2976 727 3057 Frequenter
762 2977 842 3037 euim
875 2986 984 3039 citucta
1021 2975 1234 3037 conveniunt:
1274 2976 1458 3059 lrcquentcr
1490 2972 1623 3036 diversis
1653 2974 1681 3035 iu

371 3068 567 3151 praefatione
588 3068 724 3150 positis,
756 3090 824 3130 cum
854 3090 969 3143 erre,
1000 3070 1153 3151 adquam
1185 3068 1340 3150 praelatio
1363 3067 1505 3141 ducitur,
1530 3067 1725 3148 qtmedamtt

372 3162 402 3225 iu
424 3160 622 3243 praefatione
655 3158 824 3225 similitudo
853 3161 1030 3225 confertur.
1075 3162 1156 3237 Hic,
1181 3165 1219 3225 ad
1248 3165 1335 3247 quod
1362 3161 1486 3223 ducitur
1514 3160 1678 3241 praelatio,

372 3256 448 3317 illud
468 3265 534 3328 est,
568 3276 608 3316 ex
631 3255 735 3317 miultis
758 3255 869 3318 artium
892 3252 1100 3337 scriptoribus
1123 3253 1220 3317 electa
1245 3254 1339 3316 trutlta
1362 3266 1392 3316 et
1415 3255 1455 3315 ad
1474 3276 1565 3315 tinam
1588 3274 1680 3337 quam

371 3347 497 3430 scripsit
518 3358 638 3420 artem,
671 3368 737 3431 quo
768 3347 934 3428 pulchrior
959 3349 1164 3423 redderetur,
1195 3358 1363 3429 praecepta
1390 3368 1431 3409 ex
1455 3346 1557 3409 miultis
1587 3347 1681 3407 multa

372 3440 518 3503 collecta.
562 3439 647 3502 Huic
663 3439 760 3524 igitur
781 3440 826 3501 rei
842 3438 998 3521 praelatio
1017 3440 1068 3502 ills
1084 3453 1149 3515 est;
1174 3440 1327 3515 Zeuxim,
1351 3440 1506 3523 pictorem
1529 3439 1679 3512 nobilem,

372 3534 515 3597 Helenae
546 3532 744 3595 simulacrum
770 3530 931 3613 pinxisse:
968 3537 1024 3596 scd
1052 3555 1122 3596 eum
1149 3534 1312 3598 conductis
1335 3546 1365 3597 et
1387 3533 1418 3596 in
1446 3554 1537 3596 untuu
1562 3530 1722 3595 vocatists

370 3626 511 3711 quinque
533 3624 730 3711 virginibus,
759 3627 909 3709 quicquid
930 3640 1013 3688 esset
1034 3626 1296 3708 pulcherrimum,
1320 3627 1486 3709 delegisse.
1532 3627 1622 3698 Hoc,
1648 3636 1681 3686 ut

370 3717 509 3801 perspici
536 3717 628 3789 licet,
663 3717 695 3779 in
722 3740 838 3780 summo
869 3718 1037 3784 coureuit:
1066 3720 1139 3804 quis
1165 3720 1216 3783 hic
1247 3733 1278 3782 et
1299 3720 1353 3782 ille
1374 3721 1465 3781 multa
1488 3720 1526 3781 de
1553 3716 1679 3779 miultis:

371 3834 480 3876 verum
507 3811 647 3893 praefert
667 3807 794 3873 Tullius
822 3833 904 3891 opus
933 3834 1045 3887 suum,
1080 3817 1167 3896 quod
1192 3816 1290 3898 magis
1315 3815 1408 3876 mults
1433 3812 1511 3895 ipse.
1557 3810 1591 3873 Si
1611 3808 1681 3893 qui·

369 3909 439 3968 dem
461 3904 625 3987 praeteriti
656 3904 809 3984 temporis
838 3904 1011 3984 scriptores
1038 3921 1069 3968 et
1102 3906 1278 3987 praesentis
1306 3906 1336 3969 in
1360 3906 1474 3970 iudicio
1498 3904 1624 3967 habuit:
1649 3914 1682 3966 et

369 4018 433 4059 uon
470 3997 561 4059 unius
592 3996 729 4059 civitatis
763 4018 820 4057 uec
850 3998 940 4059 troius
971 3998 1113 4081 linguam
1149 3998 1266 4082 quippe
1299 4022 1393 4081 quum
1424 4010 1455 4062 et
1483 4000 1626 4060 Graecos
1649 4006 1723 4062 cttt

369 4089 517 4153 Latinos.
560 4091 606 4153 At
638 4111 715 4153 vero
737 4089 856 4153 Zeuxis
886 4110 927 4153 ex
957 4114 1014 4155 unt
1037 4092 1164 4157 civitate
1194 4106 1224 4157 et
1248 4094 1344 4177 ipsius
1367 4089 1521 4174 temporis
1544 4090 1679 4175 eligendi

370 4182 478 4245 habuit
500 4182 695 4245 facultatem.

451 4276 671 4341 Crotoniatae
704 4275 874 4358 quondam
902 4300 1007 4362 qrutm
1022 4278 1217 4371 florerent]
1273 4278 1305 4342 Si
1337 4278 1479 4361 partibus
1517 4276 1680 4340 conductis

369 4379 435 4431 tots
457 4368 666 4443 conveniunt,
700 4370 830 4449 pulchra
853 4391 978 4449 semper
1000 4383 1031 4433 et
1060 4371 1228 4452 praecipua
1262 4371 1381 4433 dicetur
1408 4392 1477 4434 esse
1509 4370 1678 4452 praelatio.

369 4459 606 4535 Crotoniatae,
631 4461 767 4525 Buritani
789 4474 884 4524 sunt:
908 4466 1021 4545 (linem
1031 4465 1211 4557 florerent
1232 4466 1388 4527 omnibus
1407 4466 1534 4547 copiis,
1559 4464 1677 4527 Roma-
1691 4476 1721 4524 ts

369 4552 417 4614 ois
437 4555 598 4617 cooreoit.
664 4554 743 4617 Item
768 4556 933 4618 convenit:
966 4559 1013 4620 Et
1041 4556 1077 4618 in
1101 4558 1204 4622 ltalia
1237 4578 1341 4641 qitztm
1373 4558 1408 4621 in
1435 4559 1558 4641 primis
1591 4560 1680 4622 beati

369 4659 643 4709 numerarentur.
700 4647 843 4713 lunonis
871 4669 947 4711 sero
970 4653 1151 4731 templum,
1185 4652 1277 4735 quoti
1301 4655 1506 4735 locupletare
1528 4652 1679 4735 egregiis

366 4737 512 4819 pictm·is
534 4742 730 4812 uoluerunt,·
750 4740 796 4802 sic
817 4752 848 4803 et
870 4742 1069 4826 eloquentiae
1090 4746 1143 4807 rel
1165 4746 1327 4809 lacuudisc
1350 4748 1512 4827 templum.
1559 4744 1678 4809 Zeuxis

370 4842 416 4891 est
438 4832 576 4895 'lollius
622 4834 726 4912 Otium
750 4834 845 4896 utttlttt
868 4836 988 4899 dicendi
1004 4859 1120 4917 genera
1143 4838 1222 4913 siut3
1247 4850 1279 4901 ut
1303 4840 1383 4902 iuter
1405 4842 1542 4922 picturus
1568 4842 1679 4902 nutus

440 4968 485 5022 29.
503 4967 610 5018 Zeuxis
627 4978 672 5019 est
691 4968 812 5039 Tullum]
832 4968 985 5041 Legebatur
1005 4970 1070 5023 ottm
1089 4972 1196 5022 Zeuxt's
1207 4982 1235 5024 et
1249 4972 1355 5025 Tullius
1361 4994 1372 5031 ‚-
1398 4978 1495 5043 (ctiam
1513 4976 1580 5027 cot.
1601 4977 1678 5041 Bos.)

368 5036 415 5090 scd
433 5044 479 5109 qut
500 5048 717 5113 eornparutouts
745 5044 826 5096 hotot
857 5060 943 5097 rotem
973 5050 1071 5097 sertem
1091 5062 1195 5099 attente
1222 5046 1457 5111 oonstdenverti,
1490 5054 1513 5101 ts
1533 5050 1676 5119 legendum

369 5130 425 5165 esse
444 5119 584 5185 quoutodo
603 5118 737 5169 edentum
758 5124 930 5183 curavimus,
955 5116 1035 5173 lavile
1056 5118 1203 5184 iambicon
1223 5122 1411 5196 perpendendo
1433 5138 1495 5177 sonu
1515 5130 1677 5196 pracsertim

369 5189 447 5243 verba
464 5190 527 5245 itta:
546 5192 729 5245 ereremum
751 5192 869 5246 ltornnnt
885 5203 960 5249 sunt.
980 5200 1065 5251 care.
