4434 5959
554 597 596 660 so
1040 562 1348 670 =vienotuuns

410 799 416 806 .
452 823 455 830 Ι
553 749 585 803 et
599 738 630 803 in
651 737 810 806 Cicerone
832 739 1005 806 videamus.
1048 742 1191 808 Primum
1213 745 1276 808 hoc
1300 753 1366 808 est:
1396 739 1650 810 &constitutio
1673 753 1707 806 et
1730 740 1862 826 ipsust

547 853 634 916 pars
665 834 740 898 eius
772 837 941 920 quaelibet
966 836 1163 902 intentionis
1190 837 1344 921 depulsio
1374 847 1437 902 est.
1495 837 1670 900 Secundum
1691 833 1771 899 illud
1789 844 1861 898 ests

550 931 647 1010 Quae
672 927 870 992 intentionis
891 928 1045 1012 depulsio
1065 950 1134 993 non
1154 941 1226 1005 est,
1249 950 1291 993 ea
1312 949 1371 992 nec
1386 924 1585 992 constitutio
1605 949 1666 991 nec
1678 947 1766 1011 pars
1779 948 1864 992 con·

550 1019 741 1083 stitutionis
754 1032 818 1084 est.
862 1022 1006 1085 Tertium
1028 1024 1093 1086 hoc
1114 1021 1171 1086 sit:
1199 1021 1409 1088 Deliberatio
1429 1021 1731 1088 etdemonstrotio
1753 1041 1865 1105 neque

527 1113 748 1177 tconsctcmr'o
770 1136 830 1178 nec
852 1137 941 1198 pars
960 1116 1214 1182 constitutionis
1239 1127 1303 1180 est.
1347 1115 1442 1178 Nunc
1461 1107 1619 1178 dieamus
1640 1113 1864 1196 syllogismum

552 1225 569 1266 a
590 1205 695 1287 primo
719 1209 757 1268 ad
778 1210 967 1271 secundnm:
1001 1209 1040 1274 Si
1060 1210 1279 1284 constitutio,
1314 1206 1438 1292 inquit,
1468 1206 1502 1270 e't
1521 1206 1598 1290 ipsa
1621 1218 1656 1269 et
1680 1205 1864 1288 perseius

549 1299 717 1383 quaelibet
737 1300 935 1364 intentionis
950 1301 1104 1385 depulsio
1125 1313 1193 1376 ests
1213 1323 1300 1385 quae
1320 1299 1519 1365 intentionis
1540 1299 1694 1382 depulsio
1711 1320 1778 1363 non
1792 1311 1861 1374 est,

550 1411 594 1456 ea
610 1414 669 1454 nec
691 1393 889 1458 constitutio
912 1414 972 1458 nec
990 1415 1076 1476 pars
1099 1395 1352 1460 constitutionis
1370 1405 1432 1458 est.
1475 1393 1598 1458 Deinde
1616 1413 1635 1455 a
1659 1394 1798 1456 secundo
1820 1393 1863 1454 acl

550 1485 696 1548 tertiunss
719 1488 784 1559 At,
807 1485 839 1548 si
857 1507 944 1569 quoe
958 1487 1156 1552 intentionis
1180 1489 1334 1571 depulsio
1355 1499 1505 1561 nonest,
1528 1508 1571 1550 eo
1583 1507 1643 1549 nec
1659 1485 1861 1550 constitutio

510 1581 611 1640 llnec
628 1600 714 1661 pars
737 1579 988 1644 constitutionis
1008 1591 1078 1652 ests
1107 1581 1351 1645 demonstratio
1372 1592 1406 1644 et
1426 1579 1624 1644 deliberatio
1643 1599 1750 1663 neque
1775 1598 1860 1642 con·

550 1670 684 1736 stitutio
705 1691 766 1734 nee
787 1693 874 1754 pars
904 1671 1163 1738 constitutionis
1192 1684 1256 1738 est.
1306 1675 1399 1736 Nunc
1421 1693 1438 1734 a
1460 1671 1563 1755 primo
1581 1674 1619 1736 ad
1640 1671 1790 1734 tertiumt
1819 1670 1862 1734 Si

551 1765 661 1849 igitur
680 1764 878 1828 constitutio
901 1777 935 1828 et
956 1766 1034 1848 ipsa
1051 1778 1084 1830 et
1101 1787 1189 1849 pars
1210 1766 1284 1829 eius
1304 1765 1469 1851 quaelibet
1487 1764 1683 1829 intentionis
1700 1763 1859 1847 depulsio

550 1871 624 1921 est.-
659 1856 844 1922 dcliberatio
870 1869 905 1921 et
926 1859 1151 1924 dernonstratio
1174 1880 1280 1945 neque
1304 1859 1501 1924 constitutio
1534 1878 1640 1942 neque
1663 1877 1749 1941 pars
1775 1875 1860 1920 con·

550 1950 741 2016 stitutionis
773 1964 838 2014 est.
891 1954 984 2036 Ergo
1010 1953 1153 2036 aprima
1179 1955 1218 2016 ad
1243 1951 1370 2016 tertium
1400 1951 1562 2016 conclusio
1587 1961 1635 2014 est
1667 1947 1858 2036 syllogismi.

510 2043 696 2128 ¹5Denique
715 2041 852 2120 Cicero,
875 2045 913 2110 Si
929 2045 1056 2129 igitur,
1079 2045 1198 2131 inquit,
1221 2045 1431 2110 constitutio.
1475 2043 1664 2129 Ubicunque
1681 2041 1860 2126 enimergo

551 2136 602 2199 vel
624 2136 733 2219 igitur
754 2138 900 2219 ponitur,
924 2138 1088 2204 conclusio
1111 2149 1158 2202 cst
1179 2139 1366 2222 argumenti.

636 2229 768 2292 Deinde
793 2230 1035 2310 coniecturalis,
1060 2251 1166 2296 caiisa
1195 2252 1263 2295 non
1288 2244 1403 2315 potest
1424 2232 1526 2296 simul
1550 2253 1597 2296 ecc
1617 2229 1736 2294 eadem
1754 2241 1860 2314 porte

550 2321 669 2386 eodem
693 2323 728 2384 in
754 2343 878 2406 genere
906 2336 942 2387 et
967 2325 1206 2388 coniecturalis
1231 2345 1303 2388 esse
1335 2336 1369 2388 et
1395 2323 1587 2407 definitiva]
1629 2323 1728 2387 Aliud
1747 2321 1859 2405 incipit

536 2427 789 2498 largimentum,
825 2415 944 2494 idest,
980 2431 1124 2502 quartum
1146 2415 1381 2501 syllogismum,
1420 2420 1506 2502 quod
1526 2419 1663 2482 ostendit
1684 2437 1747 2480 non
1767 2428 1858 2480 recte

508 2513 610 2572 tosnb
632 2509 783 2592 qualitate
804 2509 1079 2575 deliberationem
1101 2523 1133 2573 et
1152 2509 1475 2575 demonstrationem
1495 2511 1629 2593 positas.
1672 2511 1773 2591 Quem
1788 2511 1859 2589 syl·

551 2602 830 2685 logismumprius
860 2625 951 2688 quam
982 2607 1198 2679 ostendamus,
1235 2624 1289 2680 ca,
1322 2623 1403 2688 quas
1425 2597 1455 2666 in
1470 2624 1509 2666 re
1534 2616 1624 2680 sunt,
1654 2616 1726 2668 ante
1749 2603 1859 2666 ridea-

550 2718 632 2760 mus.
675 2697 826 2772 Deinde,
849 2696 969 2781 inquit,
992 2697 1230 2761 coniecturalis
1249 2717 1365 2760 catum
1410 2697 1462 2772 Si,
1485 2697 1602 2782 inquit,
1624 2697 1859 2762 coniecturum

548 2801 609 2872 pet·
629 2790 679 2864 id,
713 2792 800 2874 quod
818 2801 885 2866 est,
917 2793 1127 2865 attendemus,
1151 2789 1227 2852 nihil
1252 2789 1335 2874 aliud
1355 2789 1548 2853 inveniemus
1570 2812 1663 2876 quam
1685 2789 1858 2853 coniectu·

549 2904 628 2947 ram
647 2884 765 2948 solnm:
795 2904 855 2947 nec
873 2882 905 2946 in
933 2905 985 2959 eo,
1009 2885 1094 2969 qnod
1115 2881 1311 2946 coniectura
1331 2893 1396 2956 est,
1421 2903 1586 2966 possumus
1603 2881 1719 2961 susem
1738 2880 1858 2944 intelli-

506 2979 539 3029 25
550 2997 639 3060 gere.
683 2971 833 3058 Rursus,
851 2975 971 3060 inquit,
994 2975 1149 3054 sisenem
1163 2989 1222 3057 per
1238 2997 1272 3039 se
1286 2977 1385 3059 ipsum
1401 2977 1654 3051 consideremus,
1677 2974 1753 3039 nihil
1770 2974 1855 3038 alirsd

549 3090 641 3152 quam
655 3068 771 3147 smem
791 3068 1004 3150 inspiciemus.
1047 3071 1118 3134 Nee
1137 3069 1169 3133 in
1185 3091 1238 3146 eo,
1260 3074 1347 3156 quod
1359 3072 1452 3151 finis
1473 3086 1534 3148 eet,
1556 3091 1722 3154 possumus
1742 3080 1858 3134 trans·

548 3164 710 3226 lationem
731 3161 922 3246 intelligere.
966 3163 1017 3226 Ita
1038 3183 1120 3247 ergo
1140 3164 1379 3230 constitutiones
1397 3167 1538 3250 singulae
1558 3167 1675 3228 hebent
1688 3160 1857 3244 proprium

549 3276 659 3330 suum,
682 3256 713 3319 in
735 3276 800 3341 quo
822 3255 946 3338 positae
961 3245 1079 3338 ’genere
1105 3258 1359 3322 commixtionem
1390 3257 1621 3323 constitutionis
1643 3257 1771 3320 alterius
1790 3275 1858 3318 non

495 3399 498 3402 .
549 3347 727 3432 admittunt.
771 3349 861 3412 Male
888 3347 1003 3433 igitur,
1040 3350 1258 3435 Hermagora,
1297 3353 1571 3417 deliberationem
1592 3363 1623 3414 et
1644 3351 1860 3414 demonstra-

507 3449 539 3499 tt
549 3440 675 3504 tionem
696 3453 802 3523 pantes
823 3441 1077 3518 constitutionis,
1098 3442 1133 3507 id
1154 3456 1219 3520 est,
1243 3445 1400 3529 qualitatis
1422 3467 1490 3510 esse
1513 3441 1661 3508 volitisti:
1683 3463 1778 3527 quum
1797 3440 1860 3504 de·

548 3533 705 3598 liberatio
725 3533 795 3598 sire
826 3534 1072 3600 demonstratio
1099 3557 1159 3619 per
1184 3557 1218 3600 se
1248 3537 1464 3602 consideratae
1498 3558 1562 3603 non
1589 3537 1675 3602 solas
1700 3531 1856 3618 intelligi,

548 3631 604 3693 sed
626 3649 733 3691 omnes
755 3627 788 3690 in
809 3646 843 3690 se
864 3627 1104 3693 constitutiones
1125 3629 1286 3693 continere
1308 3630 1444 3714 possint.

632 3722 744 3786 Simu
772 3743 819 3784 err
844 3720 962 3784 eadem
977 3732 1100 3803 porte,
1138 3723 1255 3786 eodem
1279 3724 1314 3786 in
1342 3726 1480 3808 genere]
1523 3725 1568 3787 Et
1585 3743 1682 3805 suipra
1702 3719 1856 3806 legimns:

548 3819 636 3882 Pars
660 3827 776 3879 autem
795 3814 920 3879 causae
948 3827 1000 3879 est
1024 3814 1221 3879 constitutio
1242 3816 1362 3879 omnis.
1415 3817 1522 3880 Gemu
1540 3827 1642 3878 autem
1669 3825 1717 3879 est
1733 3815 1858 3879 consti-

507 3915 539 3964 ³⁵
548 3909 680 3975 tutionis
700 3909 749 3986 id,
773 3910 861 3991 qnod
888 3910 988 3982 valet,
1012 3910 1097 3991 quod
1119 3929 1152 3972 sc
1174 3909 1299 3991 expleti
1321 3911 1354 3972 id
1373 3910 1521 3993 denique,
1550 3929 1688 3994 quouna
1710 3927 1859 3992 quaeque

549 4002 732 4068 constitutio
758 4003 799 4064 ab
820 3999 887 4064 aliis
912 3999 1187 4066 constitutionibus
1209 4014 1410 4086 segregatur.
1454 4004 1535 4066 Pars
1555 4011 1657 4064 antem
1679 4001 1857 4066 communis

547 4105 657 4180 potest
678 4115 748 4158 esse
768 4115 838 4157 cum
860 4094 976 4158 multis.
1018 4096 1066 4159 Et
1087 4096 1226 4160 omnino
1244 4099 1339 4159 nulla
1363 4095 1559 4160 constitutio
1580 4115 1639 4157 nec
1657 4115 1741 4178 pars
1773 4114 1857 4156 con·

547 4187 730 4255 stitutionis
760 4189 845 4270 cet.]
915 4187 1073 4270 Quoniam
1118 4191 1156 4252 de
1197 4189 1438 4253 deliberatione
1482 4199 1515 4251 et
1553 4186 1857 4266 ,demonstratione

548 4281 691 4365 quaestio
713 4293 778 4358 est,
801 4303 882 4365 quae
902 4283 1101 4347 deliberatio
1121 4294 1153 4346 et
1171 4282 1414 4347 demonstratio
1433 4293 1539 4364 partes
1561 4279 1792 4344 constitutionis
1814 4281 1857 4342 ab

507 4382 540 4432 ⁴⁰
549 4377 753 4460 Hermagora
772 4388 952 4458 ponuntur,
984 4388 1092 4452 recte,
1122 4396 1217 4460 quum
1239 4378 1277 4440 de
1299 4377 1377 4440 solis
1397 4373 1676 4440 constitutionibus
1702 4372 1855 4458 loquere·

548 4481 619 4545 tur,
641 4481 749 4549 partes
770 4467 865 4532 etiam
885 4468 1002 4555 tetigit.
1772 4539 1775 4550 Ι

630 4565 679 4628 tte
707 4561 866 4640 omnino,
901 4563 1019 4647 inquit,
1051 4566 1146 4628 nulla
1175 4561 1374 4627 constitutio
1405 4583 1465 4625 neo
1495 4581 1579 4645 pars
1608 4559 1857 4627 comtitutionis

544 4668 658 4740 potest
681 4657 783 4722 simul
798 4668 833 4720 et
852 4677 950 4720 suam
963 4658 1084 4722 habere
1098 4668 1132 4721 et
1147 4656 1286 4720 ulterius
1304 4656 1341 4720 in
1353 4679 1387 4720 se
1398 4655 1466 4718 aim
1482 4655 1653 4718 continere
1676 4695 1857 4718 ......
1867 4731 1872 4740 ,

549 4747 671 4814 Alter‘a
691 4760 805 4812 anetem
825 4761 1014 4832 assumpta,
1049 4770 1209 4813 numerus
1231 4749 1510 4814 constitutionum
1536 4749 1753 4832 duplicatur,
1788 4765 1859 4809 non

507 4843 597 4907 tsvis
617 4841 864 4909 constitutionis
884 4843 1047 4925 augetur]
1091 4843 1257 4926 Sapienter
1279 4843 1370 4904 dixit.
1414 4843 1539 4905 Multae
1560 4842 1639 4904 enim
1656 4839 1859 4906 constitutio·

622 4989 649 5044 Is.
669 4986 797 5039 Tertium
814 4986 865 5038 boc
883 4991 941 5039 stt:
961 4986 1149 5054 Deliberatto]
1171 4989 1217 5042 Sic
1237 4985 1289 5044 td.
1310 4991 1477 5041 nicensium
1497 4990 1579 5046 1508·
1596 5013 1635 5028 -
1653 4989 1768 5038 tertium
1785 4983 1860 5038 boec

548 5063 580 5116 Sl
597 5060 760 5114 deliberatio
779 5061 853 5114 Cett.
874 5062 927 5117 Os.

622 5140 669 5198 56.
689 5135 762 5208 quod
778 5153 808 5188 se
827 5137 930 5205 explet]
950 5137 998 5192 stc
1018 5140 1127 5190 steens.
1147 5140 1228 5196 1508.
1246 5163 1283 5179 -·
1302 5133 1374 5204 quod
1390 5141 1419 5186 et
1437 5134 1531 5206 explet
1550 5136 1621 5189 Cett.
1642 5133 1695 5188 Os.
