4434 5959
556 613 622 676 34⁰
978 650 988 680 ι
1095 616 1331 686 Bou'rttttts

556 751 752 828 neccssaria,
775 775 857 841 qnae
877 757 917 820 de
940 778 1058 842 genere
1079 759 1319 842 praedicantur,
1344 759 1452 824 cadem
1473 759 1512 822 da
1534 758 1639 842 specie
1653 761 1755 825 modis
1769 759 1871 826 omni·

555 849 614 911 bus
636 848 827 930 praedicari.
871 851 955 914 Illud
979 873 1058 915 vcro
1076 851 1185 937 quaeri
1207 851 1343 933 perutile
1364 864 1429 929 est,
1451 874 1547 937 quum
1570 855 1686 937 aliquid
1708 857 1748 918 tle
1771 856 1872 938 parti·

554 943 714 1006 catlaribua
732 945 829 1006 rebus
851 945 1007 1027 probatur
1025 965 1067 1008 ea
1085 945 1285 1028 superposita
1306 945 1452 1028 proxima
1474 945 1601 1028 specie,
1625 957 1681 1021 ut,
1704 949 1731 1010 si
1753 949 1871 1012 Socra·

553 1045 615 1097 tem
644 1036 831 1100 rationalem
860 1057 929 1100 esee
957 1039 1149 1120 probamus,
1183 1037 1331 1120 quoniam
1360 1038 1402 1101 sit
1433 1040 1548 1116 bomo,
1586 1061 1681 1124 quum
1710 1040 1751 1102 sit
1772 1043 1870 1104 borno

528 1129 737 1193 trationalis:
775 1142 879 1192 utrum
909 1153 950 1194 ex
979 1153 1115 1216 genere,
1153 1153 1191 1194 au
1220 1152 1260 1195 ex
1288 1132 1391 1195 forma
1410 1143 1627 1217 argumentum
1650 1135 1778 1196 ductum
1800 1155 1871 1198 esse

553 1224 757 1287 arbitremur.
801 1226 884 1288 Nam
917 1223 945 1286 si
973 1227 1135 1311 dicamus,
1174 1245 1373 1310 exgenere,
1408 1226 1513 1289 ultima
1535 1227 1657 1308 species
1680 1249 1779 1312 genus
1806 1249 1872 1291 non

553 1329 600 1380 est
607 1339 617 1391 ;
646 1317 673 1380 si
695 1339 735 1380 ex
757 1317 883 1400 specie,
912 1319 1147 1401 superpositum
1171 1339 1269 1402 genus
1296 1339 1423 1401 semper
1443 1319 1565 1401 species
1585 1320 1727 1402 probare
1749 1323 1872 1384 deside·

552 1421 616 1474 rat.
659 1411 808 1476 Socrates
830 1432 930 1487 vero,
954 1413 1004 1475 cui
1024 1413 1119 1474 iidem
1142 1423 1281 1494 praestat
1303 1415 1420 1488 bomo,
1444 1415 1591 1498 quoniam
1614 1413 1776 1476 rationalis
1798 1426 1868 1490 est,

552 1503 674 1586 species
694 1506 830 1570 hominis
858 1527 921 1570 non
949 1515 1017 1580 est,
1051 1508 1107 1569 sed
1135 1504 1298 1567 dicendum
1323 1515 1393 1581 est,
1427 1506 1573 1588 qnoniam
1599 1506 1729 1570 velatis
1751 1529 1869 1590 genere

510 1603 542 1655 tt
552 1607 685 1660 tractum
717 1599 876 1662 videbitur
904 1610 1136 1682 argumentum.
1201 1599 1282 1660 Nam
1305 1619 1346 1659 cx
1369 1619 1487 1681 genere
1511 1599 1600 1684 quasi
1623 1619 1664 1661 ea
1693 1598 1868 1662 continenti

551 1700 646 1772 atque
666 1691 819 1774 ampliore
838 1703 870 1755 et
889 1693 927 1754 de
952 1689 1124 1755 substantia
1146 1691 1327 1773 praedicato
1349 1690 1427 1755 fides
1452 1693 1595 1767 ducitur,
1630 1713 1722 1776 qoam
1745 1706 1865 1757 sortcnr

550 1785 592 1846 ad
609 1805 666 1847 sua
689 1783 847 1849 individua
866 1785 1003 1868 speciem
1027 1805 1119 1850 nemo
1142 1782 1262 1846 dubitat
1290 1783 1447 1849 obtinere.
1502 1787 1583 1850 Nam
1607 1797 1638 1848 et
1658 1786 1801 1850 continet
1826 1807 1863 1849 ea

549 1887 582 1940 et
603 1879 641 1941 de
663 1899 773 1942 coctam
795 1878 969 1942 substantia
990 1878 1204 1960 praedicatur.

633 1969 732 2056 (Cap.
756 1975 809 2037 to.
831 1979 882 2050 §§.
906 1973 1057 2053 dl-dd.)
1078 1969 1276 2037 Similitudo
1296 1971 1449 2060 sequitur
1469 2003 1510 2018 -·
1531 2007 1573 2020 -
1594 2007 1636 2018 -
1656 1987 1864 2060 argumenta

507 2063 736 2129 asumuntur.

632 2158 683 2224 De
718 2158 929 2224 similitudinis
956 2161 1032 2225 loco
1063 2161 1157 2241 plane
1186 2167 1281 2240 atquc
1311 2158 1458 2241 expedite
1494 2161 1641 2225 disseruit
1675 2183 1865 2246 omnemque

548 2253 671 2335 aperuit
682 2253 895 2330 intellectum,
918 2251 1151 2318 similitudinum
1168 2251 1308 2315 dividens
1322 2251 1461 2328 formas,
1485 2253 1754 2340 praescripsitque
1770 2277 1864 2339 aper-

547 2347 684 2424 tissime,
719 2349 834 2430 quibus
857 2348 957 2434 magis
977 2369 1019 2412 cx
1038 2345 1238 2412 similitudine
1261 2355 1444 2430 argumenta
1466 2347 1707 2431 contingerent,
1739 2351 1860 2425 idest,

546 2440 748 2523 philosophis
770 2454 866 2526 atque
888 2443 1086 2507 oratoribus.
1143 2439 1270 2504 Etenim
1299 2438 1472 2504 similitudo
1495 2441 1753 2522 persuasionibus
1777 2443 1864 2506 vide·

503 2533 599 2596 tatur
621 2533 792 2616 aptissima.
836 2537 917 2600 Nam
941 2538 1028 2621 quod
1048 2535 1081 2601 in
1102 2555 1195 2597 atnam
1217 2533 1268 2597 vel
1290 2535 1398 2617 plures
1421 2546 1512 2597 extra
1527 2555 1611 2612 eam,
1636 2538 1674 2598 de
1690 2557 1752 2618 qua
1768 2556 1865 2618 quac-

545 2627 646 2704 ritur,
670 2649 794 2692 causam
816 2633 928 2693 cadere
949 2631 1049 2705 solet,
1073 2628 1168 2692 facile
1191 2628 1277 2690 credi
1299 2636 1407 2710 potest
1426 2626 1458 2690 in
1480 2649 1548 2690 eam
1570 2647 1715 2712 quoque,
1740 2632 1780 2691 de
1801 2649 1863 2712 qua

482 2779 486 2786 .
545 2720 734 2806 ambigitur,
759 2724 943 2788 convenire.
998 2723 1124 2786 idcirco
1146 2743 1186 2784 ex
1209 2719 1408 2786 similitudine
1430 2731 1551 2786 tractae
1572 2721 1862 2804 argumentationes

544 2835 692 2900 magnum
726 2817 908 2880 oratoribus
937 2839 1027 2880 usum
1059 2827 1235 2898 praestant.
1288 2812 1497 2896 Philosophia
1527 2835 1676 2901 quoque,
1711 2815 1862 2895 quoniam

543 2928 608 2971 noo
629 2907 660 2972 io
683 2910 828 2973 omnibus
854 2911 1090 2995 quaestionibus
1109 2907 1380 2974 demonstratione
1404 2920 1553 2986 utuntur,
1590 2911 1646 2970 sed
1669 2906 1861 2990 aliquotiens

499 3005 532 3057 ts
544 2999 611 3064 veri
627 2999 737 3064 similia
753 3001 928 3088 colligunt,
953 3025 1018 3087 quo
1033 3003 1067 3067 id
1084 3003 1207 3068 facilius
1231 3003 1461 3084 persuadeant,
1485 3002 1573 3084 quod
1594 2998 1736 3063 nituntur
1751 3012 1860 3064 osten-

542 3093 636 3167 dere,
666 3094 839 3160 similitudo
862 3117 969 3159 rerum
987 3117 1081 3179 saepe
1103 3108 1151 3160 est
1172 3093 1401 3177 conquirenda.
1455 3097 1564 3178 Atque
1585 3093 1705 3157 idcirco
1726 3094 1820 3158 locus
1841 3115 1860 3156 a

541 3187 743 3253 similitudine
772 3189 955 3254 oratoribus
982 3191 1118 3253 maxime
1146 3187 1411 3272 philosophisque
1440 3185 1613 3262 conducit,
1652 3207 1717 3250 non
1753 3197 1858 3250 tamen

540 3281 630 3345 solis.
675 3281 795 3347 Omnes
815 3283 896 3347 enim
914 3282 979 3348 loci
1001 3302 1184 3348 communes
1203 3293 1276 3344 sttut
1295 3281 1448 3365 cuiusque
1471 3279 1633 3354 materiae,
1657 3281 1715 3342 aed
1732 3279 1764 3344 in
1781 3282 1859 3344 alias

540 3373 670 3438 uberius
684 3373 845 3453 incidunt,
868 3375 900 3439 in
912 3376 980 3440 aliis
993 3378 1156 3462 angustius
1172 3374 1388 3440 inveniuntur.
1433 3373 1593 3454 Quocirca
1608 3373 1746 3458 cognitis
1763 3387 1859 3460 atque

498 3470 613 3531 tuente
634 3467 793 3550 perceptis
812 3469 891 3533 locis
914 3469 1115 3554 quaestiones
1137 3471 1245 3553 ipsae,
1284 3489 1364 3551 quae
1392 3469 1632 3539 tractabuntur,
1671 3465 1788 3548 quibus
1815 3467 1859 3532 uti
1946 3525 1947 3532 ,

540 3561 672 3638 debeat,
695 3561 857 3626 sollertem
880 3564 1016 3627 anianum
1040 3575 1193 3647 poterunt
1212 3565 1394 3625 admonere.
1450 3559 1563 3625 Omnis
1586 3579 1665 3623 vero
1683 3559 1859 3624 similitudo
1945 3601 1946 3608 .

540 3653 660 3735 duplex
679 3663 746 3730 est3
783 3665 838 3734 ant
859 3655 940 3719 enim
961 3673 1003 3720 ex
1031 3656 1176 3739 pluribus
1206 3658 1302 3718 rebus
1323 3653 1495 3718 similitudo
1517 3653 1680 3738 colligitur
1706 3665 1738 3717 et
1758 3655 1860 3718 iudae-
1944 3677 1945 3690 ¹

538 3745 608 3809 ctio
636 3758 853 3829 noncupatur,
892 3750 980 3834 quod
1008 3750 1126 3815 Graeci
1147 3743 1319 3834 ἐπαγωγὴν
1342 3747 1523 3822 noruinaut,
1562 3757 1615 3809 aut
1638 3747 1785 3829 singulae
1807 3769 1859 3810 res

537 3860 598 3922 per
625 3839 858 3903 similitudinem
879 3854 1118 3924 comparantur.
1161 3843 1220 3908 'Ac
1241 3841 1333 3924 prior
1359 3841 1486 3923 quidem
1510 3839 1687 3904 huiusmodi
1708 3852 1771 3904 est.
1825 3839 1859 3902 si
1942 3843 1943 3850 ’

495 3937 626 3993 ssttttor
647 3933 741 3996 iidem
763 3944 927 4015 praestare
948 3937 1060 4011 debet,
1095 3936 1123 4001 si
1144 3936 1267 4010 socius,
1291 3935 1316 3999 si
1338 3934 1388 3997 cui
1411 3933 1623 4008 mandaveris,
1647 3933 1675 3995 si
1696 3933 1753 4015 qui
1774 3933 1858 3996 iido-
1940 3989 1941 4008 ,

537 4023 617 4088 ciam
640 4026 816 4109 acceperit,
841 4030 934 4092 debet
956 4030 1049 4093 etiam
1071 4041 1280 4112 procurator.
1326 4029 1406 4091 Nam
1428 4048 1523 4112 quum
1546 4025 1576 4089 in
1591 4025 1737 4109 pluribus
1758 4029 1855 4090 rebus
1939 4063 1940 4089 t

411 4177 418 4195 ,
536 4117 615 4182 fides
643 4120 798 4202 praestari
823 4124 935 4186 debeat
963 4145 1090 4209 unaque
1124 4123 1294 4187 similitudo
1321 4119 1361 4183 sit
1384 4120 1415 4182 in
1440 4121 1502 4182 lide
1526 4121 1712 4202 praestanda
1732 4131 1797 4182 um
1822 4119 1854 4181 in
1938 4143 1939 4168 t

535 4221 646 4278 tutore
656 4235 748 4296 qnam
763 4216 853 4280 socio
865 4225 959 4300 atquc
971 4237 1023 4292 eo,
1040 4218 1091 4280 cui
1106 4218 1282 4279 mandatum
1298 4211 1355 4290 sit,
1371 4233 1487 4297 eoque,
1500 4213 1553 4296 qui
1565 4211 1709 4277 liduciatn
1721 4233 1855 4295 accepe-
1936 4227 1938 4302 j

536 4303 602 4368 rit:
636 4307 730 4370 debet
758 4311 867 4372 eadem
889 4308 1060 4374 similitudo
1091 4307 1296 4392 procuratori
1324 4307 1415 4370 etiam
1446 4307 1630 4368 contenire.
1689 4304 1853 4368 Fiduciam
1936 4303 1937 4328 l

494 4407 526 4458 tt
539 4419 616 4462 sero
637 4401 778 4485 acecpit,
802 4403 980 4488 cuicunque
1001 4425 1054 4467 res
1074 4401 1177 4486 aliqua
1201 4401 1413 4482 tuaucipatur,
1449 4411 1483 4462 ut
1505 4419 1572 4461 eatn
1595 4397 1783 4481 mancipanti
1802 4419 1854 4461 re·
1934 4473 1935 4487 ἢ

536 4491 713 4575 mancipet3
748 4495 853 4571 velut,
886 4495 914 4559 si
936 4495 1007 4580 quis
1029 4509 1153 4578 tempus
1176 4495 1302 4557 dubium
1325 4493 1435 4556 timeus
1458 4491 1559 4555 amico
1585 4491 1761 4575 potentiori
1781 4491 1853 4553 lun·

537 4585 609 4648 dum
633 4587 810 4670 mancipet,
848 4601 882 4652 ut
903 4589 953 4665 ei,
987 4611 1083 4696 quum
1106 4601 1248 4670 tempus,
1274 4591 1360 4670 quod
1381 4597 1561 4668 suspectum
1584 4597 1653 4664 est,
1677 4583 1854 4668 praeterio·
1932 4643 1933 4647 ,

535 4677 595 4753 rit,
618 4681 748 4744 reddat:
785 4683 864 4745 baec
886 4682 1078 4788 mancipatio
1100 4679 1262 4744 fiduciaria
1285 4679 1463 4743 nominatur
1484 4679 1624 4754 idcirco,
1654 4681 1742 4764 qnod
1761 4675 1852 4740 resti·

535 4771 646 4834 tuendi
664 4773 982 4857 lidesinterpouitur.
1034 4777 1106 4840 Hac
1129 4773 1337 4836 similitudinis
1371 4772 1561 4836 collectione
1595 4771 1764 4854 plurimum
1791 4773 1852 4834 So·
1929 4785 1931 4854 ἰ

493 4861 640 4928 “crates
670 4886 741 4929 esse
774 4888 850 4930 usus
880 4867 1014 4944 dicitur,
1053 4878 1086 4930 ut
1119 4865 1150 4928 itt
1172 4867 1318 4931 Platonis
1352 4866 1597 4971 aliorumque
1570 4887 1637 4928 etus
1659 4875 1850 4927 sectatorum
1929 4855 1930 4884 ¹

536 4957 750 5022 voluminibus
779 4958 952 5025 invenitur.
1007 4959 1164 5042 Quotiens
1194 4979 1273 5024 vero
1295 4981 1354 5023 una
1376 4979 1429 5023 res
1449 4961 1504 5022 uni
1526 4957 1573 5022 rei
1594 4980 1653 5043 pet·
1674 4955 1852 5022 similitudi·

1398 5081 1852 5104 Μ

609 5163 638 5220 9.
656 5162 775 5236 species]
795 5163 874 5219 Blae.
892 5191 930 5206 -
947 5181 1039 5234 genua
1058 5161 1127 5218 aad.
1166 5167 1211 5224 25.
1232 5164 1347 5236 aliquot.
1366 5160 1541 5213 universalia
1560 5157 1622 5214 coll.
1642 5159 1711 5215 Vsa.
1732 5159 1822 5215 rana.
