4434 5959
969 557 1062 625 LlB.
1094 559 1162 627 111.
1666 563 1727 627 325

411 692 504 773 ponit
538 704 570 757 et
605 694 749 773 nomina,
784 700 872 781 qiiod
895 699 1089 781 'specialiter
1123 700 1292 767 Aristoteli
1318 704 1350 768 in
1390 706 1475 771 omni
1510 706 1726 770 doctrinarum

410 808 530 869 genere
564 788 759 869 peritissimo
788 813 852 855 non
874 792 1018 869 videtur,
1052 806 1275 881 pernegatque
1297 798 1328 861 in
1353 801 1485 880 Topicis
1507 802 1633 865 nomine
1657 802 1728 865 fieri

409 880 644 957 definitionem,
670 885 778 948 ‘ccliiti
799 886 826 949 si
848 886 918 967 cittis
940 888 1041 961 dieat,
1078 889 1234 972 quidest
1254 893 1502 957 conticescere?
1538 907 1569 957 et
1591 915 1727 975 respon·

409 975 542 1053 deatur,
579 988 711 1042 tacere:
747 982 806 1043 bae
834 983 921 1044 nullo
953 984 1048 1045 ruodo
1079 983 1276 1047 definitiones
1305 988 1468 1050 habendae
1489 1000 1575 1051 silut.
1631 991 1728 1068 Quod

408 1068 501 1131 etiam
524 1070 686 1153 exipsius
709 1075 762 1137 M.
786 1075 884 1138 'l'ullii
907 1074 1089 1138 definitione
1111 1077 1286 1158 approbari
1308 1092 1432 1160 potest,
1457 1102 1645 1166 penuriam,
1671 1085 1755 1145 ‹le-s

408 1163 509 1226 linitio
538 1164 614 1247 qttid
640 1179 741 1241 esset,
781 1168 932 1241 ostendit;
966 1169 1045 1231 dixit
1073 1169 1155 1243 euim
1186 1190 1255 1233 esse
1287 1173 1499 1237 definitionem
1528 1176 1725 1244 orationem,

409 1276 493 1341 quae
514 1256 562 1332 id,
588 1261 676 1341 quod
697 1261 864 1336 delinitur,
889 1261 1044 1343 explicat,
1068 1262 1143 1347 quid
1166 1263 1219 1328 sit.
1264 1268 1327 1329 Sed
1350 1290 1445 1351 quum
1468 1290 1582 1333 nornen
1602 1292 1664 1332 non
1687 1268 1728 1330 sit

409 1350 533 1424 oratio,
559 1351 755 1415 ntanilestum
778 1367 826 1417 cst
846 1356 970 1419 nornine
996 1355 1210 1420 definitionem
1235 1380 1299 1420 non
1318 1381 1412 1440 posse
1434 1361 1602 1437 constitui,
1628 1384 1723 1446 qiuaun

407 1444 595 1526 praesertim
620 1468 658 1509 ue
681 1447 784 1509 onmia
809 1447 955 1530 quidem,
995 1472 1077 1533 qtrac
1099 1452 1245 1514 oratione
1273 1466 1463 1533 promuntur
1488 1467 1583 1537 atque
1610 1455 1727 1538 aliquid

411 1540 599 1613 ostendunt,
630 1541 767 1621 proprio
797 1542 985 1606 definitionis
1010 1544 1136 1607 nominc
1165 1544 1352 1629 signentur,
1378 1548 1477 1611 veluti
1499 1546 1728 1629 descriptiones
1745 1566 1775 1613 to

411 1630 576 1714 omnisque
598 1632 677 1709 alia,
715 1656 794 1717 quiae
817 1657 880 1697 nou
902 1659 943 1698 ex
973 1638 1232 1701 substantialibus
1255 1640 1422 1723 partibus,
1447 1645 1504 1704 sed
1525 1662 1565 1703 ex
1586 1642 1730 1724 qrtolibct

410 1725 475 1788 alio
500 1730 595 1789 modo
624 1728 802 1792 coniunctis
825 1730 984 1793 efficitur:
1022 1734 1108 1812 quod
1130 1754 1169 1794 ue
1190 1732 1257 1815 ipse
1280 1733 1403 1818 quidem
1425 1735 1614 1813 Victorinus
1637 1736 1729 1819 igno-

411 1831 475 1885 rat.
521 1820 584 1882 Sed
606 1822 731 1884 videtur
754 1824 783 1884 id
805 1822 997 1887 delinitionis
1019 1824 1094 1887 loco
1115 1824 1188 1907 ipse
1209 1826 1270 1889 sibi
1294 1827 1481 1891 Victorinus
1504 1833 1542 1899 ad
1559 1829 1729 1891 disserendi

408 1914 579 1995 sumpsisse
600 1916 820 1996 propositum,
845 1920 933 2000 quod
954 1940 1087 2003 utroquo
1105 1923 1202 1981 ruodo
1223 1943 1289 1982 rem
1306 1922 1478 1985 subiectam
1496 1932 1607 2003 posset
1623 1933 1730 1983 osten-

412 2019 501 2080 dere.
556 2010 682 2073 Idcirco
713 2010 793 2073 enint
817 2032 930 2073 nomen
953 2034 1082 2095 quoque
1106 2012 1135 2075 in
1158 2014 1374 2077 definitionum
1398 2038 1561 2078 nunmrum
1584 2015 1773 2095 recepit,1s

410 2107 559 2193 quoniam
582 2126 676 2185 saepe
701 2105 826 2168 notiore
849 2104 1006 2169 vocabulo
1028 2104 1064 2165 iit
1085 2104 1218 2181 clarius,
1244 2111 1330 2191 quod
1352 2109 1516 2193 ignotiore
1539 2120 1629 2169 antea
1652 2129 1732 2188 pro-

413 2204 509 2267 latum
532 2200 662 2261 latebat.
720 2198 848 2262 Idcirco
870 2198 961 2261 etiam
985 2218 1042 2261 nos
1068 2199 1215 2280 superius
1238 2202 1372 2265 dixiiuus
1395 2201 1636 2284 explicationem
1659 2200 1731 2263 lieri

412 2296 538 2359 duobus
561 2292 680 2367 modis,
713 2314 776 2355 imo
799 2293 943 2373 quidem,
973 2313 1069 2375 quum
1092 2313 1154 2373 pro
1176 2315 1211 2356 re
1235 2294 1357 2358 mininie
1380 2298 1508 2380 cognita
1531 2293 1653 2375 planius
1676 2295 1732 2354 ali-

412 2389 489 2473 quid
510 2388 681 2459 afferatur,
706 2386 769 2449 alio
793 2406 889 2459 vero,
925 2406 1019 2468 quum
1042 2385 1080 2446 fit
1101 2406 1161 2467 per
1183 2390 1337 2470 quandam
1361 2391 1495 2469 partium
1518 2387 1733 2451 enumeratio·

413 2504 501 2545 nem:
528 2492 562 2543 ut
584 2500 619 2542 ea
643 2480 768 2563 qitidem
792 2480 982 2561 explicatio,
1017 2478 1049 2540 in
1073 2500 1134 2563 qua
1157 2480 1260 2542 notius
1284 2482 1401 2564 aliquid
1424 2484 1573 2557 affertur,
1597 2480 1775 2549 neminisse

413 2575 471 2647 sit,
508 2594 545 2636 ea
568 2593 666 2646 vero,
702 2594 783 2657 quac
805 2572 840 2633 lit
862 2594 921 2653 per
942 2572 1077 2653 partium
1100 2574 1386 2649 enumerationem,
1412 2575 1586 2649 orationis3
1622 2596 1732 2657 quam-

414 2690 507 2752 quam
531 2667 622 2731 etiarn
650 2667 682 2730 in
705 2666 782 2749 ipsis
805 2665 1003 2731 orationibus
1024 2686 1150 2747 semper
1171 2667 1294 2747 planius
1316 2667 1434 2751 aliquid
1456 2670 1630 2741 afferatur,
1666 2687 1732 2749 quo

415 2760 593 2827 uotiusfiat
615 2760 710 2833 illud,
747 2762 785 2823 de
806 2780 871 2842 quio
894 2759 1071 2823 disseritur.
1124 2761 1167 2825 Ut
1189 2761 1288 2846 igitur
1308 2761 1383 2824 nihil
1407 2761 1567 2844 expositio
1591 2770 1732 2842 praetcr-
1829 2827 1833 2834 ⁴

415 2856 516 2922 mittat
535 2868 566 2919 et
585 2855 775 2919 definitionis
797 2854 978 2938 proprietas
1001 2868 1153 2935 appareat
1174 2856 1283 2939 itaque
1304 2855 1406 2919 omnia
1430 2855 1461 2917 in
1477 2854 1619 2919 notitiam
1635 2854 1733 2915 dedu·

415 2960 543 3023 cautim,
574 2960 608 3011 ut
631 2970 688 3013 nec
710 2970 783 3013 vcra
807 2947 949 3011 delinitio
971 2947 1130 3009 nesciatur
1150 2960 1204 3021 et,
1236 2970 1315 3032 qttac
1337 2968 1401 3011 noo
1422 2948 1463 3012 sit
1484 2946 1617 3030 proprie
1641 2965 1776 3012 vere-2⁵

415 3065 477 3127 que
499 3042 658 3118 definitio,
682 3044 742 3105 sub
764 3041 926 3105 scientiam
949 3044 1057 3105 cadat:
1081 3042 1151 3105 talis
1167 3042 1382 3104 definitionum
1398 3040 1573 3104 differentia
1589 3037 1732 3102 iacienda

415 3150 475 3203 est.
529 3134 756 3200 Definitionum
790 3134 871 3198 enirn
894 3133 975 3198 aliae
997 3135 1128 3217 proprie
1151 3136 1350 3199 definitiones
1372 3148 1465 3209 scint,
1497 3134 1574 3196 aliac
1597 3130 1732 3196 abusivo

415 3242 638 3311 nitncupantur
666 3232 774 3292 niodo.
832 3230 883 3292 Ac
910 3228 1043 3313 proprie
1076 3228 1207 3311 quidem
1233 3229 1432 3294 definitiones
1455 3240 1548 3299 sunt,
1586 3246 1667 3311 quae
1690 3246 1732 3286 cx

414 3344 531 3412 genere
554 3322 800 3403 differentiisque
823 3322 1017 3397 consistunt,
1042 3324 1129 3384 velut
1151 3323 1249 3385 haec:
1272 3328 1388 3388 Hosne
1408 3334 1460 3386 est
1479 3320 1610 3383 nerimal
1623 3318 1731 3380 catio·

413 3420 508 3493 nole,
532 3418 689 3481 mortale.
733 3419 798 3480 Hic
820 3416 899 3479 enirn
923 3418 1034 3480 animal
1057 3438 1157 3500 genus
1178 3428 1244 3491 est,
1269 3417 1425 3480 rationale
1447 3436 1528 3479 vcro
1551 3423 1582 3477 et
1598 3410 1732 3474 mortale
1744 3430 1777 3481 to

414 3509 623 3573 differentiae.
679 3511 798 3573 Earum
828 3530 908 3572 vet-o
932 3509 1167 3585 definitionum,
1200 3532 1281 3593 qliae
1303 3533 1366 3575 non
1390 3508 1539 3592 proprie,
1575 3507 1631 3567 aed
1654 3506 1732 3569 abu·

414 3606 510 3667 tendo
533 3600 728 3665 definitiones
751 3612 925 3678 vocantur,
956 3603 1033 3665 aliae
1055 3614 1149 3678 sunt,
1173 3624 1255 3686 quae
1276 3602 1407 3687 siugulis
1432 3600 1610 3665 notionibus
1632 3600 1732 3660 deno·

413 3706 541 3772 tantur,
577 3695 657 3757 aliae
680 3716 778 3770 vero,
816 3716 895 3779 quas
916 3696 1054 3776 explieat
1076 3717 1114 3758 ae
1136 3696 1295 3777 depromit
1316 3697 1434 3761 oratio.
1476 3697 1586 3779 Atque
1607 3693 1731 3754 illarum

414 3792 541 3875 quidem
563 3788 797 3866 definitionum,
829 3810 909 3873 qitae
932 3799 1050 3853 tauttun
1074 3791 1201 3853 nouriue
1222 3790 1405 3873 signantur,
1437 3788 1514 3852 aliae
1535 3798 1625 3861 saint,
1650 3806 1730 3870 qirae

415 3879 501 3949 κατὰ
528 3882 630 3963 λέξιν,
669 3882 789 3957 idest,
827 3886 867 3945 ad
896 3886 1045 3959 verbum,
1082 3883 1180 3960 fitint,
1219 3906 1313 3967 qttrrut
1343 3905 1404 3966 pro
1434 3878 1560 3946 nornine
1588 3880 1730 3941 redditur
1743 3905 1776 3953 35

416 3998 552 4050 nomen,
587 3977 674 4039 velut
700 3975 726 4039 si
756 3977 837 4039 dicat
863 3976 992 4061 aliquis,
1022 3976 1106 4061 quiri
1133 3990 1184 4040 est
1204 3976 1458 4040 conticescere?
1486 3985 1518 4037 et
1540 3975 1731 4055 respondea-

416 4082 486 4144 tur,
525 4073 673 4143 Toeere3
710 4070 793 4153 quid
813 4080 864 4133 est
885 4072 1027 4135 licerit?
1057 4071 1224 4135 Percntita
1252 4071 1331 4133 aliae
1354 4091 1453 4144 vero,
1486 4088 1570 4151 quae
1592 4063 1731 4145 exempli

416 4161 519 4249 gratia
551 4173 728 4245 ponuntur,
765 4172 801 4225 ut
831 4184 926 4245 qttiuu
960 4164 1105 4228 volumus
1127 4164 1311 4247 designare,
1349 4162 1426 4246 quid
1456 4171 1504 4223 est
1535 4158 1729 4230 substantia,

416 4252 555 4339 exempli
574 4256 676 4341 gratia
699 4254 845 4319 dicimus:
868 4258 977 4321 houm.
1022 4258 1114 4319 Haec
1137 4269 1270 4321 vocatur
1291 4257 1415 4318 Graece
1437 4250 1556 4330 τύπος,
1580 4274 1660 4336 qliae
1681 4249 1731 4313 id·

416 4351 526 4423 circo,
564 4350 733 4413 utdictuua
755 4362 821 4427 est,
859 4350 944 4414 iuter
971 4349 1170 4414 definitiones
1192 4351 1342 4432 ponitur,
1382 4347 1530 4432 quoniam
1553 4346 1607 4421 id,
1645 4346 1774 4428 quodtt

414 4446 559 4531 quolibet
581 4446 676 4509 ruodo
698 4444 817 4531 aliquid
839 4444 1004 4529 designat,
1036 4444 1124 4518 eius,
1147 4446 1235 4527 qrtod
1257 4442 1463 4523 designatur,
1486 4438 1545 4503 etsi
1569 4444 1632 4501 non
1652 4459 1731 4518 pro·

415 4540 503 4622 prie,
526 4551 629 4601 tamen
650 4537 756 4624 aliquo
776 4542 871 4603 modo
890 4540 1015 4603 videtur
1038 4562 1106 4603 esse
1124 4536 1279 4602 delinitio.
1331 4538 1449 4601 Earum
1471 4554 1552 4597 vero
1570 4530 1731 4595 delinitio·

415 4654 507 4709 urim,
531 4654 612 4716 qttac
631 4633 661 4695 in
684 4634 830 4698 oratione
848 4632 1043 4719 ¹consistunt,
1074 4652 1177 4717 neque
1199 4645 1302 4694 tanum
1327 4642 1399 4693 siant
1422 4628 1590 4710 propriae,
1617 4624 1730 4730 ripaltae

414 4738 487 4790 stant
512 4726 724 4789 diversitates.
781 4728 923 4807 Quarum
954 4738 1001 4789 est
1029 4726 1168 4791 omnium
1197 4746 1310 4788 nornen
1339 4744 1504 4786 coruiimne
1541 4726 1728 4797 descriptio.

414 4822 537 4884 Harum
557 4818 636 4883 aliae
657 4820 736 4883 fittnt
753 4818 939 4903 partitione,
965 4820 1043 4883 aliae
1061 4819 1233 4895 divisione,
1257 4820 1429 4903 dequibus
1452 4814 1596 4898 superius
1611 4812 1728 4874 dietum
1741 4835 1772 4884 42

490 5036 535 5091 28.
551 5034 678 5102 proprie]
698 5030 775 5085 Eius.
795 5030 864 5085 Van.
883 5058 920 5073 —
936 5036 1070 5101 propriae
1088 5035 1186 5087 ceteri.
1223 5037 1270 5091 35.
1288 5027 1370 5088 κατὰ
1389 5030 1477 5103 liger]
1499 5033 1575 5087 Etes-
1595 5042 1611 5077 a
1630 5048 1671 5105 pr.
1692 5048 1729 5083 ιιι.

416 5132 450 5151 -
470 5106 533 5163 κατ’
558 5104 707 5177 nerstein
725 5103 793 5161 lldd.
831 5110 877 5167 56.
897 5112 1091 5178 conticescere]
1113 5108 1190 5168 Elns.
1210 5110 1277 5161 l'sn.
1297 5134 1332 5151 ι-
1350 5111 1488 5163 conticere
1510 5105 1606 5161 ceteri.
