4434 5959
562 628 621 692 13⁶
1018 624 1307 699 VICTORINUS

644 759 834 834 Verborum
853 777 887 830 et
906 765 1165 847 sententiarum]
1187 764 1297 845 λέξεως
1319 776 1349 829 et
1371 764 1518 843 διανοίας
1539 758 1702 853 σχήματα.

642 862 753 943 Atque
773 860 836 922 ltoc
861 858 908 921 ait
939 858 1035 922 nobis
1060 856 1187 921 dictum
1205 857 1428 921 eommteniter
1448 858 1488 919 de
1514 859 1606 920 omni
1625 880 1749 942 genere
1772 861 1859 921 lom-

558 972 637 1015 rum
656 951 897 1031 communium]
939 952 985 1015 Ut
1005 962 1037 1013 et
1057 971 1173 1035 genera
1191 954 1253 1012 duo
1274 948 1389 1012 dixerit
1407 951 1614 1014 coutmunitun
1638 953 1805 1025 locorum;
1824 948 1857 1010 id

559 1057 626 1121 est,
649 1055 753 1110 certae
774 1042 820 1106 rei
841 1052 872 1105 et
892 1041 1049 1119 incertaer
1072 1055 1104 1106 et
1118 1044 1374 1128 quemadmodum
1391 1042 1452 1105 sint
1471 1043 1618 1116 dicenda.
1642 1042 1857 1126 praeceptrit3

534 1138 616 1200 ⁶scd
635 1138 697 1204 hoc
719 1136 908 1221 generaliter
928 1136 959 1201 in
983 1135 1127 1198 omnibus
1156 1135 1444 1199 constitutionibus.
1488 1138 1581 1200 Nunc
1601 1150 1699 1200 autent
1722 1136 1754 1199 in
1778 1136 1859 1195 banc

558 1228 817 1292 constitutionem
838 1227 990 1309 proprios
1011 1228 1225 1291 coniecturae
1245 1228 1335 1289 locos
1357 1250 1536 1291 communes
1559 1232 1656 1292 dabit.
1804 1240 1808 1247 “

640 1323 743 1385 Nunc
763 1327 972 1401 exponemus
993 1320 1029 1382 in
1051 1320 1290 1383 coniecturalem
1312 1322 1582 1385 constitutionem
1601 1322 1659 1406 qui
1684 1320 1746 1384 lori
1764 1340 1857 1383 corn·

558 1434 677 1475 munes
703 1413 851 1481 inridere
882 1413 1025 1493 soleant]
1068 1412 1232 1476 Locorum
1262 1414 1467 1475 communium
1499 1435 1615 1497 genera
1651 1416 1730 1477 dieta
1762 1423 1854 1474 aunt:

559 1507 816 1591 quemadmodum
841 1505 1004 1579 dicantur,
1035 1518 1235 1589 praeceptum
1263 1518 1321 1569 est.
1371 1507 1419 1571 lta
1453 1509 1572 1581 omnia,
1607 1530 1683 1591 quae
1712 1507 1751 1565 de
1773 1501 1856 1567 loeis

518 1596 549 1645 ¹⁰
559 1598 772 1666 communibus
792 1599 1009 1681 praecipienda
1031 1598 1234 1674 videbantur.
1259 1599 1402 1681 exposita
1425 1600 1517 1663 etiam
1540 1611 1623 1663 sunt.
1665 1600 1759 1660 Nunc
1781 1598 1857 1658 sub·

557 1692 657 1777 irrugit
671 1702 777 1756 certos
791 1692 1004 1754 coniecturae
1018 1692 1126 1769 locos,
1150 1691 1249 1776 quiin
1265 1692 1355 1754 aliam
1375 1694 1626 1757 constitutionem
1641 1710 1703 1753 uon
1719 1691 1855 1751 cadunt:

558 1798 631 1849 aunt
650 1784 731 1847 enim
753 1785 965 1849 coniecturae
986 1794 1102 1849 tantum
1125 1786 1206 1848 etin
1229 1784 1397 1870 quamlibet
1417 1786 1642 1850 coniecturam
1664 1785 1747 1847 dicta
1769 1781 1859 1847 sirni-

557 1877 689 1942 litudine
711 1878 951 1944 transferentur.

640 1968 895 2051 Suspiciouibua
926 1968 1020 2033 credi
1043 1981 1200 2052 oportere
1227 1982 1259 2033 at
1282 1991 1350 2034 non
1371 1972 1541 2053 oportere]
1596 1972 1639 2034 Et
1663 1968 1779 2052 reliqui
1807 1968 1858 2031 sel

514 2059 610 2148 ¹⁵qui
632 2060 785 2145 suppositi
807 2073 879 2123 sunt
902 2063 951 2125 vel
973 2061 1027 2147 qui
1052 2084 1122 2127 esse
1146 2074 1290 2145 possunt.
1335 2064 1397 2144 Qui
1419 2086 1526 2128 omnes
1544 2086 1583 2127 ex
1601 2062 1724 2125 thetieo
1739 2082 1858 2145 genere

558 2154 639 2230 orti,
677 2156 708 2221 itt
729 2154 920 2218 contrarium
950 2166 1131 2239 argutuenta
1163 2168 1308 2229 atununt;
1339 2169 1371 2219 et
1399 2179 1460 2220 uon
1490 2170 1549 2220 tam
1573 2156 1633 2221 loci
1655 2176 1854 2230 rotumnam,

557 2269 648 2332 quam
670 2248 814 2310 locorum
836 2248 1043 2313 communium
1071 2249 1134 2312 loci
1156 2259 1236 2314 stant.
1280 2250 1357 2311 Sunt
1385 2250 1437 2314 alii
1459 2251 1581 2334 proprii
1608 2249 1639 2312 in
1661 2250 1859 2313 coniectura

556 2339 748 2404 aocttsatoris
774 2352 805 2403 et
829 2341 954 2423 proprii
979 2342 1165 2405 defensetis.
1217 2343 1325 2425 Atque
1354 2344 1545 2407 accusatoris
1563 2345 1644 2417 duna
1681 2364 1778 2417 unus,
1801 2342 1858 2425 qui

557 2433 752 2504 atrocitatem
781 2433 859 2501 tacti
882 2436 1040 2510 aunuum,
1077 2434 1173 2508 alter,
1207 2455 1265 2515 per
1297 2456 1387 2517 quem
1419 2449 1513 2519 negat
1537 2438 1688 2499 malorum
1712 2434 1859 2499 misereri

514 2531 719 2609 2⁰0portere.
762 2526 950 2591 Defensoris
975 2528 1064 2591 etiam
1090 2526 1230 2589 similiter
1257 2529 1318 2589 duo
1345 2538 1435 2603 sunt;
1473 2549 1551 2590 tantis
1573 2526 1743 2589 declaratio
1769 2528 1857 2589 calu·

440 2620 444 2627 ’
555 2618 656 2686 maiae
679 2620 888 2696 accusatoris,
922 2622 999 2683 alter
1028 2618 1212 2704 conquestio
1242 2622 1410 2699 captandae
1433 2619 1676 2684 misericordiae.
1730 2620 1857 2683 Distant

555 2723 656 2777 autem
676 2734 693 2775 a
718 2712 850 2777 tltett'eis
871 2716 934 2777 boc
953 2716 1068 2787 modos
1098 2714 1183 2794 quod
1201 2710 1245 2774 illi
1267 2712 1380 2774 tabent
1405 2734 1444 2775 ex
1467 2724 1599 2797 utraque
1626 2726 1716 2794 parte
1738 2727 1857 2775 tracta·

553 2817 605 2875 tus
627 2815 659 2871 et
679 2804 712 2869 in
732 2806 921 2870 contrarium
944 2816 1122 2891 suggerunt
1140 2815 1339 2889 arguuteuta;
1362 2804 1499 2867 hinnitu
1519 2810 1731 2870 tantummodo
1752 2806 1854 2888 partis

553 2910 678 2963 suntet
701 2909 753 2962 aut
774 2895 1020 2983 indignationem
1049 2898 1149 2962 solam
1178 2908 1231 2959 aut
1259 2897 1356 2960 solam
1382 2897 1855 2981 exprimuntconquestionem.

511 2992 602 3063 ”Ita
625 2994 688 3059 dtto
713 3013 827 3075 genera
843 2994 986 3057 locorum
1009 2990 1218 3055 eommtmium
1239 3010 1307 3053 csse
1323 2988 1518 3055 manifestum
1541 3002 1603 3064 ectr
1629 3012 1744 3065 ttnttm,
1769 2996 1857 3077 quod

554 3107 596 3149 ex
612 3085 729 3167 duplici
750 3098 881 3150 tractatu
901 3087 1091 3171 generaliter
1116 3094 1256 3154 constat,
1288 3086 1371 3166 quod
1399 3084 1557 3146 tltett'cum
1579 3082 1711 3159 dicitur3
1746 3086 1853 3165 aliud,

553 3181 640 3263 qtmd
662 3178 802 3262 generali
826 3179 973 3263 quidem,
997 3182 1052 3243 sed
1072 3177 1162 3241 unius
1183 3176 1281 3258 partia
1306 3187 1359 3237 aut
1380 3176 1588 3260 indignatione
1613 3176 1680 3241 sola
1703 3188 1758 3239 aut
1777 3198 1856 3242 con·

554 3270 716 3353 questione
735 3282 898 3335 tractatur.
942 3272 1082 3335 Sciamus
1101 3282 1201 3332 autem
1218 3270 1285 3335 ,hos
1311 3290 1418 3332 omnes
1438 3270 1545 3344 locos,
1569 3270 1685 3343 idest,
1710 3269 1768 3331 ista
1791 3272 1856 3335 duo

554 3383 688 3447 genera,
712 3384 753 3427 ex
775 3362 880 3430 iisdem
903 3364 1159 3432 attributionibut
1181 3359 1330 3435 tractari,
1356 3383 1397 3423 ex
1416 3362 1533 3447 quibus
1548 3362 1855 3445 argumentationes,

511 3470 543 3533 ap
553 3455 586 3526 id
600 3467 665 3529 est,
689 3474 728 3518 ex
751 3455 905 3520 attributis
927 3478 1081 3539 personae
1104 3464 1136 3519 et
1159 3454 1313 3516 attributis
1337 3455 1487 3538 negotioa
1506 3454 1559 3519 illa
1574 3466 1690 3517 tantum
1710 3454 1857 3517 distantia

554 3560 586 3615 et
613 3544 734 3617 dicendi
756 3546 955 3623 diversitate,
992 3559 1026 3612 ut
1056 3548 1341 3633 argumentationes
1364 3548 1522 3627 subtilius,
1557 3548 1698 3621 tenuius,
1729 3550 1853 3609 acutius

554 3640 766 3721 explicentur:
788 3640 852 3703 loci
877 3662 953 3710 vero
974 3663 1155 3708 oouuuunes
1172 3640 1316 3724 granista,
1342 3644 1499 3715 ornatius,
1525 3640 1628 3707 serbis
1645 3651 1675 3703 et
1692 3638 1856 3701 sententiis

553 3734 791 3809 excellentibus,
836 3738 916 3800 Nam
947 3738 977 3797 in
1007 3734 1326 3819 argumentationibus
1360 3735 1427 3797 sola
1463 3733 1624 3818 quaeritur
1651 3733 1784 3797 scritate
1820 3730 1856 3797 in

552 3827 632 3899 locis
654 3840 754 3892 atatem
777 3828 1011 3904 cnrnmnnibus,
1035 3850 1221 3913 quamquam
1242 3838 1273 3889 et
1292 3828 1406 3891 veritas
1419 3840 1597 3901 asseratur,
1620 3837 1743 3901 tamen,
1767 3830 1858 3909 quod

509 3931 600 3984 asest
620 3920 746 3983 illorum
764 3921 946 4003 proprium,
966 3921 1013 3985 rei
1034 3923 1188 4003 [trebates
1210 3920 1382 4003 amplitudo
1400 3924 1549 4002 captanda
1569 3930 1629 3983 est.
1673 3920 1763 3983 Unde
1778 3918 1856 3981 satis
1947 3948 1953 3959 ·

552 4012 670 4077 clarum
693 4026 740 4077 est
755 4016 846 4078 etiam
870 4017 958 4079 locos
980 4014 1282 4099 argumentationum
1303 4014 1362 4075 vim
1376 4026 1500 4081 tenere:
1529 4014 1572 4077 ita
1590 4025 1711 4085 tamen,
1736 4022 1770 4073 ut
1787 4030 1856 4073 am-

550 4106 633 4189 plius
654 4106 771 4191 aliquid
795 4129 890 4192 agere
910 4110 1091 4185 videantur,
1116 4130 1209 4190 quum
1228 4119 1354 4190 praeter
1370 4108 1462 4171 fidem
1480 4106 1526 4171 rei
1546 4104 1699 4169 cumulum
1724 4102 1855 4170 ridean-

551 4210 604 4261 tur
624 4198 766 4282 implere.
810 4201 873 4282 Qui
893 4200 924 4266 in
947 4201 1121 4267 contrarias
1143 4212 1247 4283 pantes
1274 4203 1482 4277 deducentur,
1504 4200 1620 4267 thetici
1639 4208 1729 4261 sunt:
1753 4195 1856 4262 Credi

552 4302 704 4381 oportere
726 4302 758 4365 et
779 4314 842 4363 non
865 4306 1036 4376 oporteret
1058 4304 1090 4356 et
1113 4294 1206 4361 multa
1230 4294 1316 4359 talia.

1515 4418 1858 4441 κ*

644 4487 671 4537 1.
689 4478 841 4551 schemata]
860 4481 920 4535 Hoc
938 4497 990 4548 cat,
1010 4480 1119 4554 figurae.
1158 4479 1224 4534 Vide
1244 4496 1323 4537 notat
1343 4484 1426 4554 paulo
1445 4486 1606 4555 superiores.
1626 4484 1711 4539 ctas.

643 4556 671 4613 6.
688 4558 719 4605 t'n
736 4552 976 4616 ronsttluttont'bus
992 4594 1001 4616 .
1020 4592 1028 4621 .
1049 4594 1056 4610 .
1075 4560 1104 4607 ln
1130 4552 1199 4608 bane
1217 4560 1454 4627 constitutionem]
1488 4558 1541 4609 illc
1569 4552 1604 4612 sd
1623 4559 1789 4609 consta'tutt'o
1807 4555 1854 4611 'si-

551 4627 662 4712 gnificat
680 4636 786 4684 atatam
804 4636 971 4699 quaestionis
990 4635 1136 4697 oratoriae,
1156 4628 1210 4703 τὴν
1229 4632 1344 4689 στάσιν.
1364 4638 1451 4687 caan.

624 4700 696 4767 tete,
715 4707 901 4773 coniecturae]
935 4706 1009 4773 Qntd
1029 4705 1082 4757 hec
1101 4703 1235 4757 vocabule
1254 4705 1420 4777 significetur
1439 4700 1509 4779 apud
1529 4704 1671 4771 rhetoras,
1690 4720 1748 4757 nott
1764 4702 1854 4762 semel

551 4775 731 4850 explicuimus
751 4781 779 4830 itt
800 4779 1024 4850 praecedentibus
1043 4783 1127 4833 nntls.
1147 4779 1236 4839 Cara.

626 4857 671 4919 45.
691 4870 727 4910 ee
746 4852 849 4909 thetica
868 4856 981 4922 genere]
1003 4855 1063 4907 lice
1081 4870 1132 4917 est,
1152 4872 1183 4907 ex
1204 4870 1301 4925 genere
1319 4851 1441 4919 θέσεως,
1464 4858 1519 4905 slse
1538 4872 1569 4906 ea
1583 4870 1615 4907 en
1630 4852 1683 4905 incl
1696 4858 1854 4909 commenta

550 4942 664 4997 genem,
685 4924 757 4998 quod
777 4924 812 4979 ad
829 4926 918 4979 tltest'ta
937 4934 1067 5002 pertinet,
1113 4928 1210 4981 Thests
1229 4942 1320 4986 autern
1341 4942 1380 4981 est
1399 4928 1530 4998 generalla
1551 4930 1674 4999 quaestio
1693 4930 1722 4980 ln
1743 4940 1854 4981 utram.

550 4999 602 5072 qne
621 5016 726 5073 partem
751 4998 938 5074 deputabitis:
967 5003 1041 5059 serbi
1067 5008 1175 5075 gratla,
1205 5013 1298 5055 utrum
1323 5003 1522 5073 suspicionibus
1546 5002 1622 5055 ersdt'
1648 5008 1778 5076 oporteat
1802 5020 1855 5057 tace

550 5075 606 5137 tte?
622 5072 706 5130 caer.

622 5156 669 5217 21.
688 5152 873 5231 aesmaterts]
895 5148 962 5207 Cnd.
980 5150 1044 5214 Bas.
1064 5178 1099 5195 ·-
1118 5158 1310 5213 acuuatnrssm
1328 5148 1397 5213 nde.
1416 5148 1471 5209 Oa.
