4434 5959
633 619 694 684 DE
717 619 862 686 COMP.
886 622 946 685 ET
968 621 1030 686 DE
1051 619 1228 686 METRlS
1252 622 1392 687 ORAT.
1602 623 1662 688 189

359 780 454 832 ram,
478 759 641 820 iacentem
658 757 814 836 domum,
836 759 947 842 pluris
964 781 1066 844 quam
1082 770 1116 823 te
1138 771 1170 822 01
1173 758 1350 849 sortimur
1368 772 1445 824 trias
1459 759 1661 825 aestimasti.

358 851 526 914 Dichoreo
546 851 672 914 linitur:
696 863 728 913 at
748 853 897 932 spondeis
924 853 1101 933 proximum
1123 853 1212 915 illud.
1257 855 1336 916 llam
1360 853 1391 916 in
1412 853 1466 927 iis,
1498 856 1611 939 quihus
1630 865 1665 917 ut

360 943 561 1028 pugiunculis
586 943 631 1006 uti
654 953 799 1025 oportet,
834 945 970 1008 brevitas
994 945 1089 1008 saciet
1112 944 1176 1026 ipsa
1210 945 1379 1008 liberiores
1408 948 1518 1028 pedes.
1562 951 1664 1030 Saepe

357 1039 440 1100 cnisn
471 1036 601 1120 singulis
626 1041 771 1099 utendum
802 1049 867 1112 est,
900 1040 1085 1120 plerumque
1114 1036 1212 1112 binis,
1249 1050 1280 1098 et
1307 1038 1448 1120 utrisque
1478 1041 1547 1102 addi
1575 1041 1662 1122 pedis

352 1151 430 1212 pars
460 1139 586 1211 potest,
622 1151 686 1192 uon
710 1129 779 1191 lere
804 1130 903 1193 ternis
930 1130 1073 1212 amplius.
1127 1131 1250 1216 incisim
1272 1142 1373 1194 alitem
1402 1144 1433 1194 et
1470 1132 1687 1200 snernhratinrs

356 1232 491 1285 tractata
513 1222 617 1285 oratio
643 1221 673 1283 io
705 1220 790 1283 veris
810 1221 911 1284 causis
938 1223 1103 1307 plurimum
1138 1223 1240 1298 valet3
1277 1224 1474 1307 irrasiurcque
1504 1225 1540 1287 iis
1563 1225 1660 1299 locis,

360 1337 459 1398 qrrsun
490 1326 544 1378 aut
572 1335 687 1397 argius
716 1326 770 1376 aut
789 1314 932 1389 refellas3
965 1327 999 1378 ut
1021 1337 1078 1379 uos
1094 1316 1126 1378 in
1149 1315 1335 1380 Corneliana
1359 1319 1512 1378 ueneranda:
1544 1319 1663 1382 0001-

358 1408 450 1471 lidos
470 1407 640 1481 homines,
664 1428 685 1469 o
709 1427 781 1468 rem
801 1409 1053 1487 excogitatam,
1078 1431 1099 1471 o
1126 1409 1264 1491 ingenia
1285 1410 1483 1473 metuenda:
1509 1411 1662 1471 membra-

359 1502 415 1563 tim
428 1501 554 1574 adhnc;
576 1499 686 1562 deinde
701 1499 834 1562 caesim:
858 1500 1025 1562 discimus.
1071 1503 1192 1564 Rursus
1209 1501 1420 1563 uremhratiurs
1444 1505 1564 1565 Testes
1581 1503 1664 1564 dare

358 1596 529 1656 uolumus.
570 1594 724 1656 Extrema
747 1593 889 1676 sequitur
910 1595 1070 1674 corupreh.
1064 1594 1169 1668 cusin,
1201 1597 1255 1656 sed
1283 1615 1322 1656 ex
1349 1596 1471 1659 dirobus
1494 1595 1705 1668 memhris,10

358 1709 423 1772 qnia
444 1709 507 1750 non
527 1696 634 1768 potest
655 1707 723 1750 essc
745 1685 892 1749 brevior·
914 1689 1022 1769 Quem
1043 1708 1170 1776 quaeso
1185 1699 1340 1750 nostrum
1348 1683 1509 1778 fefellit,
1535 1685 1585 1749 ita
1607 1708 1665 1750 uos

358 1801 435 1842 esse
452 1777 643 1884 facturos?
688 1781 756 1841 Nee
781 1778 876 1841 ullum
899 1801 998 1864 genus
1021 1779 1142 1842 dicendi
1165 1790 1213 1844 est
1245 1793 1297 1842 arrt
1320 1780 1428 1841 melius
1456 1789 1509 1841 aut
1529 1777 1664 1854 lortius,

358 1872 443 1934 hinis
465 1882 519 1933 aut
539 1871 636 1934 ternis
657 1869 755 1935 ferire
778 1869 902 1946 verbis,
926 1893 1147 1956 nonuunquam
1169 1873 1317 1978 sin-gulis3
1341 1873 1447 1955 paullo
1470 1871 1543 1933 alias
1566 1870 1665 1952 pluri·

358 1966 438 2037 bus,
474 1963 556 2027 inter
584 1985 665 2048 qnae
687 1963 797 2031 ‚variis
825 1964 971 2028 clausulis
1003 1987 1036 2028 se
1061 1965 1235 2048 interponit
1263 1986 1338 2029 raro
1375 1985 1542 2029 numerosa
1576 1984 1664 2027 com·

360 2057 546 2139 prehensio.
1675 2076 1706 2126 ¹5

444 2149 539 2215 ldem
570 2147 619 2212 sic
645 2149 727 2212 011011
754 2148 796 2213 de
818 2151 1054 2233 Theophrasto
1076 2150 1134 2230 (sie
1155 2153 1302 2217 Oratore
1323 2151 1354 2214 3.
1378 2156 1409 2227 §.
1435 2150 1523 2227 181.)
1565 2150 1665 2212 Narn-

360 2263 423 2327 que
445 2265 508 2326 ego
530 2241 607 2306 illud
627 2241 780 2306 assentior
802 2243 1044 2324 Theophrasto,
1075 2244 1130 2329 qrri
1152 2257 1239 2326 putat
1261 2243 1457 2319 orationem,
1492 2263 1572 2327 quae
1594 2243 1664 2326 qui·

361 2340 431 2399 ilem
452 2335 494 2398 sit
515 2337 612 2417 polita
639 2348 732 2419 atque
758 2335 840 2398 sacta
870 2337 1121 2419 qinodamrnodo,
1159 2358 1222 2399 non
1248 2337 1391 2412 astricte,
1429 2339 1484 2400 sed
1505 2335 1664 2398 remissius

360 2450 559 2493 nsrsncrosam
581 2450 649 2492 esse
672 2439 836 2510 oportere.
866 2429 1013 2507 Etenim,
1037 2428 1118 2493 sicut
1132 2429 1185 2492 ille
1199 2428 1392 2509 suspicatur,
1415 2449 1454 2491 ex
1469 2427 1531 2490 illis
1547 2427 1662 2503 modis,

360 2524 476 2608 qrrihus
498 2521 548 2585 hic
572 2521 703 2584 usitatus
734 2543 844 2584 versus
863 2521 1013 2598 efficitur,
1050 2534 1125 2604 post
1142 2532 1327 2604 anapaestus
1344 2520 1514 2604 procerior
1536 2521 1660 2606 quidam
1674 2539 1706 2588 2⁰

359 2637 508 2680 numerus
530 2613 685 2688 effloruit3
708 2613 778 2676 inde
793 2613 844 2676 ille
859 2613 1001 2678 licentior
1018 2626 1049 2678 et
1068 2613 1197 2678 divitior
1211 2613 1301 2677 fluxit
1316 2613 1553 2694 dithyrambus,
1577 2615 1664 2678 cuius

361 2713 500 2774 membra
526 2719 558 2772 et
576 2710 690 2790 peiles,
713 2719 749 2769 ut
770 2706 811 2769 ait
832 2707 932 2783 idern,
956 2707 1078 2769 suntin
1101 2706 1185 2770 omui
1207 2706 1356 2788 locupleti
1379 2705 1524 2770 oratione
1539 2707 1664 2774 diffusa.

443 2803 539 2869 idem
562 2801 680 2866 Cicero
709 2799 745 2862 in
769 2803 878 2864 Bruto
896 2800 964 2863 sic:
985 2803 1030 2878 (§.
1053 2800 1125 2878 32.)
1169 2799 1301 2862 Exstitit
1321 2797 1420 2883 igitur
1447 2800 1505 2862 iam
1539 2799 1665 2861 senibus

348 2894 441 2972 illis,
464 2914 545 2980 qrsos
567 2893 675 2976 paullo
696 2903 769 2955 ante
790 2891 941 2967 dixinrns,
972 2894 1151 2968 Isocrates,
1175 2891 1262 2954 cuius
1284 2893 1396 2954 doinus
1417 2902 1546 2954 cunctae
1563 2892 1664 2954 Grae·

361 2990 428 3051 riae
458 2985 547 3070 qsrasi
572 2986 663 3047 ludus
685 2985 809 3069 quitiam
832 2985 932 3068 patuit
959 2998 1053 3067 atque
1079 2983 1200 3047 officina
1229 2981 1366 3060 dicendi,
1399 3005 1529 3066 magnus
1553 2993 1705 3047 oratores

361 3092 394 3144 ct
411 3081 574 3162 perlectus
596 3078 765 3161 magister,
789 3099 974 3162 qssamquanr
996 3078 1116 3140 forensi
1144 3077 1214 3139 luce
1236 3075 1336 3138 caruit
1363 3077 1505 3157 intraque
1532 3075 1665 3157 parietes

361 3173 439 3236 aluit
461 3194 527 3234 eam
559 3171 713 3255 gloriam,
750 3193 841 3255 qssarn
875 3191 966 3233 uento
997 3191 1067 3233 meo
1093 3169 1208 3232 iudicio
1239 3165 1287 3230 est
1320 3179 1432 3249 postea
1465 3180 1665 3232 consecutus.

361 3265 396 3329 ls
418 3275 449 3326 et
481 3264 547 3345 ipsc
576 3263 702 3344 scripsit
735 3264 829 3325 inulta
860 3263 1023 3345 praeclare
1050 3275 1080 3325 et
1105 3261 1213 3327 docuit
1246 3262 1343 3338 alios,
1382 3275 1413 3324 et
1442 3285 1536 3348 qutun
1560 3276 1664 3325 cetera

362 3357 471 3419 rnclius
493 3378 584 3440 quam
606 3354 806 3437 superiores,
829 3366 894 3418 trun
916 3357 1034 3438 primus
1056 3354 1211 3418 intellexit
1232 3355 1322 3417 etiam
1344 3353 1493 3418 insoluta
1510 3355 1664 3430 oratione,

361 3453 434 3512 ilum
457 3469 583 3511 versum
611 3449 791 3530 effugeres,
827 3451 950 3510 modum
972 3459 1074 3511 tamen
1100 3459 1131 3510 ct
1157 3467 1318 3509 numerum
1341 3451 1494 3531 quendam
1517 3459 1666 3530 oportere
1678 3463 1713 3512 at

362 3540 497 3608 serrari.
540 3543 625 3604 Ante
651 3543 734 3603 lirino
766 3541 846 3603 coitu
881 3543 1051 3603 verborum
1082 3539 1172 3624 quasi
1203 3549 1361 3602 structura
1393 3551 1425 3604 et
1454 3545 1605 3627 quaedam
1628 3543 1666 3603 ail

362 3655 524 3696 numerum
546 3633 708 3697 conclusio
730 3634 814 3696 nulla
833 3647 919 3708 erat,
942 3645 995 3696 aut
1016 3632 1042 3695 si
1064 3634 1189 3717 qnando
1213 3642 1300 3708 erat,
1323 3653 1386 3696 non
1408 3636 1581 3716 apparebat
1601 3653 1667 3695 eain

363 3725 467 3790 sledits
482 3748 580 3808 opera
596 3726 864 3812 esse'quaesitans.
901 3726 990 3807 Quae
1007 3726 1141 3789 forsitan
1157 3725 1225 3789 laus
1243 3725 1303 3800 sit,
1328 3739 1540 3790 verumtamen
1560 3738 1668 3788 natura

363 3819 464 3902 magis
487 3831 550 3880 tum
573 3839 712 3904 casuque
741 3836 981 3904 nonuunquam,
1008 3821 1098 3882 haud·
1114 3819 1236 3883 ratione
1269 3819 1372 3904 aliqua
1394 3831 1448 3882 aru
1470 3820 1531 3882 ulla
1557 3821 1669 3880 obser·

365 3912 491 3974 vatione
512 3911 618 3974 hehet.
1679 3921 1711 3971 ³⁵

459 4205 486 4256 2.
498 4198 618 4274 sinitur]
637 4203 696 4255 010.
715 4201 801 4273 Capp.
820 4227 856 4243 -·
868 4195 987 4272 finitum
1005 4200 1052 4254 ΕΙ.

439 4275 512 4330 lhld.
530 4306 567 4320 -·
584 4283 695 4343 00100.
715 4274 739 4328 Ι.

417 4338 635 4403 1110110000
624 4368 655 4402 su
672 4351 719 4416 iis]
739 4350 799 4403 010.
819 4347 907 4402 C.-
925 4347 1001 4400 Nam
1020 4345 1064 4399 lu's
1081 4348 1130 4404 Et.

457 4429 485 4485 5.
496 4423 605 4494 faeiat]
626 4424 697 4477 1110.
715 4452 753 4465 -
762 4423 846 4492 facit
867 4425 925 4476 010.

460 4499 584 4569 500010.
598 4501 680 4570 pars]
702 4497 761 4551 010.
780 4501 810 4552 Ε
831 4525 868 4540 -
883 4513 954 4567 pars
968 4497 1051 4568 pedis
1069 4496 1116 4552 10.

460 4575 490 4630 6.
509 4575 649 4640 tractata]
669 4572 770 4625 010.0
800 4600 835 4614 -
854 4573 1013 4626 100001οΕ1.

440 4647 511 4700 liud.
530 4649 688 4715 110]0.-
650 4609 857 4700 -luslh-
876 4647 977 4699 elurl.

440 4729 485 4780 11.
503 4739 582 4792 querar
602 4723 670 4792 ceu]
689 4721 749 4774 010.
771 4722 859 4774 0.-
822 4738 955 4791 -quens
973 4725 1053 4790 quasi
1070 4731 1196 4774 nostratui
1215 4718 1324 4792 reffelllt
1342 4721 1406 4794 (alc)
1426 4727 1468 4774 ita
1486 4737 1537 4773 nos
1556 4719 1601 4774 ΕΙ.

440 4793 1392 4868 20.οε01100--40010001000001010100000.0010.--.0000
1415 4799 1462 4850 ΕΙ.

440 4874 486 4927 27.
501 4873 613 4942 postea]
634 4870 745 4925 0100.
765 4897 798 4912 -
813 4877 899 4940 poeta
920 4870 967 4924 ΕΙ.

441 4949 486 5000 29.
505 4947 602 4996 melius
621 4948 686 5013 ceu]
709 4908 769 4998 cle.
787 4947 818 4998 0.
837 4971 875 4984 -
894 4947 991 4998 mellus
1009 4952 1052 4996 est
1069 4963 1151 5014 quam
1171 4950 1297 5016 superior
1315 4945 1362 4998 ΕΙ.

440 5023 520 5078 50.0
544 5021 656 5088 regeres]
675 5019 735 5072 010.
754 5019 786 5072 0.
805 5045 838 5060 -
858 5009 995 5086 effugeret
1015 5021 1062 5073 ΕΙ.

443 5096 691 5164 51000051οε000]
720 5093 779 5150 010.
798 5091 831 5146 Ε.
850 5092 900 5147 010.
922 5093 1002 5149 Bruti
1022 5094 1072 5154 lld.
1091 5097 1195 5152 minor.
1213 5109 1274 5168 pag.
1294 5093 1357 5152 216.
1377 5121 1413 5137 -
1432 5097 1608 5162 0003101000ιο
1629 5093 1673 5148 10.
