4434 5959
671 584 735 650 DE
756 582 851 649 DIIS
872 583 935 648 ΕΤ
958 581 1401 650 PRAESENSIONIBUS.
1633 585 1694 650 stt

377 725 471 809 quale
491 723 552 802 sit,
583 726 624 788 ala
647 723 787 790 eiusdem
816 723 1039 806 philosophiae
1065 723 1167 804 adytis
1190 723 1345 790 eliciatur.
1388 725 1604 790 Animaenina
1620 749 1694 794 neo

376 823 450 884 drrm
470 819 504 882 in
521 817 723 904 contagionis
745 838 923 900 corporeae
944 818 1126 882 indumento
1147 819 1295 894 evoluta,
1318 819 1350 882 in
1371 818 1423 883 illa
1444 820 1695 892 absolutissimae

377 912 525 998 puritatis
546 935 622 978 suae
644 914 772 996 specula
796 913 935 978 omnium
955 933 1060 976 rerum
1083 911 1228 993 peritiam
1251 913 1480 994 perfectissime
1501 915 1694 982 considerat.

247 1033 256 1060 ι
376 1012 556 1092 Postquam
582 1019 685 1072 nartem
712 1007 745 1072 in
766 1009 832 1072 hoc
858 1009 976 1072 luteum
1005 1026 1125 1086 corpus
1149 1003 1314 1081 obruitur,
1352 1005 1436 1070 acies
1459 1004 1527 1072 eius
1549 1020 1694 1076 terrenae

375 1100 576 1168 admixtionis
597 1101 737 1165 tenebris
765 1100 906 1187 caligosa
927 1104 968 1165 ab
989 1100 1042 1163 illa
1073 1119 1149 1162 suae
1171 1097 1392 1185 ingenitasque
1414 1101 1543 1166 visionis
1566 1104 1718 1178 clarita-s

375 1197 449 1261 dine
471 1205 632 1263 caecatio.
676 1197 773 1259 Latet
795 1209 897 1260 tamen
917 1196 1089 1258 introrsum
1103 1214 1210 1255 semen
1226 1193 1314 1270 reri,
1338 1197 1426 1278 quod
1444 1196 1602 1263 excitatur
1617 1221 1694 1265 ren.

248 1328 255 1356 r
373 1293 485 1356 tilante
506 1289 662 1358 doctrina.
704 1289 805 1354 Aiunt
827 1289 909 1355 eninr
931 1289 1019 1353 nullo
1041 1289 1137 1371 modo
1158 1285 1230 1350 fieri
1247 1309 1363 1369 posse,
1387 1301 1422 1352 ut
1446 1311 1463 1352 a
1484 1293 1620 1371 pueritia
1643 1307 1694 1362 tot

373 1407 482 1450 rerum
501 1396 595 1469 atque
612 1396 769 1450 tantarum
785 1384 892 1450 insitas
906 1395 1002 1469 atque
1024 1379 1113 1466 quasi
1135 1384 1338 1464 consignatas
1353 1381 1384 1444 in
1406 1383 1515 1446 animis
1532 1387 1692 1466 notiones,

247 1533 253 1548 .
375 1499 455 1564 quas
477 1479 602 1556 ἐννοίας
622 1489 756 1553 vocant,
780 1480 947 1554 habemus,
971 1475 1030 1539 nisi
1050 1473 1170 1538 animus
1191 1485 1282 1550 ante,
1307 1497 1399 1558 quam
1415 1475 1692 1560 incorporaretur,

247 1605 254 1624 ·
374 1573 407 1634 in
431 1591 538 1634 rerum
560 1570 744 1655 cognitione
770 1571 937 1654 viguisset.
991 1571 1106 1652 Neque
1129 1589 1164 1632 ea
1186 1569 1279 1650 plane
1304 1569 1391 1637 ridet
1420 1570 1558 1650 ammius,
1597 1598 1693 1662 quum
1706 1593 1737 1646 sa

374 1676 510 1748 repente
527 1676 591 1728 tam
613 1664 774 1729 insolitum
797 1678 923 1749 tamque
945 1664 1162 1728 turbulentum
1185 1660 1376 1726 domicilium
1395 1661 1603 1749 immigravir:
1637 1675 1696 1738 ,ed

377 1777 473 1839 quum
496 1778 531 1822 se
552 1756 722 1842 recollegit
742 1769 836 1841 atque
858 1757 1015 1823 recrearit
1034 1777 1094 1839 per
1111 1754 1222 1822 aetatis
1248 1767 1426 1833 momenta,
1461 1770 1526 1824 tum
1549 1767 1696 1846 agnoscit
1741 1775 1745 1782 '
1798 1759 1803 1770 ’

375 1851 432 1914 illa
450 1849 694 1916 reminiscendo.
751 1853 929 1937 Postquam
951 1853 1031 1918 enim
1059 1853 1198 1936 quodam
1226 1870 1336 1916 crasso
1364 1852 1513 1934 corporis
1546 1859 1694 1942 tegimine

376 1945 500 2010 irretita
527 1945 630 2010 anima
658 1958 691 2010 et
719 1945 911 2010 circumfusa
940 1949 1094 2032 quandam
1121 1945 1169 2008 sui
1195 1943 1392 2009 oblivionem
1413 1945 1564 2024 subierit,
1597 1975 1695 2036 quum

377 2039 491 2103 deinde
510 2039 617 2105 studio
638 2062 675 2104 ac
691 2040 855 2122 disciplina
875 2038 1037 2124 detergeri
1057 2038 1164 2120 coepit
1185 2047 1281 2122 atque
1297 2037 1429 2116 nudari,
1457 2051 1533 2104 tunc
1552 2044 1583 2108 in
1603 2060 1739 2116 natust

375 2155 434 2200 rae
455 2155 531 2198 suae
546 2137 675 2198 modum
699 2133 824 2226 animus·
840 2133 1013 2198 revertitur
1038 2144 1133 2217 atquc
1155 2144 1351 2206 revocatur;
1375 2145 1406 2198 et
1430 2133 1580 2220 quidquid
1600 2139 1634 2202 in
1655 2163 1696 2210 eo

376 2229 506 2292 virtutis
524 2230 689 2294 doctrinae
707 2228 876 2295 exterioris
900 2226 1053 2292 beneficio
1076 2225 1251 2301 excitatur,
1285 2247 1350 2290 non
1370 2239 1503 2304 natura,
1527 2233 1583 2296 sed
1605 2233 1696 2304 indu.

376 2322 456 2386 stria
477 2334 625 2387 vocatur.
680 2323 776 2403 Quod
797 2334 897 2386 totum
919 2319 1096 2386 evidentius
1118 2317 1257 2382 declarat
1281 2318 1430 2383 Socrates
1456 2321 1487 2384 in
1509 2323 1566 2386 illo
1590 2326 1694 2404 libro,

377 2416 434 2502 qui
462 2416 587 2480 Menon
607 2416 808 2492 inscribitur,
846 2415 1011 2498 pusionem
1034 2415 1189 2498 quendam
1214 2412 1419 2496 interrogans
1441 2419 1595 2497 quaedam
1616 2441 1697 2502 geo.

377 2510 510 2576 metrica
532 2513 570 2575 de
592 2508 786 2576 dimensione
807 2509 964 2593 quadrati.
1006 2507 1063 2572 Aa
1083 2527 1166 2590 quae
1188 2505 1234 2570 sic
1253 2505 1308 2569 ille
1325 2511 1519 2590 respondet,
1543 2523 1579 2575 ut
1596 2533 1740 2596 puerant

378 2617 411 2670 et
433 2616 539 2670 umen
559 2603 603 2668 ita
623 2604 734 2669 faciles
748 2603 1017 2688 interrogationes
1034 2612 1131 2678 sunt,
1154 2611 1189 2664 ut
1209 2600 1363 2685 gradatim
1378 2607 1574 2684 respondens
1586 2611 1697 2678 codem

376 2697 561 2784 perveniat,
593 2698 682 2780 quasi
704 2697 898 2782 geometrica
930 2696 1099 2761 didicisset.
1154 2696 1208 2758 Ex
1233 2715 1298 2776 quo
1327 2695 1408 2759 effici
1435 2697 1504 2759 vult
1525 2699 1696 2780 Socrates,

378 2804 415 2856 nt
435 2791 557 2855 discere
588 2792 666 2854 nihil
688 2791 774 2854 aliud
793 2791 835 2854 sit
854 2791 914 2854 nisi
935 2789 1114 2854 recordari.
1173 2789 1274 2868 Quam
1299 2810 1366 2852 rent
1393 2789 1491 2854 multo
1521 2795 1698 2862 accuratius

377 2884 433 2950 ille
457 2884 596 2968 explicat
614 2883 832 2960 inscrmone,
856 2905 949 2968 quem
971 2882 1081 2946 habuit
1097 2903 1138 2946 eo
1154 2881 1224 2956 die,
1248 2902 1313 2964 quo
1336 2881 1506 2946 excessite
1533 2883 1609 2949 rita.
1634 2889 1699 2952 Sed

378 2978 492 3065 quaeri
526 2989 651 3060 potest,
689 2999 748 3042 cur
782 2979 891 3061 paullo
932 2978 1077 3060 superius
1111 2977 1164 3040 M.
1195 2977 1322 3044 Tullius
1346 2997 1388 3040 ex
1414 2975 1540 3060 integro
1567 2992 1742 3054 naturaeas

379 3073 602 3137 auctoritatem
624 3073 656 3135 in
680 3072 798 3136 virtute
824 3071 1015 3148 constituat,
1039 3070 1171 3134 dicens:
1194 3072 1353 3134 Naturae
1371 3072 1563 3136 arwtoritoa
1578 3073 1612 3134 in
1630 3075 1699 3138 oir-

378 3179 453 3232 tutc
474 3179 526 3232 est
544 3168 718 3241 morimur
745 3179 859 3249 postea
878 3177 983 3230 autem
1005 3167 1135 3228 eandem
1155 3163 1305 3228 virtutem
1331 3163 1362 3226 in
1383 3175 1527 3230 naturam
1547 3165 1699 3232 industri·

378 3283 493 3344 amque
509 3260 698 3342 dispertiat:
736 3260 822 3324 acsi
845 3282 911 3325 non
937 3260 1038 3324 omnis
1060 3257 1184 3332 virtus,
1219 3259 1258 3320 de
1285 3279 1347 3342 qua
1370 3259 1542 3322 auctoritas
1567 3282 1698 3344 conpa-

376 3367 488 3430 ratur,
526 3359 567 3418 ad
596 3367 737 3418 naturam
762 3354 931 3437 pertineat.
989 3352 1023 3416 Si
1056 3350 1139 3414 enirn
1171 3361 1300 3414 naturae
1323 3350 1495 3414 auctoritas
1517 3363 1549 3416 et
1571 3354 1695 3420 virtutis
1752 3410 1757 3419 .

382 3447 549 3533 aequalia,
573 3449 637 3513 iano
665 3452 773 3512 eadem
798 3459 888 3525 stant,
911 3468 969 3510 cur
999 3445 1125 3510 virtutis
1144 3444 1316 3510 auctoritas
1339 3443 1454 3526 partim
1473 3447 1513 3510 ad
1534 3460 1741 3525 naturam,³a

379 3543 497 3626 partim
529 3543 691 3625 pertinere
727 3542 841 3606 dicitur
874 3545 913 3607 ad
944 3538 1150 3606 industriam?
1190 3539 1253 3602 Sed
1279 3540 1507 3619 respondemus
1537 3541 1696 3620 brevitor,

378 3639 469 3722 quod
489 3638 592 3704 omnis
614 3650 645 3701 et
670 3639 803 3702 humana
835 3648 868 3700 et
890 3635 994 3701 divina
1020 3634 1122 3698 virtus
1146 3631 1178 3696 in
1201 3644 1314 3696 natura
1336 3633 1393 3697 sita
1415 3645 1481 3710 est,
1516 3637 1588 3710 sed,
1625 3635 1698 3718 quia

378 3731 486 3797 divina
511 3731 613 3796 virtus
635 3731 729 3796 nullis
758 3735 799 3796 ad
827 3731 975 3794 affectuum
996 3727 1046 3794 sui
1068 3728 1208 3790 exterius
1238 3725 1360 3808 indiget
1381 3726 1587 3802 adiumentis,
1624 3727 1698 3794 idco

378 3825 472 3910 quasi
500 3828 637 3910 quodam
665 3824 838 3910 privilegio
870 3836 1002 3888 naturae
1034 3841 1149 3886 nomen
1184 3821 1335 3886 sortitur.
1394 3822 1558 3886 Hirmanos
1592 3833 1697 3888 autern

378 3919 521 3997 animus,
541 3920 693 4002 quoniam
711 3940 770 4002 per
794 3928 937 3982 naturam
959 3918 998 3980 ad
1018 3915 1167 3979 virtutem
1192 3913 1305 3976 habilis
1328 3924 1398 3988 est,
1421 3915 1459 3978 ad
1485 3937 1579 4000 quam
1593 3929 1741 3992 tamense

378 4016 604 4095 capessendam
626 4013 710 4098 dpuia
733 4034 792 4094 per
815 4033 850 4080 se
884 4009 1030 4075 inefficax
1055 4018 1088 4070 et
1120 4007 1231 4073 debilis
1262 4009 1324 4085 est)
1345 4004 1487 4071 exterius
1510 4031 1589 4074 vero
1615 4031 1698 4094 quo·

377 4109 451 4170 darn
473 4108 714 4190 dispositionum
736 4107 848 4172 labora
873 4104 1007 4170 afficitur
1029 4112 1059 4165 et
1084 4113 1319 4184 promovetur:
1355 4100 1477 4166 idcirco
1500 4106 1607 4172 cadem
1630 4103 1698 4168 rir-

376 4213 430 4265 tus
451 4203 584 4266 hnmana
603 4204 643 4264 ab
666 4202 874 4266 instrumento
906 4195 1052 4262 exercitii
1077 4197 1316 4279 quodammodo
1336 4195 1440 4278 sopita
1462 4196 1695 4282 resuscitatur,

375 4305 410 4359 et
430 4293 500 4358 iure
531 4296 720 4362 vocabulum
740 4293 914 4362 industriae
942 4291 1066 4357 videtur
1091 4289 1272 4370 accepisse,
1307 4311 1499 4375 qrramquam
1520 4291 1589 4374 ipsa
1615 4285 1697 4376 qno·

377 4409 441 4474 que
466 4411 484 4454 a
506 4403 638 4466 natura,
656 4391 753 4468 ‚sicto
772 4402 803 4454 et
825 4388 948 4464 diuina,
972 4383 1213 4470 progrediatur.
1265 4386 1392 4470 Atque,
1424 4384 1474 4452 his
1498 4384 1542 4448 ita
1567 4397 1739 4462 nostraesp

446 4639 470 4687 l.
491 4639 553 4686 Cnd.
571 4639 659 4689 editis.
704 4637 729 4687 2.
749 4641 818 4689 Fert.
836 4639 960 4694 incolae,
980 4637 1118 4682 convolute.
1166 4631 1190 4681 5.
1211 4635 1273 4681 Num
1291 4635 1454 4698 caliginoso?
1490 4635 1514 4684 9.
1534 4637 1602 4683 Fert.
1622 4634 1696 4682 dads-

524 4723 619 4756 remua.
657 4707 699 4757 10.
724 4711 778 4758 Cic.
802 4711 902 4756 Tuscol.
921 4709 942 4754 Ι.
961 4723 1015 4765 cap.
1035 4705 1078 4752 ll.
1096 4705 1121 4766 §.
1141 4702 1182 4754 57,
1230 4703 1272 4752 20.
1302 4705 1399 4753 Platon.
1424 4709 1522 4754 lltenon.
1551 4709 1582 4754 ll.
1603 4705 1645 4752 82.
1666 4709 1694 4753 Β.

517 4795 570 4840 sqq.
591 4779 882 4840 Cie.'1'sac.1.§.57.
932 4779 993 4825 llud.
1014 4777 1075 4822 cod.
1094 4775 1232 4834 rsepondit.
1276 4773 1528 4823 astrueremus.
1548 4771 1694 4829 ll.'SS.D.

515 4850 560 4901 2l.
579 4851 698 4898 ltacteuus
715 4851 813 4898 Cicero.
850 4847 893 4896 25.
910 4848 968 4909 rur]
986 4848 1047 4894 Ccd.
1066 4861 1134 4893 eam.
1170 4847 1311 4904 Recepimus
1329 4847 1394 4892 ilasli
1413 4849 1585 4898 coniecturam.

449 5007 479 5066 ὅ.
497 5002 567 5060 Cod.
585 5005 761 5056 mosoma
799 4995 903 5054 conler
921 4998 983 5052 cte.
1001 4995 1044 5050 Dc
1064 5011 1168 5054 renect.
1188 5010 1249 5070 cap.
1269 5000 1314 5054 21.
1333 4995 1357 5066 §-
1378 5001 1423 5058 77.
1436 5011 1463 5050 er
1476 5011 1538 5072 cap.
1552 5003 1598 5054 22.
1611 5001 1635 5068 t.
1649 5003 1696 5058 80.

451 5085 479 5140 9.
499 5077 575 5138 cod..
587 5075 769 5136 ENNOMO.
789 5071 892 5132 costes
911 5075 959 5130 lV.
979 5069 1066 5132 Acad-
1085 5086 1148 5143 cap·
1169 5077 1195 5130 7.
1216 5073 1240 5140 d.
1260 5077 1305 5127 22.
1325 5088 1353 5126 et
1372 5088 1435 5145 cap.
1455 5079 1501 5130 10.
1520 5073 1545 5140 t.
1565 5078 1612 5134 50.

447 5159 561 5257 27.·stc
579 5151 649 5212 cod.
669 5169 743 5224 uon,
760 5156 834 5206 tuest
853 5155 992 5232 mutare,
1013 5161 1044 5206 at
1061 5161 1137 5208 nnnc
1157 5145 1262 5204 habens
1280 5143 1695 5230 add.Toptc.cap.19.§.75.
1740 5247 1750 5254 ο
