4434 5959
539 598 603 662 tto
1082 598 1319 665 BOETHIUS

538 751 688 821 quantum
709 749 826 801 tectum
846 738 1076 821 proiieeretnr,
1100 759 1165 804 non
1186 748 1336 823 quantum
1357 736 1495 819 parietes
1517 737 1687 801 ambirent.
1732 737 1788 800 lus
1808 748 1862 799 est

537 831 636 916 igitur
654 828 811 913 proiieere
833 842 966 910 tectum,
991 833 1046 917 qui
1063 833 1147 898 intra
1168 832 1317 894 ambitum
1341 833 1444 894 adlurc
1465 853 1592 895 sisarum
1617 832 1740 894 aedium
1761 834 1858 913 tegit,

537 927 595 990 sed
616 924 677 998 ita,
702 924 788 988 utin
810 946 900 989 snum
922 937 1038 997 tectum
1061 948 1142 1012 aqua
1164 927 1282 989 defluat
1302 945 1362 988 nee
1384 923 1489 988 vicino
1511 946 1595 989 nora
1617 936 1733 987 noceat
1753 923 1862 987 servi·
1892 928 1896 933 ’

537 1028 618 1081 tute.
661 1017 700 1082 ln
722 1038 784 1102 qua
806 1019 990 1103 quaestione
1011 1040 1114 1105 neque
1135 1041 1155 1084 a
1175 1019 1320 1083 subiecto
1343 1040 1446 1103 neque
1468 1039 1486 1081 a
1512 1018 1694 1100 praedicato
1719 1017 1861 1079 termino

513 1113 664 1175 tductum
687 1122 734 1174 est
756 1124 990 1196 argumentum,
1028 1115 1117 1198 qnod
1137 1112 1171 1175 in
1191 1111 1231 1175 iis
1253 1111 1333 1176 locis
1355 1110 1549 1176 considerari
1571 1112 1669 1175 moris
1690 1122 1761 1185 est,
1801 1112 1860 1195 qui

537 1204 569 1269 in
588 1203 666 1287 ipsis
686 1206 834 1281 haerent,
859 1209 898 1270 de
917 1206 1030 1292 quibua
1049 1207 1172 1289 agitur,
1195 1204 1354 1282 terminis,
1379 1216 1415 1269 ut
1431 1205 1461 1267 iu
1478 1206 1622 1268 omnibus
1638 1204 1795 1287 exemplis
1809 1216 1863 1267 est

537 1298 774 1382 diligentissime
794 1302 1001 1365 declaratum.
1057 1301 1122 1365 Sed
1143 1298 1216 1385 quia
1239 1299 1372 1362 sumitur
1394 1310 1616 1383 argumentum
1636 1299 1859 1373 extrinsecus,

537 1392 727 1457 dubitationi
757 1392 904 1458 iudicium
936 1394 1102 1458 cuiuslibet
1132 1390 1328 1476 opponitur,
1368 1405 1402 1455 nt
1429 1413 1514 1455 utine
1536 1392 1731 1465 Scaevolae,
1765 1391 1862 1455 errius

538 1492 725 1551 auctoritate
746 1508 934 1571 responsum
957 1500 1023 1569 est,
1058 1500 1153 1571 atque
1173 1486 1246 1552 ideo
1268 1507 1309 1549 ea
1330 1486 1427 1565 loco,
1464 1486 1520 1571 qui
1542 1495 1678 1548 vocatur
1699 1483 1862 1547 extrinse-

495 1592 612 1657 ttcus,
637 1593 793 1663 sumptum
816 1582 929 1644 dicitur
952 1592 1185 1667 argumentum.
1286 1581 1290 1590 “
1647 1612 1651 1616 ’

621 1673 719 1757 (Cap.
742 1676 775 1739 l.
799 1677 831 1739 ⁵.
855 1681 886 1754 §.
909 1675 977 1754 25.)
1019 1675 1082 1742 His
1111 1673 1225 1758 igitur
1255 1672 1340 1739 locis
1370 1708 1412 1721 -
1432 1706 1475 1720 -
1506 1693 1575 1737 non
1597 1672 1764 1737 sartonam
1786 1673 1861 1737 dia·

536 1765 667 1831 cedere.

623 1859 725 1925 Omne
761 1860 947 1925 elementum
980 1859 1169 1944 principium
1199 1870 1249 1923 est
1273 1858 1340 1923 eius
1362 1859 1427 1938 rei,
1464 1860 1554 1924 carinis
1576 1862 1765 1926 elementum
1788 1881 1860 1923 esse

536 1952 756 2034 perpenditur.
801 1956 882 2018 Nam
904 1956 989 2030 eius,
1013 1956 1099 2039 quod
1111 1977 1152 2018 ex
1164 1954 1326 2017 elementis
1337 1954 1390 2030 fit,
1414 1954 1484 2037 ipsa
1496 1957 1648 2019 elementa
1662 1976 1796 2019 necesse
1809 1965 1860 2017 est

496 2046 612 2115 esloeo
628 2062 697 2110 ease
720 2046 879 2129 principii.
924 2050 1016 2133 Ergo
1038 2047 1189 2132 quioniam
1211 2047 1275 2110 loci
1294 2047 1439 2129 superius
1469 2048 1627 2132 designati
1649 2060 1861 2133 argumento·

538 2160 608 2203 rum
628 2139 718 2223 qnasi
740 2144 892 2224 quaedam
915 2142 1070 2226 principia
1093 2151 1187 2215 sient,
1224 2132 1267 2189 ..'.
1301 2141 1363 2223 ipsi
1384 2140 1467 2204 enim
1489 2154 1584 2218 sunt,
1614 2143 1670 2227 qui
1692 2141 1862 2206 continent

539 2244 743 2317 argumenta,
768 2256 860 2300 ornue
882 2250 1004 2309 etitem,
1028 2238 1117 2321 quod
1137 2234 1299 2310 continet,
1324 2234 1410 2312 eius,
1435 2238 1524 2320 quod
1546 2235 1745 2312 continetur,
1768 2237 1863 2318 prin·

540 2326 655 2409 cipium
671 2328 744 2401 'est;
766 2364 808 2377 -
828 2329 948 2392 ideireo
971 2331 1012 2393 ait
1036 2330 1154 2394 Cicero
1180 2328 1276 2391 veluti
1298 2332 1452 2413 quaedam
1473 2331 1627 2393 elementa
1650 2342 1862 2415 argumento-

539 2440 611 2483 rnm
639 2420 741 2485 'rideri
763 2421 856 2487 locos
885 2444 960 2499 eos,
998 2445 1079 2507 quos
1108 2417 1254 2505 superius
1276 2422 1405 2504 poenita
1443 2424 1684 2513 canitissimeque
1720 2424 1859 2497 adiecit,

497 2513 652 2595 tn„quasi
670 2516 822 2598 quaedam
847 2516 1045 2592 elementa'';
1082 2517 1250 2581 nonenim
1271 2516 1396 2601 integre
1426 2518 1599 2595 elementa,
1634 2520 1691 2579 sed
1711 2518 1805 2602 quasi
1827 2517 1861 2579 in

541 2604 740 2671 similitudine
762 2609 989 2674 elementorum
1011 2620 1082 2673 sunt
1107 2612 1131 2675 ii
1153 2610 1233 2687 loci,
1265 2610 1321 2694 qni
1341 2612 1372 2673 in
1396 2612 1590 2695 argumentis
1605 2610 1780 2673 efficiendis
1805 2632 1861 2671 su·

540 2709 690 2775 suuntur,
713 2701 855 2777 idcireo,
880 2704 1028 2787 quoniam
1051 2716 1309 2789 argumentorum
1332 2706 1484 2788 quaedam
1509 2705 1656 2768 videntur
1676 2725 1746 2766 esse
1768 2702 1862 2785 prin·

541 2791 638 2872 cipia.
682 2794 839 2881 Alioquin
861 2797 1047 2861 elementum
1074 2819 1167 2862 omne
1189 2796 1312 2859 minima
1335 2818 1411 2879 pars
1434 2809 1484 2863 est
1504 2798 1588 2874 eius,
1612 2796 1701 2859 cuius
1720 2797 1862 2857 elemen-

540 2898 606 2950 tum
630 2900 696 2964 est,
721 2899 753 2951 et
775 2890 825 2966 id,
850 2893 936 2975 quod
957 2912 998 2955 ex
1017 2890 1179 2955 elementis
1204 2888 1365 2967 efficitur,
1401 2891 1500 2971 partis
1523 2890 1591 2953 vice
1612 2889 1801 2974 coniungit,
1826 2900 1863 2951 nt

498 2978 654 3045 taliterne
673 2982 864 3047 orationem.
910 2985 956 3048 At
981 3006 1061 3065 ¹aero
1079 2986 1169 3047 loeus
1189 3005 1254 3047 nnn
1277 3004 1351 3066 pars
1373 2984 1567 3067 argrrmenti,
1592 2987 1650 3047 sed
1670 2994 1773 3045 tntum
1796 2994 1861 3045 est.

542 3074 603 3138 Est
631 3074 711 3137 euim
741 3075 934 3161 significatio
964 3080 1114 3161 quaedam
1143 3092 1176 3142 et
1204 3078 1432 3142 demonstratio
1458 3080 1497 3141 ad
1518 3078 1739 3160 reperiendum
1761 3094 1862 3159 argu*-

543 3178 678 3232 mentum
694 3172 785 3245 data,
810 3183 855 3249 ut,
875 3172 901 3235 si
913 3174 1017 3235 locum
1031 3171 1239 3253 respexeris,
1263 3171 1404 3245 noveris,
1428 3172 1482 3234 ubi
1502 3171 1665 3247 conditur,
1690 3173 1773 3233 nn'de
1788 3168 1863 3232 duci

543 3262 656 3325 debeat
687 3276 923 3349 argumentum.
981 3268 1046 3329 Sed
1073 3265 1194 3350 reliqua
1223 3267 1263 3328 ad
1296 3264 1481 3328 Trebatium
1515 3263 1751 3348 expeditissime
1779 3263 1861 3325 dicta

543 3366 634 3429 seint,
671 3356 893 3441 blanditurque
916 3359 945 3422 ei
976 3358 1066 3422 etiam
1094 3358 1204 3423 brevia
1225 3378 1321 3440 posse
1344 3359 1487 3421 sufficere
1508 3357 1658 3421 acuminis
1678 3377 1862 3439 praeroga-

501 3446 630 3523 §ttira,
654 3452 842 3531 praesertim
864 3474 959 3535 quum
981 3453 1023 3516 sit
1043 3454 1120 3517 iuris
1141 3452 1351 3537 occupatione
1372 3452 1532 3515 districtus
1546 3464 1579 3515 et
1594 3464 1716 3533 tempus
1732 3451 1863 3534 legendi

544 3540 637 3623 plura
660 3562 723 3607 non
745 3544 871 3607 babeat.
915 3547 978 3609 Sed
1001 3548 1168 3629 quoniam,
1200 3558 1234 3609 ut
1255 3545 1373 3630 inquit,
1398 3546 1609 3609 avidissimum
1631 3546 1728 3609 studii
1749 3550 1790 3609 ad
1804 3548 1862 3609 bas

544 3635 759 3707 doctrinarum
782 3642 891 3719 epulas
913 3640 1050 3720 recepit,
1074 3661 1139 3703 non
1164 3639 1231 3703 vrrlt
1252 3642 1468 3724 degustatum,
1492 3642 1551 3702 sed
1573 3640 1738 3715 satiatum,
1763 3641 1863 3704 relin-

546 3749 667 3810 quere,
699 3742 733 3793 ut
755 3752 794 3793 ne
816 3732 896 3796 desit
918 3732 1051 3816 aliquid,
1089 3736 1142 3797 sed
1164 3737 1203 3796 de
1225 3734 1319 3815 pleno
1342 3732 1435 3796 etiam
1458 3733 1677 3818 relinquentium
1713 3733 1863 3817 factaque

546 3832 594 3883 est
616 3842 634 3887 a
655 3823 857 3889 convivando
889 3826 1052 3891 translatio
1083 3825 1317 3890 iucundissima.
1373 3826 1552 3890 Declaratis
1586 3827 1685 3911 igitur
1714 3827 1864 3889 omnibus

503 3906 625 3979 taionis
657 3937 832 4001 coriumque
862 3919 1014 4001 exemplis
1040 3920 1209 4005 diligenter
1236 3918 1391 4001 expositis
1412 3939 1511 4000 pauca
1534 3921 1685 4003 quaedam
1709 3922 1747 3982 de
1771 3922 1863 3984 loeo·

545 4030 614 4073 rum
637 4010 795 4096 sintque
829 4012 939 4077 ordine
962 4014 1147 4096 disputabo,
1186 4013 1300 4097 quibus
1326 4010 1505 4094 plenissima
1527 4014 1741 4094 disputatione
1763 4034 1863 4095 expe·

547 4104 617 4167 ditis
636 4106 674 4167 ad
697 4126 752 4179 ea,
787 4128 867 4189 quae
889 4118 1010 4170 restant
1025 4108 1246 4189 explananda,
1279 4108 1506 4191 transgrediar.
1550 4107 1665 4169 Sed‘id
1684 4107 1862 4170 tertiniam

547 4198 707 4264 volusuine
718 4197 895 4265 iaciendum
911 4211 976 4277 est,
1001 4202 1148 4284 quoniam
1163 4203 1318 4265 sectandus
1333 4201 1414 4265 liber
1429 4201 1523 4264 babet
1538 4198 1705 4284 proprium
1721 4204 1860 4264 modum.

622 4450 649 4503 2.
666 4448 733 4515 quein
750 4450 829 4498 intra
849 4446 926 4501 Eius.
958 4446 1043 4501 Parit.
1064 4460 1091 4499 et
1112 4444 1181 4499 alter
1200 4444 1263 4500 cod.
1282 4444 1365 4520 Sang.
1414 4449 1443 4505 5.
1462 4464 1497 4498 na
1520 4450 1616 4499 vicino
1634 4446 1711 4499 Eint.
1731 4462 1759 4501 et
1782 4467 1861 4505 nter.

547 4536 599 4590 qne
618 4518 681 4573 cod.
702 4521 784 4592 Sang.
832 4520 877 4579 212,
893 4528 988 4592 partis
1010 4523 1087 4596 viee]
1109 4522 1185 4578 Eius.
1205 4524 1272 4577 Ven.
1291 4550 1329 4568 —
1344 4530 1444 4594 partes
1462 4526 1584 4575 invicem
1602 4526 1699 4578 ceteri.
1743 4530 1794 4589 33.
1813 4546 1861 4581 re-

547 4596 655 4667 tanqum
675 4598 743 4653 ven.
764 4596 849 4652 Parta.
