4434 5959
534 560 596 637 264
973 563 1015 631 C.
1039 564 1196 633 IULIUS
1212 562 1400 632 ,VICTOR

532 700 639 767 lacere
662 723 723 767 nou
746 704 860 785 possit.
910 706 1075 789 Sequenda
1099 706 1266 791 igiturest
1289 706 1342 769 Μ.
1366 702 1465 767 Tullii
1483 700 1653 779 sententia,
1677 700 1734 785 qui
1755 720 1856 785 prae-

534 796 611 879 cipit
631 800 813 861 -ducendam
843 798 1009 864 dictionem
1041 823 1080 864 en
1103 796 1274 863 dnumstiea
1296 797 1526 862 exercitatione
1549 806 1581 860 et
1603 795 1761 860 umbratili
1784 817 1857 859 sne·

519 888 617 953 dium
639 890 670 952 iu
692 912 824 974 agmen,
848 892 879 955 iu
899 893 1082 974 pulverem,
1117 894 1146 957 in
1167 894 1358 967 clamorem,
1381 891 1412 955 in
1434 902 1538 953 castra
1560 901 1653 971 atque
1674 891 1705 952 in
1728 888 1857 961 acicma

531 984 725 1045 subeundum
759 986 859 1049 visum
892 986 1042 1049 omnium.
1101 987 1173 1050 Sint
1195 999 1361 1067 praetcrea
1382 985 1468 1067 ipsae
1491 983 1659 1058 materiae,
1688 1004 1771 1065 qnae
1793 982 1859 1045 fln-

507 1087 670 1160 ngnntur,
704 1100 797 1161 qnam
820 1078 993 1142 simillimae
1018 1079 1156 1143 veritati.
1213 1082 1296 1143 Nam
1320 1090 1351 1141 et
1371 1075 1558 1139 declamatio
1589 1097 1626 1139 ea
1646 1078 1858 1140 solumunodo

531 1174 688 1252 prodest,
726 1192 807 1257 quae
829 1172 968 1235 imitatur
988 1195 1040 1237 eas
1063 1173 1220 1246 actiones,
1257 1172 1288 1235 in
1310 1192 1443 1257 quarum
1465 1166 1698 1233 exercitatione
1719 1180 1858 1250 reperta

532 1274 592 1327 est.
637 1266 768 1327 Frustra
799 1264 828 1327 in
859 1266 1139 1330 declamationibus
1162 1264 1395 1339 laborabimus,
1427 1262 1455 1327 si
1475 1262 1656 1326 diversitate
1678 1260 1793 1342 operis
1817 1282 1858 1323 ac

531 1355 781 1421 dissimilitudine
814 1362 854 1421 ad
884 1358 991 1423 soriam
1025 1357 1115 1442 qnasi
1143 1361 1238 1421 rudes
1275 1356 1399 1420 venturi
1430 1377 1551 1419 suiuus.
1610 1356 1721 1418 lludes
1743 1365 1857 1417 autem

532 1447 628 1512 simus
652 1472 778 1515 necesse
800 1465 864 1526 est,
898 1453 924 1517 si
947 1453 1005 1516 alia
1028 1454 1265 1534 praenuntiatio,
1296 1454 1381 1517 aliud
1402 1473 1503 1537 genus
1525 1448 1717 1514 elocutionis
1739 1447 1774 1510 in
1797 1450 1858 1511 de·

490 1544 769 1617 inclamationibus
790 1546 904 1621 luerit,
929 1570 1023 1631 quum
1046 1549 1144 1630 longe
1167 1547 1225 1609 alia
1247 1547 1278 1609 iu
1298 1547 1374 1611 loro
1396 1544 1581 1627 reperienda
1596 1542 1671 1606 sint.
1717 1542 1762 1604 Et
1777 1542 1855 1603 ideo

533 1658 624 1699 ιιιιιιιιι
647 1638 740 1715 etiam
769 1650 864 1723 atque
892 1639 983 1701 ctiam
1010 1652 1039 1701 te
1061 1653 1207 1721 repetens
1228 1639 1342 1704 iterum
1366 1640 1545 1721 iterumque
1568 1636 1726 1709 monebo,
1763 1644 1802 1695 ιιι
1825 1643 1857 1696 et

531 1731 788 1811 pronuntiatione
821 1745 852 1795 et
881 1734 1062 1797 elocutione
1093 1733 1282 1797 declamatio
1311 1730 1370 1805 tibi
1391 1752 1517 1813 semper
1537 1728 1685 1792 forenses
1708 1723 1858 1789 actiones

531 1820 668 1886 imitetur
680 1822 873 1905 etexprimat
885 1836 916 1887 et
925 1826 1064 1908 effingat.
1088 1828 1152 1889 Eas
1166 1846 1245 1889 vcro
1255 1825 1507 1897 declamationes,
1518 1820 1727 1907 quasquidam
1738 1841 1859 1883 corru-

532 1916 614 1996 ptius
627 1917 842 1981 delectationis
858 1922 1072 1982 tantummodo
1086 1942 1179 1983 cansa
1193 1923 1369 1994 decantant,
1388 1940 1450 1981 nou
1463 1916 1627 1981 aliudesse
1639 1912 1860 1993 Quintilianus

478 2010 680 2089 'licilianum
713 2033 804 2096 qnam
832 2012 929 2075 luisse
958 2013 1118 2090 traditur,
1151 2014 1206 2097 qni
1233 2034 1332 2098 grana
1362 2010 1476 2074 ciceris
1512 2032 1554 2073 ex
1580 2008 1685 2091 spatio
1716 2006 1859 2070 distante

531 2104 624 2166 missa
647 2103 677 2166 in
700 2106 860 2179 *lacrimen
883 2107 1048 2169 adversum
1072 2106 1138 2170 sine
1159 2106 1367 2181 frustratione
1386 2104 1563 2167 inserebat:
1587 2102 1637 2165 cui
1652 2102 1767 2165 donari
1786 2121 1860 2164 rno-

532 2195 615 2257 dinm
640 2196 751 2261 ciceris
780 2219 837 2259 rea
863 2197 968 2275 iussit,
994 2200 1125 2263 inertem
1148 2204 1297 2280 laborem⁸
1313 2198 1384 2282 ipso
1410 2197 1542 2281 praemii
1564 2216 1682 2281 genere
1705 2207 1856 2258 testatus.

532 2287 619 2351 Huic
640 2289 833 2371 cooperandi
855 2304 945 2367 snm,
975 2293 1029 2375 qni
1048 2294 1079 2356 iu
1098 2294 1402 2371 declamationibus,
1425 2313 1503 2375 quas
1518 2312 1588 2355 esse
1613 2288 1738 2352 veritati
1765 2286 1860 2351 dissi·

533 2382 675 2445 millimas
698 2384 826 2460 volunt,
866 2385 963 2450 multo
994 2409 1027 2449 se
1049 2387 1155 2452 studio
1182 2410 1220 2451 ac
1248 2390 1359 2451 labore
1383 2395 1590 2449 consumunt:
1625 2393 1656 2445 et
1673 2382 1859 2465 appellatur

466 2546 468 2553 J
490 2474 627 2545 euboea
649 2476 750 2539 doctis
765 2481 1016 2574 ματαιοζιχνια,
1041 2484 1192 2564 quaedam
1214 2501 1430 2563 supervacuae
1458 2477 1534 2541 artis
1564 2474 1720 2547 imitatio;
1765 2485 1857 2537 certe

534 2571 617 2650 apud
639 2591 746 2632 omues
776 2571 924 2653 prolecto
957 2578 1200 2656 μαιαιοπονια,
1232 2574 1305 2657 quia
1338 2576 1453 2637 babeat
1474 2592 1588 2635 vantem
1618 2570 1761 2630 laborem
1786 2567 1858 2629 nul·

532 2663 659 2748 lnmque
682 2664 767 2739 eins,
792 2667 830 2727 ad
852 2668 938 2748 qnod
960 2678 1193 2747 praeparetur,
1218 2670 1379 2732 ellectum.
1423 2665 1510 2746 Quid
1524 2662 1631 2747 ergo?
1652 2660 1771 2724 nihilne
1794 2658 1857 2723 sibi

533 2757 718 2821 declamatio
739 2756 911 2843 indulgebit
927 2771 981 2821 ant
1002 2762 1212 2843 panegyricus
1233 2761 1364 2824 sermo?
1388 2760 1554 2843 Indulgeat
1575 2774 1651 2819 sane
1673 2753 1794 2837 aliquid
1817 2754 1856 2815 ad

534 2862 694 2929 ornatum,
719 2850 759 2913 ita
783 2864 884 2915 tauieu
909 2874 946 2915 ue
969 2876 984 2917 a
1008 2850 1148 2918 loriusis
1169 2853 1304 2916 actionis
1323 2852 1522 2915 similitudine
1538 2850 1603 2913 ullo
1625 2850 1688 2911 alio
1711 2850 1853 2922 differat,

490 2962 626 3026 aequam
657 2946 854 3009 accuratiore
883 2947 1053 3027 splendore
1079 2958 1111 3008 et
1139 2945 1218 3009 locis
1246 2946 1409 3022 omnibns,
1444 2944 1561 3029 quibus
1591 2940 1854 3023 supradiximus

444 3056 448 3063 ·
532 3034 685 3101 illustrari
708 3040 882 3103 orationem
905 3040 1036 3103 liberius
1058 3038 1181 3103 effusis.
1237 3042 1422 3103 Tenendum
1448 3050 1571 3110 tamen,
1600 3036 1754 3121 quicquid
1776 3046 1854 3121 aget

534 3142 666 3206 orator,
702 3154 766 3195 non
794 3132 922 3195 miiitum
952 3154 967 3197 a
997 3134 1119 3196 lorensi
1149 3132 1274 3197 actione
1303 3134 1484 3215 discrepare
1507 3133 1624 3194 debere
1647 3141 1678 3192 et
1701 3132 1801 3191 rebus
1824 3139 1856 3191 ct

535 3224 644 3286 verbis
666 3234 699 3287 et
719 3226 996 3307 pronuntiatione:
1022 3239 1160 3289 ceterum
1184 3227 1281 3310 louge
1302 3228 1343 3289 ab
1364 3227 1481 3289 effectu
1503 3223 1611 3309 operis
1632 3220 1852 3287 aberraverit.

850 3394 983 3457 XXVI.
1011 3395 1074 3459 DE
1097 3392 1536 3460 SERMOCINATIONE.

493 3548 524 3601 au
620 3531 859 3594 Sermociuandi
882 3530 965 3595 ratio
988 3554 1051 3595 non
1071 3533 1100 3596 iu
1122 3532 1293 3614 postremis
1314 3534 1455 3595 habenda
1473 3543 1534 3595 est.
1578 3531 1622 3594 Et
1636 3529 1766 3614 quidem
1788 3551 1858 3592 scr·

535 3626 639 3688 monis
662 3646 735 3688 usus
764 3628 862 3689 miilto
881 3627 1081 3710 frequentior
1112 3648 1205 3712 quam
1239 3626 1376 3691 oratoris
1398 3638 1459 3691 est.
1503 3626 1606 3709 Igitur
1627 3623 1784 3687 sermonis
1807 3633 1854 3686 est

536 3717 636 3781 virtus
658 3720 814 3803 elegantia
837 3718 904 3782 sine
930 3720 1153 3783 ostentatione.
1210 3723 1321 3783 Verba
1349 3720 1411 3783 sint
1432 3721 1555 3795 electa,
1594 3719 1726 3782 honesta
1753 3717 1855 3801 magis

535 3831 629 3894 quam
662 3812 823 3887 sonantia,
860 3834 977 3894 paucae
1006 3815 1229 3877 translationes
1258 3836 1359 3895 neque
1387 3816 1446 3877 bae
1468 3814 1531 3875 alte
1552 3810 1689 3893 petitae,
1728 3812 1855 3876 modica

462 3920 465 3927 '
535 3904 721 3989 antiquitas,
745 3905 811 3969 siue
833 3904 945 3991 figlinis
966 3906 1164 3989 insignibus,
1187 3907 1254 3970 sine
1270 3919 1428 3971 structura
1453 3906 1591 3980 leniore,
1614 3905 1681 3967 sine
1700 3906 1853 3986 periodo,

493 3998 602 4071 ³5siue
625 4000 875 4079 enthymemate:
900 3998 1034 4083 denique
1059 4020 1169 4064 omnes
1196 3999 1373 4064 rhetoricas
1393 4000 1565 4081 palaestras
1588 3998 1699 4061 missas
1722 3997 1854 4070 leceris,

535 4112 617 4173 quae
646 4103 680 4155 ιιι
709 4095 826 4155 addunt
855 4093 989 4156 urationi
1020 4094 1261 4169 auctoritatem,
1298 4093 1346 4155 sic
1382 4093 1550 4154 detrahunt
1576 4090 1716 4155 sermoni
1742 4090 1852 4153 fidem.

536 4187 681 4249 Attamen
704 4186 832 4249 habebit
855 4208 960 4249 sermo
980 4187 1203 4262 lucernariam,
1228 4198 1262 4248 ut
1282 4186 1323 4249 sit
1343 4185 1479 4268 simplex
1499 4196 1532 4247 et
1553 4183 1711 4267 aequalis,
1734 4194 1768 4245 ct
1781 4194 1853 4243 ante

536 4276 640 4343 omnia
662 4300 773 4369 carens
802 4280 1010 4343 obscuritate.
1057 4281 1255 4344 ,serdonum
1282 4291 1487 4364 argumenta,
1519 4297 1602 4363 qnae
1629 4297 1756 4359 semper
1782 4297 1853 4339 esse

622 4490 648 4538 l.
669 4492 703 4536 lta
725 4493 784 4538 Cnd.
815 4508 861 4537 ιοιι
887 4506 968 4541 arnan.
1019 4493 1078 4539 llice
1102 4496 1199 4539 omuino
1228 4495 1370 4553 corrigenda
1399 4495 1461 4549 apud
1488 4493 1540 4537 Cic.
1565 4504 1613 4536 sna
1631 4504 1691 4537 uras
1709 4504 1755 4547 pro
1772 4491 1852 4536 cicer.

675 4559 699 4607 l.
718 4561 818 4621 exarc]
828 4565 860 4607 Ιιι
872 4564 933 4609 cod.
955 4562 996 4609 1⁶.
1016 4566 1055 4609 Sic
1068 4565 1160 4608 videtur
1172 4563 1327 4609 babercCod.
1339 4565 1510 4618 (matriacum
1520 4561 1669 4607 odorrem:
1686 4562 1854 4607 ultemsrrib.

673 4630 961 4687 contemnentium.)
1000 4632 1038 4679 ll.
1059 4626 1120 4678 cdd.
1139 4631 1270 4679 ildariam.
1307 4630 1349 4678 23.
1369 4634 1430 4677 cni.
1447 4634 1631 4692 puaugsrieua.
1669 4630 1731 4674 'l'cm
1749 4632 1773 4673 in
1789 4645 1852 4675 naar·

674 4702 728 4760 gine
747 4702 862 4747 aebutium
883 4708 932 4749 est:
965 4704 1152 4762 „panegyricum
1180 4708 1217 4747 est
1243 4704 1391 4747 licentiosum
1417 4706 1441 4746 ιι
1467 4704 1580 4746 tauricum
1608 4713 1684 4759 μιιι
1712 4701 1804 4743 dicendi
1829 4704 1851 4742 ιι

676 4770 784 4815 laudibus
802 4785 902 4829 rogum,
922 4774 945 4817 in
964 4776 1029 4817 ruins
1048 4774 1213 4827 cniipositione
1234 4773 1343 4817 borsines
1368 4773 1448 4816 inultis
1466 4773 1596 4817 mendaciis
1613 4772 1757 4823 adulantum
1790 4770 1851 4827 qnod

674 4842 761 4885 iunium
787 4854 802 4883 a
820 4840 920 4887 Graccis
939 4848 1047 4887 exertum
1066 4846 1118 4897 ast,
1138 4854 1240 4899 qnorum
1257 4844 1341 4887 lenitas
1365 4842 1484 4892 instructa
1503 4841 1595 4885 dicendi
1612 4840 1725 4883 laealtatc
1743 4844 1768 4882 et
1785 4840 1853 4894 eopia

674 4910 807 4955 incredibili
824 4910 912 4955 multas
930 4912 1108 4957 insudaeinrurn
1126 4912 1225 4957 nebulas
1242 4911 1392 4957 suscitarit.”
1428 4908 1471 4955 28.
1491 4911 1528 4955 da
1546 4907 1708 4968 retorquent?
1726 4906 1773 4953 Οι.

630 5044 655 5095 1.
675 5040 716 5094 Dc
736 5040 785 5093 Or.
807 5039 828 5091 l.
848 5036 892 5096 dl·

611 5118 654 5176 ta.
674 5112 734 5168 Lib.
756 5114 794 5169 ll.
815 5120 861 5171 20.
