4434 5959
914 612 1006 677 ΠΒ.
1029 611 1079 676 ΙΙ.
1600 602 1659 671 155

348 768 492 819 naturam
522 753 685 839 oportebit
716 774 887 840 quaerere,
925 764 956 816 et
988 751 1078 837 qnasi
1107 750 1138 814 in
1160 752 1316 815 absoluto
1343 750 1528 814 iuridiciali
1548 772 1606 832 per
1627 772 1660 813 se

348 851 412 913 boc
433 852 539 931 ipsum
570 852 608 911 ab
630 852 725 912 rebus
749 850 894 912 omnibus
916 847 1082 927 separatim
1104 846 1326 913 considerare:
1359 848 1519 926 quomodo
1544 865 1661 905 conve·

348 945 396 1007 nit
430 944 598 1025 negotiali
629 944 787 1005 absoluta
814 942 963 1025 qualitas
994 950 1126 1001 tractata
1156 942 1251 1000 rebus
1277 948 1308 999 et
1330 939 1423 999 distet
1445 940 1660 1000 tantummodo

348 1049 514 1118 tempore:
537 1038 609 1120 quia
632 1036 815 1119 negotialis
830 1038 869 1097 de
885 1035 995 1097 numo
1019 1030 1103 1093 iusto
1127 1030 1210 1112 agit;
1234 1032 1390 1095 absoluta
1413 1032 1450 1092 de
1473 1030 1658 1110 praeterito.

432 1131 471 1194 Si
494 1142 557 1192 aut
583 1132 619 1192 in
641 1130 686 1193 iis
705 1142 767 1191 aut
791 1129 827 1190 in
848 1127 927 1189 aliis
958 1124 1125 1205 exemplis
1157 1124 1276 1205 scripti
1304 1145 1435 1207 quoqne
1469 1134 1685 1195 contuntur-5

348 1225 438 1287 siam
473 1224 669 1285 adiunctam
693 1222 830 1302 videbit]
887 1221 961 1283 Hoc
992 1228 1168 1299 praecepto
1205 1218 1340 1279 ostendit
1369 1216 1505 1278 incidere
1537 1238 1662 1297 semper

350 1316 471 1399 legales
492 1336 588 1396 posse
610 1313 845 1379 controversias
861 1310 1136 1375 constitutionibus
1152 1310 1397 1391 principaturum
1421 1330 1479 1371 nee
1493 1309 1661 1391 aliquando

350 1408 471 1491 legales
492 1420 605 1471 status
624 1428 717 1488 posse
736 1406 906 1470 exsistere
925 1404 1142 1487 principales.

437 1500 642 1582 Deprecatio
674 1511 749 1572 est,
785 1498 821 1561 in
846 1520 915 1581 qna
939 1518 1007 1562 non
1037 1496 1197 1587 defensio
1215 1496 1333 1587 sacti,
1375 1496 1437 1560 sed
1462 1496 1663 1581 ignoscendi

254 1627 255 1638 ι
347 1596 539 1679 postulatio
568 1592 774 1674 continetur]
836 1592 977 1654 Secunda
1012 1611 1084 1672 pars
1122 1591 1350 1655 concessionis
1385 1592 1566 1671 deprecatio
1601 1604 1660 1654 est.
1674 1610 1704 1657 ιο

350 1692 445 1752 Hanc
466 1687 575 1749 delinit
592 1686 657 1749 ita:
679 1708 785 1771 queem
805 1682 1029 1775 nonfurtum
1051 1681 1290 1772 defendimus,
1315 1685 1374 1747 sed
1393 1694 1509 1767 aperte
1529 1685 1661 1749 veniam

347 1784 580 1865 postulamus.
633 1782 708 1843 Hoc
735 1791 837 1841 erstem
873 1777 1008 1840 actionis
1041 1798 1142 1861 genus
1180 1798 1241 1840 non
1271 1777 1454 1860 frequenter
1480 1777 1610 1840 incurrit
1632 1778 1663 1839 in

350 1875 494 1950 indiciis,
526 1877 582 1937 scd
603 1873 636 1935 in
658 1886 767 1935 senatu
796 1871 962 1955 aliquoties
984 1880 1016 1931 et
1041 1871 1125 1949 apud
1146 1870 1317 1951 populum:
1350 1874 1463 1953 datque
1484 1871 1663 1952 exemplum

351 1970 403 2029 rel
425 1967 539 2049 Quinti
562 1966 734 2030 Numitorii
757 1967 808 2027 vel
830 1965 1001 2046 Syphacis3
1023 1963 1077 2025 ubi
1099 1976 1226 2045 aperte,
1251 1964 1334 2025 nulla
1350 1965 1408 2027 alia
1425 1964 1661 2040 constitutione,

351 2060 443 2123 venia
466 2061 625 2142 postulata
647 2059 701 2123 sit.
746 2057 914 2141 Subiungit
935 2067 1125 2139 praecepte:
1148 2057 1253 2138 primo
1276 2058 1361 2133 eius,
1386 2058 1495 2142 quint
1518 2057 1663 2141 ignosce·
1678 2072 1706 2125 tt

352 2165 424 2227 tur,
460 2154 620 2236 postulat3
654 2164 688 2215 ut
709 2174 764 2214 sua
793 2150 945 2214 beneficia
967 2160 1212 2225 commemoret,
1247 2150 1274 2213 si
1299 2172 1358 2233 qna
1383 2154 1524 2214 babuerit
1548 2154 1577 2216 in
1600 2152 1664 2215 vita

352 2246 544 2330 praeterita;
580 2258 612 2309 et
633 2267 668 2309 ea
690 2248 804 2308 doceat
822 2264 891 2307 esse
920 2244 1057 2317 maiora,
1096 2264 1188 2325 quam
1209 2255 1291 2307 esset
1317 2245 1454 2318 facttum,
1488 2249 1570 2309 unde
1592 2264 1666 2308 reus

354 2354 420 2404 est:
454 2341 567 2403 deinde
592 2338 743 2401 maiorum
770 2358 899 2401 suorum
922 2335 1076 2398 beneficia
1108 2337 1275 2397 ostendat:
1311 2336 1420 2398 deinde
1443 2339 1524 2402 dicat
1547 2361 1581 2401 se
1602 2360 1666 2404 non
1697 2368 1701 2377 =

355 2434 430 2498 odio
452 2453 556 2515 neque
581 2430 765 2494 crundelitate
793 2430 925 2503 fecisse,
956 2431 1043 2510 qnod
1062 2427 1191 2501 lecerit3
1225 2431 1283 2491 sed,
1306 2430 1436 2493 stultitia
1459 2445 1511 2497 aut
1537 2431 1667 2495 alicuius

354 2528 512 2609 impulsu:
545 2525 657 2587 deinde
678 2523 867 2606 polliceatur
888 2544 922 2585 se
944 2521 1059 2585 alicubi
1079 2521 1302 2603 profuturnm:
1333 2524 1443 2587 deinde
1466 2528 1609 2589 ostendat
1632 2538 1709 2589 sets

354 2618 621 2701 consanguineum
640 2617 760 2700 magnis
776 2637 814 2678 ac
829 2614 1054 2699 principalibus
1077 2614 1153 2677 viris
1174 2614 1224 2677 vel
1246 2614 1397 2679 amicum:
1424 2620 1534 2681 deinde
1556 2618 1665 2699 ampli·

353 2713 493 2776 tudinem
514 2731 603 2774 suam
625 2721 658 2773 et
682 2709 853 2773 voluntatis
872 2720 904 2772 et
925 2707 1070 2793 generis3
1093 2720 1126 2770 et
1147 2729 1258 2773 eorum
1277 2710 1471 2775 voluntatem
1500 2713 1662 2787 ostendat,

354 2805 410 2889 qni
429 2807 525 2867 dese
545 2802 705 2877 indicent3
726 2814 758 2865 et
771 2802 894 2879 omnia,
918 2822 998 2886 qnae
1021 2822 1178 2885 personae
1201 2802 1433 2885 amplitudinem
1453 2807 1666 2868 honestatem·

355 2918 418 2983 qne
433 2899 670 2961 demonstrents
707 2898 764 2959 sed
791 2898 870 2958 baec
892 2916 963 2959 cum
983 2894 1212 2979 conquestione
1234 2896 1341 2979 potius
1363 2919 1456 2980 quam
1479 2919 1547 2961 cum
1575 2918 1666 2960 arro·

254 3047 255 3060 ,
356 2990 476 3073 prtia.
521 2989 603 3052 Post
632 2990 712 3051 base
742 2987 915 3071 adiungere
942 2990 1086 3070 exempla
1120 2991 1234 3065 debet,
1267 2988 1298 3051 in
1331 2991 1447 3074 quibus
1475 2994 1588 3054 docent
1616 2994 1710 3051 aut2⁵

254 3069 255 3146 i
356 3082 450 3146 simili
479 3084 519 3143 de
544 3102 637 3144 cause
669 3082 814 3164 ignotum
843 3081 948 3145 multis
977 3094 1031 3144 ent
1052 3082 1170 3146 maiora
1201 3080 1313 3145 delicta
1350 3098 1517 3147 concessa:
1555 3079 1667 3146 deinde

356 3176 472 3238 doceat
495 3195 530 3237 se
552 3175 585 3236 in
607 3186 765 3255 potestate
785 3174 859 3237 item
873 3173 971 3237 lesisse
986 3186 1017 3237 et
1031 3173 1063 3237 id
1079 3173 1244 3259 ignovisse
1261 3196 1353 3259 quem
1371 3175 1527 3257 plurimis.
1571 3176 1668 3239 Post·

355 3288 448 3331 remo
464 3267 567 3349 ipsum
586 3279 749 3348 peccatum
766 3278 936 3351 ementiare
956 3266 1083 3331 debebit
1098 3278 1130 3329 et
1151 3288 1357 3349 comparares
1379 3276 1513 3353 propter
1534 3285 1668 3351 parvum

357 3360 524 3425 admissum
545 3380 580 3423 se
599 3360 758 3423 bominem
779 3361 835 3423 tali
847 3362 971 3426 bonore
986 3360 1192 3423 excellentem
1208 3360 1365 3441 supplicio
1393 3361 1473 3425 effici
1489 3384 1551 3427 non
1570 3383 1670 3445 opor-

357 3464 448 3528 tere,
484 3471 551 3536 qno
572 3452 750 3515 efficiuntur
770 3453 884 3529 ceteri,
922 3452 976 3536 qni
997 3451 1117 3515 maiora
1135 3452 1350 3528 committunt;
1385 3457 1461 3517 hacc
1480 3455 1669 3519 confirmare
1681 3468 1713 3518 to

358 3544 439 3608 locis
469 3545 706 3621 communibus,
742 3544 798 3628 qni
829 3548 869 3609 ad
901 3548 1084 3627 captandam
1118 3545 1362 3635 misericordiam
1394 3549 1426 3610 in
1457 3550 1561 3629 primo
1587 3549 1670 3611 libro

359 3639 507 3702 videntur
528 3640 679 3723 expositi.
703 3640 766 3703 Sed
782 3650 893 3703 contra
907 3640 1012 3714 bunc,
1030 3639 1083 3722 qui
1106 3640 1198 3717 dicit,
1223 3641 1357 3720 primum
1377 3641 1558 3703 maleficium
1575 3662 1672 3725 ange·

360 3731 424 3795 bit:
452 3732 565 3796 deinde
589 3733 670 3795 dicet
684 3733 768 3796 ,nibil
795 3733 1010 3814 imprudenter
1035 3732 1173 3809 lactum,
1208 3735 1264 3795 sed
1290 3734 1459 3796 crudeliter
1487 3744 1519 3797 ct
1549 3733 1672 3795 inimice

361 3824 485 3902 omnis,
513 3826 614 3907 ipsum
637 3826 934 3902 immisericordem,
968 3824 1135 3901 immitem,
1159 3828 1346 3908 superbum,
1368 3826 1522 3888 inimicum
1544 3846 1670 3907 semper

361 3918 479 3994 inisse,
503 3920 634 3983 amicum
656 3940 815 4002 nunquam
837 3919 998 3982 futurum:
1036 3930 1068 3981 et
1088 3919 1116 3981 si
1138 3920 1288 3983 beneficia
1313 3919 1483 4001 protulerit
1504 3918 1579 3993 ille,
1617 3918 1714 4002 quies

363 4012 483 4075 veniam
504 4014 603 4094 petit,
639 4012 683 4087 is,
718 4013 772 4096 qui
808 4025 920 4077 contra
951 4011 1042 4088 dicit,
1076 4014 1192 4075 docere
1230 4013 1357 4075 debebit
1385 4032 1476 4076 cause
1500 4011 1578 4087 alia,
1608 4031 1672 4073 non

254 4165 255 4168 ,
362 4106 580 4169 benevolentia
600 4105 769 4186 praestitam
792 4116 845 4167 ant
865 4104 949 4167 alind
970 4104 1067 4166 maius
1087 4117 1200 4186 postca
1222 4116 1443 4178 consecutum,
1468 4116 1499 4166 et
1513 4105 1574 4165 boc
1590 4103 1671 4166 malo

454 4259 481 4313 3.
501 4257 651 4325 negotiali]
672 4256 773 4329 Supple
791 4258 932 4326 qualitati.
952 4259 1034 4309 Cere.

437 4328 510 4383 lbld.
530 4329 658 4382 ahrodeta
675 4331 811 4401 qualitas]
832 4330 909 4399 Quae
929 4332 1022 4401 ntique
1041 4330 1208 4383 iuridicialis
1226 4346 1278 4385 eet.
1297 4330 1378 4384 Gerr.

455 4407 483 4463 6.
501 4410 601 4474 scripti
618 4423 722 4476 quoqne
743 4406 976 4471 controversiam]
997 4404 1101 4457 sustu
1121 4404 1155 4456 ed
1175 4410 1291 4479 primsm
1310 4413 1434 4458 stetmnn
1456 4403 1621 4459 divisionem
1642 4410 1672 4460 lu

364 4478 494 4557 λογικόν,
513 4480 690 4544 rationalem,
705 4494 735 4533 et
753 4478 890 4556 roprande,
908 4477 1036 4546 legalem.
1076 4480 1145 4534 Nem
1164 4480 1200 4537 τὸ
1219 4488 1353 4549 scripturn
1370 4484 1422 4534 boe
1440 4484 1469 4532 ln
1486 4478 1548 4533 lo'co
1564 4480 1671 4553 legem,

365 4568 525 4608 enemente
544 4569 702 4623 ceterasque
720 4559 888 4625 scriptorum
906 4558 1011 4625 spectes
1030 4553 1155 4620 indust,
1177 4570 1206 4609 ιιι
1227 4555 1318 4628 paullq
1339 4571 1399 4627 pen
1420 4554 1534 4628 pssebtt.
1554 4556 1636 4609 Cere.

455 4635 484 4688 8.
501 4628 608 4696 leffelee
626 4630 736 4699 statue]
771 4628 839 4681 Vide
860 4644 890 4682 ιιι
907 4628 1046 4696 &galline
1062 4634 1147 4683 estem
1167 4635 1363 4683 controversus
1383 4648 1484 4693 nomen
1502 4638 1596 4682 statne
1615 4636 1669 4684 tri·

254 4747 255 4776 ι
365 4704 430 4757 bum
448 4706 507 4774 lpse
528 4706 696 4757 Vtetcrtnns.
735 4703 856 4774 Qntdam
885 4707 959 4757 enim
978 4704 1102 4758 rhetores
1122 4711 1233 4763 ιιοιιιιίιί
1253 4704 1286 4759 de
1305 4706 1493 4757 rationalibus
1510 4721 1674 4759 contemer-

254 4793 255 4804 ¹
365 4784 414 4835 tlte
432 4794 534 4831 nornen
553 4785 646 4831 status
663 4792 804 4850 usurpent.
824 4779 907 4832 Caes.

434 4856 478 4909 tt.
496 4854 580 4903 Hane
598 4850 700 4925 definit
717 4858 781 4905 tta:
809 4871 891 4925 qnnm
915 4854 1100 4925 nonfurtum
1129 4854 1195 4927 ret]
1228 4854 1314 4907 Huius
1341 4852 1510 4908 definitionis
1532 4870 1588 4907 non
1612 4858 1670 4927 lpse

367 4924 474 4997 quidem
493 4926 593 4993 verbs,
611 4928 658 4981 sed
677 4944 773 4981 senens
791 4944 881 4982 exstat
900 4926 971 5000 apud
990 4930 1165 4983 Ciceronem.
1190 4931 1273 4981 Cure.

437 5004 483 5060 56.
502 5002 574 5071 elia]
595 5004 658 5056 deo.
677 5031 715 5047 -
733 5002 827 5072 eliqua
846 5002 919 5058 Cett.
940 5002 1038 5057 Malim
1058 5006 1152 5073 alr'qna
1171 5005 1238 5065 atra,
1260 5019 1291 5056 ut
1310 5022 1337 5077 p.
1362 5005 1423 5069 t59‚
1445 5006 1471 5062 5.
1490 5002 1544 5057 On.

438 5079 486 5135 57.
501 5080 658 5145 praestita]
692 5076 845 5150 Legebatnr
872 5091 952 5130 antes
980 5085 1163 5147 praestitum,
1197 5077 1270 5147 qnod
1298 5096 1330 5131 ex
1357 5083 1442 5150 iptlut
1470 5076 1556 5133 Tullii
1584 5076 1675 5133 terblt

365 5149 564 5205 emendandum
582 5156 751 5207 surentinos.
772 5152 849 5207 Gerr
896 5150 1075 5225 (praeessem
1093 5158 1178 5208 ettam
1198 5152 1266 5207 cod.
1286 5150 1362 5225 Bes.)
