4434 5959
549 602 616 668 tto
1087 607 1324 674 Botttmtts

548 744 603 809 nni
618 745 731 830 cuique
745 745 889 811 adiuncta
903 747 954 813 rei
970 748 1132 815 rariomtn
1148 760 1263 813 eventu
1281 760 1460 829 temporum
1483 745 1690 832 colliguntur.
1734 745 1867 810 ideirco
1927 731 1934 746 ⁸

549 840 650 915 enisu,
688 842 765 924 quid
785 855 856 905 ante
875 864 965 918 mm,
1002 843 1077 926 quid
1098 865 1168 904 cum
1190 863 1244 914 re,
1270 839 1346 922 quid
1365 851 1442 922 post
1460 860 1528 902 rem
1547 841 1709 915 evenerit,
1732 840 1765 903 in
1786 862 1866 903 con·

547 932 751 997 iecturalibns
785 935 889 998 caussis
920 935 1111 1020 inquiriturz
1147 955 1229 1017 quae
1266 936 1307 996 ab
1340 933 1524 997 oratoribus
1559 943 1739 997 tractantur
1769 936 1869 1007 solis;

547 1046 652 1109 neque
672 1026 749 1090 iuris
772 1027 925 1091 consultis
947 1029 978 1090 in
1000 1029 1182 1092 huiusmodi
1205 1027 1342 1111 negotiis
1362 1048 1433 1089 curn
1454 1027 1617 1091 rhetorica
1630 1027 1784 1092 sturitate
1806 1029 1870 1090 ulla

524 1121 729 1185 §communio
751 1132 812 1184 est.
869 1122 953 1186 Iuris
983 1123 1064 1186 enirn
1088 1122 1210 1204 peritus
1236 1126 1275 1185 de
1299 1119 1376 1183 faeti
1398 1119 1573 1204 qualitate,
1609 1141 1673 1184 uon
1704 1122 1798 1184 etiarn
1829 1123 1870 1184 de

548 1212 648 1294 ipsius
667 1213 743 1276 facti
771 1214 905 1278 veritate
940 1218 1127 1297 respondet.
1182 1213 1309 1279 Idcirco
1338 1214 1484 1298 quotiens
1515 1215 1555 1276 ad
1582 1213 1707 1276 Gallum
1730 1211 1869 1295 peritum

547 1304 709 1370 iurisfacti
721 1309 864 1390 quaestio
881 1309 1104 1383 deserebatur,
1128 1310 1231 1384 ,Nihil
1248 1310 1287 1370 ad
1308 1329 1366 1372 nos
1379 1308 1410 1380 '’,
1434 1307 1596 1390 inquibat,
1620 1317 1652 1368 et
1664 1309 1703 1370 ad
1728 1306 1866 1372 Cicero-

548 1419 619 1462 nem
640 1401 746 1482 potius
768 1404 990 1478 consulentes,
1014 1403 1046 1465 id
1069 1415 1136 1479 est,
1168 1405 1206 1465 ad
1222 1404 1383 1466 rhetorem
1403 1401 1595 1465 remittebat.
1639 1401 1678 1463 ln
1697 1421 1764 1484 quc
1788 1401 1870 1462 Tul-

547 1492 608 1556 lius
633 1493 735 1560 facete
764 1498 803 1558 ad
829 1497 1014 1559 'l'rebatium
1037 1495 1140 1558 iocum
1171 1495 1294 1559 miscuit
1322 1495 1446 1558 diceus:
1485 1495 1681 1575 Quamquam
1705 1495 1799 1556 lorus
1817 1493 1870 1554 bic

506 1595 539 1650 tt
549 1587 589 1648 ab
608 1587 780 1662 adiunctis,
818 1589 1085 1654 coniecturalibus
1111 1587 1214 1652 causis
1240 1588 1373 1651 maxime
1399 1587 1505 1662 utilis,
1543 1587 1620 1651 nibil
1644 1586 1869 1650 consrtltorutn

547 1677 626 1742 iuris
647 1681 842 1761 prudentiam
859 1682 963 1758 iuvet,
986 1694 1097 1765 patere
1120 1705 1168 1746 me
1192 1693 1316 1752 tamen,
1340 1680 1457 1764 inquit,
1487 1680 1603 1742 nullam
1624 1679 1766 1762 suscepti
1789 1701 1869 1759 ope·

546 1772 593 1836 ris
620 1786 743 1855 partem
771 1777 968 1857 praeterire,
1002 1799 1062 1850 ne,
1098 1777 1126 1839 si
1155 1775 1186 1837 iu
1217 1777 1283 1838 boc
1310 1774 1394 1838 libro
1423 1773 1498 1836 nibil
1528 1785 1655 1857 praeter
1687 1785 1761 1836 tuae
1789 1772 1869 1835 artis

547 1866 690 1948 exempla
712 1868 959 1951 conscripsero,
983 1881 1056 1933 tuae
1077 1883 1196 1933 tautum
1216 1868 1335 1952 gratiae
1356 1867 1464 1930 videar
1484 1867 1638 1931 addictus.
1682 1869 1738 1932 Ab
1760 1866 1869 1930 adiun-

547 1959 608 2021 ctis
622 1979 704 2022 vero
725 1960 835 2035 locus,
859 1962 915 2044 qui
941 1983 1005 2024 non
1032 1965 1128 2026 modo
1150 1962 1228 2026 iuris
1252 1960 1423 2036 consultis,
1445 1963 1501 2023 sed
1516 1981 1556 2024 ne
1576 1961 1778 2043 pbilosophis
1799 1961 1870 2043 qui-

504 2063 538 2114 ts
549 2055 618 2116 dem
640 2066 769 2135 praeter
791 2067 937 2117 oratores
949 2055 1042 2138 [non]
1057 2067 1160 2138 patet,
1183 2055 1276 2119 trium
1288 2077 1384 2136 saepe
1404 2066 1580 2137 temporum
1594 2054 1716 2118 ratione
1729 2066 1869 2116 uacun-

548 2146 606 2207 dus
628 2157 688 2209 est.
733 2148 866 2208 Narnde
885 2148 972 2211 iacto
992 2150 1018 2211 si
1041 2149 1226 2234 quaeritur,
1256 2149 1333 2233 quid
1356 2148 1406 2212 vel
1430 2159 1502 2210 aute
1523 2148 1554 2212 id
1579 2147 1630 2210 vel
1656 2169 1729 2211 cum
1754 2167 1796 2210 en
1818 2147 1870 2209 scl

547 2248 624 2319 post
639 2237 754 2314 fucrit,
778 2261 906 2303 necesse
925 2254 972 2303 est
996 2243 1163 2327 vestigari.
1221 2245 1307 2306 Ante
1329 2263 1395 2304 rem
1417 2241 1543 2324 quidem
1566 2242 1630 2305 boe
1654 2243 1774 2304 modo:
1812 2261 1869 2321 ap·

546 2341 695 2412 paratus3
720 2333 789 2412 ueri
823 2333 922 2397 simile
945 2347 993 2397 est
1018 2337 1098 2398 enim
1124 2335 1268 2400 effecisse
1292 2336 1443 2418 aliquem,
1476 2336 1563 2417 quod
1580 2345 1653 2397 ante
1670 2333 1869 2397 efficiendum

547 2424 691 2503 paravitz
726 2427 909 2511 colloquia,
942 2429 1011 2492 ficri
1040 2429 1120 2493 euim
1150 2429 1272 2511 potuit,
1311 2441 1346 2490 ut
1368 2429 1537 2502 amaverit,
1572 2425 1628 2511 qui
1648 2447 1744 2506 saepe
1770 2424 1870 2489 frrerit

505 2515 746 2583 toculloeutusz
776 2521 884 2596 locus3
922 2524 1010 2586 velut
1032 2545 1127 2606 quum
1150 2525 1189 2584 ad
1211 2522 1329 2605 aliquid
1350 2520 1527 2584 faciendum
1551 2530 1755 2601 opportunus
1777 2518 1870 2582 locus

548 2609 696 2694 eligitur:
721 2614 926 2677 constitutum
949 2617 1149 2688 convivium
1173 2615 1260 2676 velut
1282 2613 1309 2676 si
1331 2614 1400 2696 quis
1423 2612 1597 2678 constituto
1619 2624 1691 2674 ante
1713 2611 1870 2674 convivio

546 2699 580 2766 in
601 2724 641 2768 eo
663 2704 778 2770 fecisse
804 2709 922 2790 aliquid
944 2722 1100 2794 arguatur
1123 2707 1331 2791 capiaturque
1352 2707 1533 2772 coniectura
1557 2705 1631 2769 lacti
1654 2725 1695 2767 ex
1713 2725 1754 2766 eo
1777 2703 1872 2785 ipso,

547 2799 635 2879 quod
654 2798 694 2860 sit
717 2800 898 2864 convivium
919 2803 1137 2866 constitutum.
1196 2802 1306 2884 Atque
1327 2802 1440 2863 horum
1460 2799 1599 2863 omnium
1622 2811 1694 2860 ante
1716 2819 1805 2873 rem,
1831 2801 1870 2860 de

548 2911 609 2974 qua
627 2893 809 2974 quaeritur,
839 2897 983 2978 exempla
1006 2910 1092 2960 sunt.
1152 2893 1233 2960 Cum
1259 2913 1293 2957 re
1319 2915 1397 2957 vero
1422 2897 1486 2956 hoc
1509 2895 1625 2955 modo:
1659 2892 1774 2974 pedum
1798 2911 1871 2952 cre·

504 2981 652 3065 sapitus3
695 2987 783 3050 velut
800 2986 826 3048 si
851 2988 914 3052 isse
936 2989 968 3052 ic
990 2991 1167 3072 quempiam
1188 2989 1295 3050 locum
1318 2987 1428 3068 aliquis
1447 2995 1631 3060 accusetur,
1657 2987 1774 3065 pedum
1797 3005 1870 3046 crc-

546 3077 616 3160 pitu
637 3080 851 3160 deprehensus
874 3103 944 3145 esse
965 3085 1182 3164 probabitur3
1214 3081 1264 3144 rel
1285 3081 1427 3144 siluisse
1453 3080 1574 3142 adulter
1595 3077 1625 3141 iu
1652 3077 1803 3140 cubiculo
1827 3099 1869 3140 ex

546 3174 659 3234 umbra
691 3172 841 3254 corporis
871 3175 1069 3259 designetur.
1125 3176 1215 3238 Haec
1243 3195 1314 3236 cum
1337 3174 1436 3254 ipsis,
1473 3175 1511 3236 de
1537 3170 1651 3256 quibus
1677 3170 1867 3254 quaeritur,

546 3263 687 3344 inspecta
709 3264 825 3328 eisdem
846 3280 948 3331 tamen
971 3269 1192 3352 intelliguntur
1221 3267 1377 3328 adiuncta.
1422 3267 1504 3330 Post
1521 3288 1586 3328 rem
1606 3285 1705 3328 vero:
1741 3263 1869 3348 siquas

548 3357 759 3421 conscientiae
781 3365 918 3424 maculas
940 3364 1064 3444 pallor,
1101 3366 1205 3424 rubor
1225 3359 1438 3442 titubatioque
1464 3358 1659 3440 prodiderit;
1695 3359 1868 3421 restinctus

506 3450 651 3533 teignis,
686 3452 775 3514 velut
804 3453 830 3515 si
862 3456 941 3516 elam
963 3456 1080 3518 factuam
1103 3455 1219 3537 aliquid
1243 3452 1400 3516 exstincto
1428 3453 1493 3535 igni
1515 3452 1647 3514 velimus
1673 3454 1866 3526 ostendere,

548 3553 584 3606 ut
605 3541 702 3606 tutius
723 3544 865 3609 notitiam
886 3550 1148 3612 submoventibus
1176 3545 1315 3610 tenebris
1337 3545 1611 3620 committeretur3
1646 3543 1721 3606 item
1744 3545 1869 3628 gladius

548 3647 698 3698 cruentus
717 3649 880 3719 peractum
901 3641 1023 3704 facinus
1043 3651 1211 3706 monstrat.
1255 3641 1345 3703 Haec
1366 3639 1470 3703 omnia
1493 3652 1565 3722 post
1585 3661 1650 3700 rem
1664 3638 1754 3701 facto
1774 3635 1869 3700 intel-

537 3729 690 3813 liguntur
714 3731 872 3796 adiuncta.
927 3736 971 3797 Et
992 3755 1118 3816 semper
1141 3746 1213 3796 aute
1234 3755 1321 3807 rem,
1357 3755 1428 3796 cum
1459 3755 1494 3795 re
1516 3745 1547 3796 et
1568 3743 1642 3816 post
1662 3753 1730 3795 rent
1755 3751 1870 3794 secun-

547 3825 622 3886 dum
643 3825 797 3889 rationetn
820 3839 998 3910 temporum
1021 3829 1257 3914 intelligendum
1280 3838 1347 3902 est,
1386 3847 1486 3908 oeque
1507 3825 1549 3891 ita
1574 3825 1657 3888 utin
1679 3827 1869 3886 anteceden-

506 3917 632 3982 astibus
649 3929 681 3981 et
699 3923 983 4006 consequentibus.
1026 3923 1098 3986 lllic
1119 3923 1199 3985 euim
1222 3933 1350 3984 naturae
1365 3919 1448 3982 ratio
1472 3919 1706 3983 consideratur.
1752 3917 1869 3981 Omnia

549 4011 668 4096 quippe
684 4013 776 4077 simul
798 4027 890 4079 sunt:
928 4039 997 4081 nant
1017 4016 1104 4101 quod
1124 4014 1298 4089 antecedit,
1332 4015 1358 4076 si
1376 4015 1513 4096 positum
1536 4012 1596 4086 sit,
1621 4009 1725 4074 statim
1746 4021 1796 4074 est
1813 4010 1866 4085 id,

548 4109 638 4190 quod
658 4110 884 4194 consequitur;
917 4123 973 4186 ut,
1011 4113 1037 4174 si
1059 4133 1160 4193 pouas
1182 4109 1357 4184 homiuem,
1381 4108 1484 4171 statim
1511 4107 1622 4170 animal
1644 4124 1714 4167 esse
1737 4125 1867 4166 neeesse

549 4211 615 4276 est,
640 4221 700 4265 nec
716 4214 788 4267 ante
807 4207 978 4268 secuudum
999 4216 1122 4288 tempus
1147 4207 1243 4269 bomo
1264 4203 1323 4265 dici
1346 4213 1473 4283 potest,
1508 4211 1583 4282 post
1609 4219 1686 4262 vero
1715 4197 1866 4280 subsequi

549 4293 682 4369 animal,
705 4306 741 4358 ut
762 4309 833 4360 ante
854 4297 966 4382 aliquis
988 4309 1159 4379 apparatus
1179 4309 1227 4360 est
1251 4298 1422 4360 secuudum
1441 4306 1582 4376 tempus,
1603 4293 1768 4375 posterior
1788 4293 1865 4355 effe·

506 4399 633 4455 tuctus.
676 4388 790 4473 Itaque
815 4389 882 4453 illic
912 4391 1125 4454 antecedentia
1152 4401 1183 4452 et
1207 4387 1433 4472 consequentia
1466 4387 1685 4461 nominantur,
1717 4387 1769 4448 nte
1795 4397 1865 4448 ante

549 4500 637 4555 rem,
672 4503 742 4544 cum
765 4503 802 4546 re
820 4496 852 4546 et
877 4497 950 4565 post
968 4506 1055 4559 rem,
1089 4483 1231 4555 idcireo,
1256 4483 1341 4566 quod
1360 4483 1438 4544 illud
1460 4479 1585 4564 quidem
1608 4501 1671 4543 non
1693 4481 1865 4544 secundum

548 4569 695 4652 tempus,
734 4577 789 4638 sed
821 4579 991 4640 sectandum
1011 4576 1281 4660 principalitatem
1316 4589 1445 4638 naturae
1479 4595 1585 4637 sectuu
1621 4573 1712 4635 simul
1747 4571 1866 4654 aliquid

549 4667 702 4730 trahentis
724 4672 910 4733 antecedens
932 4669 1048 4732 dicitur
1075 4671 1125 4732 vel
1152 4690 1348 4752 consequeus
1370 4669 1417 4744 id,
1443 4671 1529 4750 quod
1553 4667 1743 4730 antecedens
1766 4663 1864 4730 comi·

548 4772 647 4826 tatur.
687 4763 736 4826 Ea
759 4784 859 4839 vero,
898 4784 978 4848 quae
1004 4765 1173 4826 secttodum
1198 4761 1352 4845 temporis
1374 4762 1513 4845 priorem
1537 4759 1793 4844 posterioremve
1814 4779 1865 4820 ra·

507 4877 540 4928 ts
550 4855 667 4920 tionem
689 4857 928 4920 considerantur
947 4854 1107 4934 adiuncta,
1143 4856 1262 4920 ideirco
1285 4867 1355 4919 ante
1376 4876 1465 4934 rem,
1499 4877 1569 4919 curu
1590 4875 1626 4917 rc
1650 4865 1680 4916 et
1701 4864 1778 4935 post
1799 4871 1864 4914 rent

549 4969 665 5029 repere
687 4950 891 5013 vocabulum.

626 5153 671 5210 13.
690 5148 803 5224 videar]
823 5149 899 5203 Eine.
920 5177 956 5192 -
974 5149 1108 5203 videaur
1126 5149 1193 5205 Edd.
1236 5155 1279 5209 ts.
1298 5167 1356 5203 uon
1374 5145 1469 5204 maltro
1489 5146 1583 5234 abesrq
