4434 5959
525 645 587 710 DE
611 642 756 711 cotue.
779 645 841 708 ET
862 644 924 707 DE
946 640 1124 706 METRIS
1148 639 1289 704 ORAT.
1581 631 1642 698 193

336 789 389 852 sic
415 785 519 851 dicit:
550 784 651 864 ernsi
678 805 757 847 vero
779 782 956 847 Trallianus
979 778 1076 844 luserit
1097 777 1346 849 Demosthenes,
1380 775 1468 838 onius
1493 789 1556 837 nou
1581 785 1644 836 tam

337 882 505 945 vibrarent
524 878 654 942 fulmina
675 878 746 954 illa,
781 877 840 939 nisi
861 873 995 938 numeris
1016 884 1164 937 contorta
1185 871 1357 934 ferrentur.
1400 871 1477 948 (Or.
1501 870 1532 940 §.
1556 867 1646 945 131.)

452 1031 582 1094 Versus
602 1025 743 1103 Rufini,
770 1025 813 1092 V.
837 1028 895 1100 C.,
919 1022 960 1084 de
981 1020 1133 1084 numeris
1154 1027 1186 1083 et
1205 1017 1349 1104 pedibus
1371 1029 1562 1082 oratorum.

342 1149 491 1217 Creticus
513 1157 566 1210 arrt
587 1148 745 1228 spondeus
768 1145 827 1208 erit
848 1163 988 1227 paeanve
1009 1161 1191 1222 supremus,

339 1243 498 1321 Dactylus
520 1251 613 1322 atquae
634 1243 802 1302 trochaeus
825 1239 911 1299 adest
933 1233 984 1298 vel
1005 1254 1120 1296 cursor
1141 1233 1278 1309 iambus,

340 1335 493 1400 Partibus
512 1333 545 1396 in
567 1332 687 1395 crunctis
710 1331 763 1415 qrsi
785 1331 915 1413 ponitur
936 1341 1007 1390 ante
1029 1347 1230 1407 supremum,

343 1426 600 1508 'l'emporibnsve
623 1445 715 1506 pares
736 1425 796 1486 hos
820 1444 928 1488 omues
950 1423 1082 1483 reddere
1104 1431 1254 1500 possunt,

342 1518 481 1582 Solvere
502 1537 558 1580 sen
577 1520 690 1600 longas
713 1515 816 1588 malis,
841 1526 876 1578 ut
896 1514 1016 1596 syllaba
1038 1525 1183 1592 crescat,
1633 1516 1652 1576 5

342 1609 530 1675 Rhetoricis
551 1609 648 1673 Asiae
670 1607 788 1690 placuit
810 1607 857 1669 bis
878 1607 941 1669 fine
962 1609 1145 1670 trochaeus.
1174 1683 1178 1694 ¹

342 1703 508 1785 Principia
531 1714 562 1766 et
585 1703 718 1765 medium
740 1714 771 1763 et
792 1701 885 1763 finem
908 1699 963 1762 tibi
985 1699 1150 1762 dochmius
1173 1711 1279 1765 ornat.
1665 1683 1697 1733 ¹⁰

401 1851 521 1916 Cicero
541 1850 583 1915 de
607 1849 724 1914 incisis
743 1860 778 1913 et
799 1849 957 1914 menandris
977 1861 1011 1914 et
1029 1849 1071 1913 de
1091 1837 1239 1914 circuitu
1260 1832 1327 1914 sici
1371 1852 1447 1929 (Or.
1470 1858 1501 1928 §.
1525 1852 1614 1928 213.)

434 1975 466 2037 0
487 1975 610 2037 Marce
631 1975 763 2044 Druse,
784 1983 921 2052 patrem
941 1971 1087 2052 appello.
1131 1971 1221 2032 Haec
1243 1973 1366 2056 quidem
1382 1965 1538 2046 †dudbus
1553 1973 1582 2034 in
1608 1971 1654 2034 bis

344 2064 485 2150 pedibus
511 2064 650 2139 incisim,
688 2064 798 2126 deinde
828 2062 1040 2126 membratim:
1065 2066 1121 2125 Tu
1142 2063 1253 2126 uicere
1276 2064 1407 2127 solebas
1429 2084 1563 2128 sacram
1584 2087 1657 2128 esse

347 2183 423 2224 rem
447 2157 637 2241 publicam
671 2158 750 2218 haec
776 2156 851 2219 item
873 2157 1011 2218 membra
1033 2155 1149 2228 ternis;
1183 2167 1259 2237 post
1281 2157 1434 2220 ambitus:
1468 2160 1659 2244 quicumque

349 2255 529 2328 violasset,
562 2252 607 2313 ab
624 2251 780 2314 omnibus
809 2272 882 2314 esse
904 2249 936 2311 ei
959 2269 1088 2330 poenas
1108 2252 1323 2332 persolutam
1359 2251 1527 2313 dichoreus
1538 2269 1560 2314 s·
1586 2232 1702 2312 niui1¹⁵

348 2347 430 2409 enim
463 2347 503 2406 ad
534 2365 627 2418 rem,
661 2358 803 2408 extrema
835 2345 886 2406 illa
917 2341 1011 2425 longa
1036 2343 1095 2415 sit,
1134 2363 1172 2403 an
1195 2343 1312 2405 brevis.
1371 2344 1514 2408 Deinde:
1546 2343 1661 2425 patria

352 2438 486 2501 dictum
506 2437 643 2518 sapiens
662 2436 836 2500 temeritas
846 2435 923 2513 filii
942 2434 1189 2516 comprobanit;
1213 2436 1273 2498 hoc
1295 2435 1447 2500 dichoreo
1470 2447 1575 2500 tantus
1597 2437 1662 2498 cla·

351 2553 423 2595 mor
445 2530 608 2594 concionis
637 2528 791 2592 excitatus
818 2542 888 2603 cst,
927 2538 959 2589 nt
988 2527 1168 2590 admirabile
1191 2538 1285 2595 essct.
1330 2529 1480 2607 Quaero,
1506 2553 1608 2594 nonne
1630 2531 1660 2594 id

350 2643 501 2687 ntsmerus
521 2623 682 2696 effecerit3
715 2624 887 2686 verborum
911 2619 1051 2682 ordinem
1074 2620 1217 2694 immuta,
1252 2621 1303 2684 loc
1325 2622 1389 2686 sica
1424 2621 1661 2704 Comprobavit

342 2715 425 2794 fitis·
449 2715 642 2786 temeritas,·
677 2713 735 2774 iam
770 2713 844 2778 nibil
873 2713 953 2786 erit;
985 2711 1045 2775 etsi
1077 2713 1250 2777 temeritas
1275 2737 1315 2776 cx
1338 2715 1437 2778 tribus
1459 2716 1610 2779 brevibus
1633 2704 1705 2780 et²⁰

353 2809 451 2894 longa
473 2819 540 2883 est;
562 2830 654 2893 quem
674 2806 867 2871 Aristoteles
890 2817 923 2868 nt
946 2806 1097 2888 optimum
1120 2811 1248 2889 probat.

579 2947 674 3013 Idem
695 2947 815 3012 Cicero
833 2959 955 3029 postca
973 2945 1024 3009 sic
1044 2944 1150 3009 dicit:
1192 2949 1268 3024 (Or.
1291 2952 1321 3024 §.
1345 2945 1433 3028 215.)

438 3061 503 3124 Sed
523 3069 596 3122 snut
616 3059 775 3121 claussulae
796 3059 924 3139 plures,
947 3078 1027 3140 quiae
1049 3077 1217 3120 numerose
1235 3071 1265 3120 et
1280 3057 1414 3121 iucunde
1436 3062 1560 3123 cadant.
1584 3061 1665 3122 Nom

356 3166 388 3219 et
408 3153 561 3227 creticus,
585 3153 639 3235 quui
662 3164 709 3214 est
730 3173 748 3214 e
769 3151 868 3233 longa
889 3164 921 3212 et
943 3149 1034 3212 brevi
1055 3161 1086 3212 et
1105 3152 1221 3234 longa,
1245 3163 1276 3213 et
1298 3149 1364 3214 eins
1389 3153 1527 3234 aequalis
1546 3175 1664 3235 pacari,

356 3245 413 3333 qni
441 3247 546 3328 spatio
577 3265 635 3327 par
664 3256 731 3319 est,
768 3245 887 3324 syllaba
910 3241 1056 3326 longior,
1094 3263 1186 3324 quiam
1213 3244 1463 3306 commodissime
1485 3259 1613 3328 putatur
1634 3245 1708 3310 ἰιιῖ5

356 3340 494 3404 solutam
524 3339 696 3403 orationem
718 3337 861 3422 illigari,
899 3356 993 3419 qurum
1026 3334 1067 3397 sit
1099 3335 1230 3416 duplex.
1289 3339 1367 3401 llam
1390 3350 1444 3400 aut
1466 3359 1483 3400 e
1505 3339 1667 3424 longeest

357 3445 390 3497 et
412 3433 515 3495 tribus
533 3432 703 3506 brevibus,
725 3431 781 3516 qsri
803 3451 949 3492 nnmerns
964 3427 994 3490 in
1016 3428 1120 3510 primo
1143 3429 1252 3514 riget,
1276 3428 1357 3493 iacet
1375 3431 1405 3494 in
1426 3442 1590 3510 extremo:
1616 3445 1668 3496 aut

358 3548 377 3590 e
399 3526 530 3590 totidem
552 3526 705 3589 brevibus
726 3535 757 3587 et
779 3525 891 3603 longa;
915 3543 1007 3606 quiem
1030 3521 1149 3603 optime
1168 3525 1281 3587 cadere
1295 3537 1423 3586 censent
1438 3536 1582 3601 veteres,
1606 3547 1668 3609 ego

357 3641 426 3684 non
446 3618 540 3702 plane
565 3617 697 3681 reiicio:
733 3621 789 3680 sed
811 3617 889 3679 alios
912 3628 1080 3696 antepono.
1130 3618 1180 3679 Ne
1202 3619 1359 3698 spondeus
1381 3630 1427 3681 est
1451 3617 1574 3702 quidem
1596 3617 1669 3680 frun-

359 3713 444 3775 ditus
461 3711 691 3793 repudiandus:
714 3710 794 3784 etsi,
818 3711 904 3793 qsrod
925 3720 974 3770 cst
991 3729 1009 3770 c
1028 3707 1153 3792 longis,
1176 3709 1324 3773 hebetior
1340 3711 1463 3774 ridetur
1476 3721 1507 3772 et
1526 3708 1647 3773 tardior
1660 3733 1669 3785 3
1681 3715 1713 3766 ³⁰

358 3806 457 3868 babet
475 3814 577 3865 tamen
604 3802 746 3866 stabilem
772 3806 925 3885 ostendam
946 3811 978 3863 et
999 3821 1061 3862 non
1089 3815 1251 3883 expertem
1282 3803 1439 3886 dignitatis
1466 3808 1615 3888 graduum
1638 3805 1669 3866 in

358 3895 567 3962 incisionibus
586 3916 665 3959 rero
685 3895 785 3958 multo
806 3893 906 3978 magis
927 3905 958 3956 et
978 3893 1010 3956 in
1030 3895 1190 3959 membris.
1233 3896 1427 3961 Paucitatem
1446 3897 1528 3961 enim
1555 3899 1671 3978 pedum

361 3987 524 4074 gravitate
544 4009 601 4051 sua
621 3999 654 4051 et
674 3987 819 4051 tarditate
841 3999 1038 4068 compensat.

382 4129 545 4192 Donatus
565 4127 607 4190 de
628 4126 812 4191 structuris
832 4136 866 4190 et
883 4125 1027 4210 pedibus
1047 4127 1212 4192 oratoriis
1232 4149 1453 4194 numerorum
1483 4131 1532 4193 sic
1553 4129 1652 4194 dicit.-
1713 4155 1719 4170 ·

450 4237 568 4304 Cicero
585 4237 616 4300 in
640 4237 849 4302 exornatione
870 4238 1041 4302 sententiae
1061 4239 1264 4324 clausulaque
1286 4243 1429 4322 ponenda
1453 4243 1548 4304 modo
1573 4236 1716 4305 diuo-³⁵

362 4333 495 4396 ὠκιιιιι
527 4334 645 4415 probat
675 4333 806 4414 pedem,
844 4334 940 4397 modo
971 4352 1091 4414 paeana
1126 4333 1260 4416 primum
1295 4346 1399 4416 aptum
1436 4333 1673 4416 incipientibus,

444 4510 491 4564 13.
512 4504 617 4556 duobus
634 4510 664 4558 irs
682 4503 868 4574 dispositius]
889 4505 959 4558 ElC.
980 4521 1109 4576 corrupte
1130 4523 1179 4579 pro
1199 4506 1253 4558 duo
1271 4507 1344 4558 hints
1358 4505 1421 4576 ped.
1442 4506 1502 4562 etc.

443 4585 490 4636 ss.
508 4587 656 4651 quicunque
674 4581 822 4648 violasset]
842 4578 912 4634 tte.
930 4587 1133 4653 -·quicurrque
1151 4599 1213 4634 eam
1231 4581 1416 4636 violavissent
1434 4583 1494 4640 Cle·

442 4663 489 4714 13.
508 4658 609 4722 nonus]
631 4657 690 4708 Cle.
710 4656 817 4708 BC.-
835 4671 936 4706 numne
955 4655 980 4708 1.

443 4733 490 4788 23.
508 4729 624 4796 eadm]
646 4731 707 4784 Cic.
726 4729 802 4784 Eine.
822 4755 857 4770 -
874 4729 980 4782 :auur
998 4730 1045 4784 10.

442 4805 489 4860 21.
510 4821 575 4856 uam
594 4812 623 4855 et
641 4813 710 4858 eret.
730 4803 789 4858 Cle.
808 4803 842 4858 E.
861 4831 897 4846 -
916 4822 972 4857 om.
991 4814 1020 4857 ct
1040 4807 1088 4862 10.

443 4877 517 4931 lbld.
536 4883 581 4949 qut
599 4887 644 4931 est
662 4898 677 4930 e
695 4879 727 4950 1.]
748 4879 810 4932 Cic.
830 4878 861 4931 11.
883 4907 913 4921 ·-
935 4883 981 4950 qm'
997 4887 1042 4930 ert
1060 4881 1134 4936 erl.
1155 4879 1232 4936 1.·-
1251 4883 1297 4954 qut
1314 4899 1351 4934 ee:
1369 4882 1388 4936 i.
1408 4884 1440 4938 0.

445 4957 493 5009 25.
513 4970 594 5024 quam
611 4953 722 5028 comm]
741 4955 800 5006 Cia.
820 4952 852 5006 C.
871 4981 909 4994 --
927 4960 974 5024 qui
991 4973 1015 5008 c.
1034 4955 1083 5008 ΕΙ.

445 5032 492 5086 28.
509 5029 614 5096 longa,
632 5033 720 5099 qum]
742 5028 813 5081 Ele.
831 5041 869 5082 ω
887 5028 993 5095 ionga,
1011 5035 1041 5081 irs
1058 5049 1134 5099 praem
1155 5033 1213 5085 Cic.

446 5105 493 5160 29.
513 5109 557 5152 est
575 5102 696 5171 qratdem]
718 5103 763 5158 iC.
784 5131 818 5144 -
838 5117 894 5156 om.
913 5111 955 5153 est
973 5105 1006 5157 E.
1024 5119 1061 5156 sa
1080 5105 1186 5175 protelem
1198 5103 1337 5176 surrditus
1355 5117 1398 5160 est
1418 5109 1478 5163 cle.

445 5179 492 5238 55.
511 5179 712 5248 remunerere]
731 5176 804 5232 ElC.
822 5205 859 5220 -
876 5177 1091 5232 exordinatione
1110 5181 1197 5236 l'ittb.

268 5260 269 5297 l
458 5277 683 5322 saumonem
699 5277 745 5321 ru
760 5277 820 5322 ιι.
1370 5257 1410 5322 ld

268 5310 270 5383 l
