<?xml version="1.0" encoding="UTF-8"?>
<!DOCTYPE html PUBLIC "-//W3C//DTD XHTML 1.0 Transitional//EN"
    "http://www.w3.org/TR/xhtml1/DTD/xhtml1-transitional.dtd">
<html xmlns="http://www.w3.org/1999/xhtml" xml:lang="en" lang="en">
 <head>
  <title>
</title>
<meta http-equiv="Content-Type" content="text/html;charset=utf-8" />
  <meta name='ocr-system' content='tesseract 3.04.00' />
  <meta name='ocr-capabilities' content='ocr_page ocr_carea ocr_par ocr_line ocrx_word'/>
</head>
<body>
  <div class='ocr_page' id='page_1' title='image "./operaquaesupers09halmgoog/operaquaesupers09halmgoog_0381.png"; bbox 0 0 4434 5959; ppageno 0'>
   <div class='ocr_carea' id='block_1_1' title="bbox 925 545 1674 660">
    <p class='ocr_par' dir='ltr' id='par_1_1' title="bbox 925 545 1674 660">
     <span class='ocr_line' id='line_1_1' title="bbox 925 545 1674 660; baseline -0.001 -4"><span class='ocrx_word' id='word_1_1' title='bbox 925 594 1016 660; x_wconf 78' lang='lat' dir='ltr'><strong>cta.</strong></span> <span class='ocrx_word' id='word_1_2' title='bbox 1047 595 1095 658; x_wconf 87' lang='lat' dir='ltr'><strong>v.</strong></span> <span class='ocrx_word' id='word_1_3' title='bbox 1500 545 1502 550; x_wconf 33' lang='lat'>⁵</span> <span class='ocrx_word' id='word_1_4' title='bbox 1600 595 1674 658; x_wconf 81' lang='lat' dir='ltr'><strong>oss.</strong></span> 
     </span>
    </p>
   </div>
   <div class='ocr_carea' id='block_1_2' title="bbox 337 729 1755 4844">
    <p class='ocr_par' dir='ltr' id='par_1_2' title="bbox 337 729 1755 4844">
     <span class='ocr_line' id='line_1_2' title="bbox 343 729 1664 816; baseline 0.005 -24"><span class='ocrx_word' id='word_1_5' title='bbox 343 729 418 812; x_wconf 88' lang='lat' dir='ltr'><strong>ptio</strong></span> <span class='ocrx_word' id='word_1_6' title='bbox 441 742 511 793; x_wconf 89' lang='lat' dir='ltr'><strong>est:</strong></span> <span class='ocrx_word' id='word_1_7' title='bbox 544 741 582 794; x_wconf 85' lang='lat' dir='ltr'><strong>nt</strong></span> <span class='ocrx_word' id='word_1_8' title='bbox 607 733 727 797; x_wconf 82' lang='lat' dir='ltr'><strong>metuit</strong></span> <span class='ocrx_word' id='word_1_9' title='bbox 752 735 828 796; x_wconf 84' lang='lat' dir='ltr'><strong>lroc.</strong></span> <span class='ocrx_word' id='word_1_10' title='bbox 885 732 1061 797; x_wconf 81' lang='lat' dir='ltr'>Conclusio</span> <span class='ocrx_word' id='word_1_11' title='bbox 1084 733 1245 814; x_wconf 91' lang='lat' dir='ltr'><strong>sequitur:</strong></span> <span class='ocrx_word' id='word_1_12' title='bbox 1279 735 1398 800; x_wconf 87' lang='lat' dir='ltr'><strong>metuit</strong></span> <span class='ocrx_word' id='word_1_13' title='bbox 1423 736 1533 816; x_wconf 83' lang='lat' dir='ltr'><strong>igitur</strong></span> <span class='ocrx_word' id='word_1_14' title='bbox 1562 740 1664 804; x_wconf 83' lang='lat' dir='ltr'><strong>illud:</strong></span> 
     </span>
     <span class='ocr_line' id='line_1_3' title="bbox 344 825 1658 910; baseline 0.005 -24"><span class='ocrx_word' id='word_1_15' title='bbox 344 845 429 908; x_wconf 86' lang='lat' dir='ltr'><strong>quae</strong></span> <span class='ocrx_word' id='word_1_16' title='bbox 460 826 648 887; x_wconf 78' lang='lat' dir='ltr'><strong>tantumdem</strong></span> <span class='ocrx_word' id='word_1_17' title='bbox 679 826 782 900; x_wconf 86' lang='lat' dir='ltr'><strong>valet,</strong></span> <span class='ocrx_word' id='word_1_18' title='bbox 820 826 847 889; x_wconf 91' lang='lat' dir='ltr'><strong>si</strong></span> <span class='ocrx_word' id='word_1_19' title='bbox 876 828 1021 910; x_wconf 88' lang='lat' dir='ltr'><strong>negando</strong></span> <span class='ocrx_word' id='word_1_20' title='bbox 1049 825 1291 908; x_wconf 76' lang='lat' dir='ltr'><strong>interrogetur,</strong></span> <span class='ocrx_word' id='word_1_21' title='bbox 1327 830 1387 892; x_wconf 89' lang='lat' dir='ltr'><strong>ita:</strong></span> <span class='ocrx_word' id='word_1_22' title='bbox 1421 832 1658 900; x_wconf 69' lang='lat' dir='ltr'><strong>Harmozeia,</strong></span> 
     </span>
     <span class='ocr_line' id='line_1_4' title="bbox 343 917 1659 1007; baseline 0.006 -27"><span class='ocrx_word' id='word_1_23' title='bbox 343 917 433 980; x_wconf 83' lang='lat' dir='ltr'><strong>illud</strong></span> <span class='ocrx_word' id='word_1_24' title='bbox 453 939 522 980; x_wconf 88' lang='lat' dir='ltr'><strong>non</strong></span> <span class='ocrx_word' id='word_1_25' title='bbox 543 919 693 982; x_wconf 72' lang='lat' dir='ltr'><strong>metuis?</strong></span> <span class='ocrx_word' id='word_1_26' title='bbox 726 921 788 982; x_wconf 85' lang='lat' dir='ltr'><strong>Sed</strong></span> <span class='ocrx_word' id='word_1_27' title='bbox 811 918 883 1002; x_wconf 86' lang='lat' dir='ltr'><strong>qnia</strong></span> <span class='ocrx_word' id='word_1_28' title='bbox 907 941 969 983; x_wconf 92' lang='lat' dir='ltr'><strong>nou</strong></span> <span class='ocrx_word' id='word_1_29' title='bbox 992 931 1078 982; x_wconf 90' lang='lat' dir='ltr'><strong>totus</strong></span> <span class='ocrx_word' id='word_1_30' title='bbox 1100 922 1148 999; x_wconf 89' lang='lat' dir='ltr'><strong>(ut</strong></span> <span class='ocrx_word' id='word_1_31' title='bbox 1171 942 1265 1002; x_wconf 87' lang='lat' dir='ltr'><strong>supra</strong></span> <span class='ocrx_word' id='word_1_32' title='bbox 1291 927 1464 1007; x_wconf 89' lang='lat' dir='ltr'><strong>posuimus)</strong></span> <span class='ocrx_word' id='word_1_33' title='bbox 1488 929 1516 991; x_wconf 90' lang='lat' dir='ltr'><strong>iu</strong></span> <span class='ocrx_word' id='word_1_34' title='bbox 1540 928 1587 990; x_wconf 89' lang='lat' dir='ltr'><strong>his</strong></span> <span class='ocrx_word' id='word_1_35' title='bbox 1611 949 1659 988; x_wconf 89' lang='lat' dir='ltr'><strong>ar-</strong></span> 
     </span>
     <span class='ocr_line' id='line_1_5' title="bbox 344 1011 1661 1103; baseline 0.008 -30"><span class='ocrx_word' id='word_1_36' title='bbox 344 1011 636 1096; x_wconf 90' lang='lat' dir='ltr'><strong>gumentationibus</strong></span> <span class='ocrx_word' id='word_1_37' title='bbox 669 1013 797 1096; x_wconf 89' lang='lat' dir='ltr'><strong>ponitur</strong></span> <span class='ocrx_word' id='word_1_38' title='bbox 819 1013 1040 1092; x_wconf 77' lang='lat' dir='ltr'>syllogismus,</span> <span class='ocrx_word' id='word_1_39' title='bbox 1072 1016 1128 1076; x_wconf 85' lang='lat' dir='ltr'><strong>sed</strong></span> <span class='ocrx_word' id='word_1_40' title='bbox 1151 1017 1349 1096; x_wconf 83' lang='lat' dir='ltr'><strong>propositio,</strong></span> <span class='ocrx_word' id='word_1_41' title='bbox 1379 1023 1467 1086; x_wconf 88' lang='lat' dir='ltr'><strong>cuius</strong></span> <span class='ocrx_word' id='word_1_42' title='bbox 1491 1023 1661 1103; x_wconf 86' lang='lat' dir='ltr'><strong>assumptio</strong></span> 
     </span>
     <span class='ocr_line' id='line_1_6' title="bbox 344 1104 1687 1195; baseline 0.003 -25"><span class='ocrx_word' id='word_1_43' title='bbox 344 1119 377 1170; x_wconf 85' lang='lat' dir='ltr'><strong>et</strong></span> <span class='ocrx_word' id='word_1_44' title='bbox 399 1104 564 1170; x_wconf 80' lang='lat' dir='ltr'><strong>conclusio</strong></span> <span class='ocrx_word' id='word_1_45' title='bbox 587 1119 681 1169; x_wconf 92' lang='lat' dir='ltr'><strong>notae</strong></span> <span class='ocrx_word' id='word_1_46' title='bbox 702 1119 792 1181; x_wconf 89' lang='lat' dir='ltr'><strong>sunt,</strong></span> <span class='ocrx_word' id='word_1_47' title='bbox 817 1107 936 1170; x_wconf 87' lang='lat' dir='ltr'><strong>ideireo</strong></span> <span class='ocrx_word' id='word_1_48' title='bbox 960 1109 1156 1186; x_wconf 85' lang='lat' dir='ltr'><strong>enthymema</strong></span> <span class='ocrx_word' id='word_1_49' title='bbox 1179 1111 1311 1184; x_wconf 91' lang='lat' dir='ltr'><strong>dicitur,</strong></span> <span class='ocrx_word' id='word_1_50' title='bbox 1336 1117 1425 1195; x_wconf 87' lang='lat' dir='ltr'><strong>quasi</strong></span> <span class='ocrx_word' id='word_1_51' title='bbox 1448 1117 1554 1180; x_wconf 86' lang='lat' dir='ltr'><strong>brevis</strong></span> <span class='ocrx_word' id='word_1_52' title='bbox 1570 1116 1687 1182; x_wconf 76' lang='lat' dir='ltr'><strong>animis</strong></span> 
     </span>
     <span class='ocr_line' id='line_1_7' title="bbox 346 1200 1660 1296; baseline 0.008 -34"><span class='ocrx_word' id='word_1_53' title='bbox 346 1202 534 1282; x_wconf 76' lang='lat' dir='ltr'><strong>conceptio.</strong></span> <span class='ocrx_word' id='word_1_54' title='bbox 581 1203 624 1264; x_wconf 85' lang='lat' dir='ltr'><strong>Et</strong></span> <span class='ocrx_word' id='word_1_55' title='bbox 645 1201 676 1265; x_wconf 93' lang='lat' dir='ltr'><strong>in</strong></span> <span class='ocrx_word' id='word_1_56' title='bbox 700 1202 813 1265; x_wconf 89' lang='lat' dir='ltr'><strong>ceteris</strong></span> <span class='ocrx_word' id='word_1_57' title='bbox 834 1200 986 1281; x_wconf 82' lang='lat' dir='ltr'><strong>exemplis</strong></span> <span class='ocrx_word' id='word_1_58' title='bbox 1009 1200 1088 1262; x_wconf 90' lang='lat' dir='ltr'><strong>idem</strong></span> <span class='ocrx_word' id='word_1_59' title='bbox 1112 1205 1221 1264; x_wconf 89' lang='lat' dir='ltr'><strong>modus</strong></span> <span class='ocrx_word' id='word_1_60' title='bbox 1244 1217 1303 1266; x_wconf 92' lang='lat' dir='ltr'><strong>est.</strong></span> <span class='ocrx_word' id='word_1_61' title='bbox 1350 1208 1412 1270; x_wconf 87' lang='lat' dir='ltr'><strong>Sed</strong></span> <span class='ocrx_word' id='word_1_62' title='bbox 1437 1213 1513 1275; x_wconf 89' lang='lat' dir='ltr'><strong>haec</strong></span> <span class='ocrx_word' id='word_1_63' title='bbox 1536 1211 1660 1296; x_wconf 87' lang='lat' dir='ltr'><strong>quidem</strong></span> 
     </span>
     <span class='ocr_line' id='line_1_8' title="bbox 347 1293 1662 1379; baseline 0.005 -21"><span class='ocrx_word' id='word_1_64' title='bbox 347 1293 516 1358; x_wconf 79' lang='lat' dir='ltr'><strong>Ciceronis</strong></span> <span class='ocrx_word' id='word_1_65' title='bbox 538 1296 710 1360; x_wconf 80' lang='lat' dir='ltr'><strong>similitudo</strong></span> <span class='ocrx_word' id='word_1_66' title='bbox 735 1318 797 1359; x_wconf 90' lang='lat' dir='ltr'><strong>non</strong></span> <span class='ocrx_word' id='word_1_67' title='bbox 820 1307 881 1356; x_wconf 89' lang='lat' dir='ltr'><strong>tam</strong></span> <span class='ocrx_word' id='word_1_68' title='bbox 904 1316 944 1356; x_wconf 86' lang='lat' dir='ltr'><strong>ex</strong></span> <span class='ocrx_word' id='word_1_69' title='bbox 967 1295 1218 1376; x_wconf 77' lang='lat' dir='ltr'><strong>repugnantibus</strong></span> <span class='ocrx_word' id='word_1_70' title='bbox 1241 1321 1331 1379; x_wconf 88' lang='lat' dir='ltr'><strong>quam</strong></span> <span class='ocrx_word' id='word_1_71' title='bbox 1356 1322 1395 1364; x_wconf 88' lang='lat' dir='ltr'><strong>ex</strong></span> <span class='ocrx_word' id='word_1_72' title='bbox 1419 1307 1588 1368; x_wconf 85' lang='lat' dir='ltr'><strong>contrariis</strong></span> <span class='ocrx_word' id='word_1_73' title='bbox 1611 1327 1662 1368; x_wconf 91' lang='lat' dir='ltr'><strong>ar-</strong></span> 
     </span>
     <span class='ocr_line' id='line_1_9' title="bbox 345 1388 1755 1473; baseline 0.003 -23"><span class='ocrx_word' id='word_1_74' title='bbox 345 1400 530 1470; x_wconf 87' lang='lat' dir='ltr'><strong>gumentum</strong></span> <span class='ocrx_word' id='word_1_75' title='bbox 562 1388 748 1473; x_wconf 76' lang='lat' dir='ltr'><strong>intelligitur</strong></span> <span class='ocrx_word' id='word_1_76' title='bbox 780 1389 955 1454; x_wconf 89' lang='lat' dir='ltr'><strong>continere.</strong></span> <span class='ocrx_word' id='word_1_77' title='bbox 1012 1391 1171 1452; x_wconf 83' lang='lat' dir='ltr'><strong>Metnere</strong></span> <span class='ocrx_word' id='word_1_78' title='bbox 1205 1391 1323 1472; x_wconf 88' lang='lat' dir='ltr'><strong>quippe</strong></span> <span class='ocrx_word' id='word_1_79' title='bbox 1361 1407 1391 1457; x_wconf 89' lang='lat' dir='ltr'><strong>et</strong></span> <span class='ocrx_word' id='word_1_80' title='bbox 1420 1418 1487 1461; x_wconf 81' lang='lat' dir='ltr'><strong>non</strong></span> <span class='ocrx_word' id='word_1_81' title='bbox 1511 1411 1660 1462; x_wconf 65' lang='lat' dir='ltr'><strong>metuere</strong></span> <span class='ocrx_word' id='word_1_82' title='bbox 1753 1461 1755 1466; x_wconf 53' lang='grc'>,</span> 
     </span>
     <span class='ocr_line' id='line_1_10' title="bbox 344 1482 1662 1574; baseline 0.008 -31"><span class='ocrx_word' id='word_1_83' title='bbox 344 1482 508 1546; x_wconf 87' lang='lat' dir='ltr'><strong>contraria</strong></span> <span class='ocrx_word' id='word_1_84' title='bbox 531 1495 622 1557; x_wconf 87' lang='lat' dir='ltr'><strong>sunt,</strong></span> <span class='ocrx_word' id='word_1_85' title='bbox 646 1482 704 1545; x_wconf 88' lang='lat' dir='ltr'><strong>nisi</strong></span> <span class='ocrx_word' id='word_1_86' title='bbox 727 1484 804 1546; x_wconf 85' lang='lat' dir='ltr'><strong>haec</strong></span> <span class='ocrx_word' id='word_1_87' title='bbox 825 1482 891 1563; x_wconf 89' lang='lat' dir='ltr'><strong>ipsa</strong></span> <span class='ocrx_word' id='word_1_88' title='bbox 916 1483 1085 1545; x_wconf 85' lang='lat' dir='ltr'><strong>verborum</strong></span> <span class='ocrx_word' id='word_1_89' title='bbox 1110 1483 1248 1562; x_wconf 91' lang='lat' dir='ltr'><strong>prolatio</strong></span> <span class='ocrx_word' id='word_1_90' title='bbox 1271 1505 1288 1546; x_wconf 95' lang='lat' dir='ltr'><strong>a</strong></span> <span class='ocrx_word' id='word_1_91' title='bbox 1311 1491 1479 1554; x_wconf 85' lang='lat' dir='ltr'><strong>contrariis</strong></span> <span class='ocrx_word' id='word_1_92' title='bbox 1495 1513 1662 1574; x_wconf 87' lang='lat' dir='ltr'><strong>argumen-</strong></span> 
     </span>
     <span class='ocr_line' id='line_1_11' title="bbox 343 1576 1704 1662; baseline 0.007 -24"><span class='ocrx_word' id='word_1_93' title='bbox 343 1587 411 1638; x_wconf 90' lang='lat' dir='ltr'><strong>tum</strong></span> <span class='ocrx_word' id='word_1_94' title='bbox 442 1580 482 1638; x_wconf 87' lang='lat' dir='ltr'><strong>ad</strong></span> <span class='ocrx_word' id='word_1_95' title='bbox 503 1577 743 1660; x_wconf 84' lang='lat' dir='ltr'><strong>repugnantiam</strong></span> <span class='ocrx_word' id='word_1_96' title='bbox 771 1579 926 1640; x_wconf 85' lang='lat' dir='ltr'><strong>retrahat.</strong></span> <span class='ocrx_word' id='word_1_97' title='bbox 972 1579 1052 1639; x_wconf 85' lang='lat' dir='ltr'><strong>Nam</strong></span> <span class='ocrx_word' id='word_1_98' title='bbox 1075 1579 1162 1659; x_wconf 88' lang='lat' dir='ltr'><strong>qrtod</strong></span> <span class='ocrx_word' id='word_1_99' title='bbox 1185 1576 1259 1640; x_wconf 87' lang='lat' dir='ltr'><strong>dicit</strong></span> <span class='ocrx_word' id='word_1_100' title='bbox 1280 1581 1368 1642; x_wconf 70' lang='lat' dir='ltr'><strong>nume</strong></span> <span class='ocrx_word' id='word_1_101' title='bbox 1390 1596 1551 1662; x_wconf 84' lang='lat' dir='ltr'><strong>metuere,</strong></span> <span class='ocrx_word' id='word_1_102' title='bbox 1577 1589 1660 1648; x_wconf 83' lang='lat' dir='ltr'><strong>olte-</strong></span> <span class='ocrx_word' id='word_1_103' title='bbox 1673 1599 1704 1648; x_wconf 84' lang='lat' dir='ltr'><strong>tt</strong></span> 
     </span>
     <span class='ocr_line' id='line_1_12' title="bbox 344 1671 1661 1755; baseline 0.009 -25"><span class='ocrx_word' id='word_1_104' title='bbox 344 1693 426 1734; x_wconf 84' lang='lat' dir='ltr'><strong>rum</strong></span> <span class='ocrx_word' id='word_1_105' title='bbox 447 1673 484 1736; x_wconf 87' lang='lat' dir='ltr'><strong>in</strong></span> <span class='ocrx_word' id='word_1_106' title='bbox 507 1683 599 1735; x_wconf 88' lang='lat' dir='ltr'><strong>metu</strong></span> <span class='ocrx_word' id='word_1_107' title='bbox 620 1692 688 1735; x_wconf 91' lang='lat' dir='ltr'><strong>non</strong></span> <span class='ocrx_word' id='word_1_108' title='bbox 708 1692 856 1754; x_wconf 83' lang='lat' dir='ltr'><strong>ponere,</strong></span> <span class='ocrx_word' id='word_1_109' title='bbox 890 1671 952 1733; x_wconf 88' lang='lat' dir='ltr'><strong>tale</strong></span> <span class='ocrx_word' id='word_1_110' title='bbox 975 1681 1041 1745; x_wconf 88' lang='lat' dir='ltr'><strong>est,</strong></span> <span class='ocrx_word' id='word_1_111' title='bbox 1074 1681 1107 1732; x_wconf 90' lang='lat' dir='ltr'><strong>ut</strong></span> <span class='ocrx_word' id='word_1_112' title='bbox 1129 1675 1335 1755; x_wconf 79' lang='lat' dir='ltr'><strong>repugnantia</strong></span> <span class='ocrx_word' id='word_1_113' title='bbox 1365 1677 1538 1742; x_wconf 85' lang='lat' dir='ltr'><strong>videantur.</strong></span> <span class='ocrx_word' id='word_1_114' title='bbox 1585 1682 1661 1742; x_wconf 86' lang='lat' dir='ltr'><strong>Ete-</strong></span> 
     </span>
     <span class='ocr_line' id='line_1_13' title="bbox 344 1762 1660 1837; baseline -0.002 -8"><span class='ocrx_word' id='word_1_115' title='bbox 344 1767 412 1829; x_wconf 85' lang='lat' dir='ltr'><strong>nim</strong></span> <span class='ocrx_word' id='word_1_116' title='bbox 435 1777 573 1828; x_wconf 89' lang='lat' dir='ltr'><strong>metuere</strong></span> <span class='ocrx_word' id='word_1_117' title='bbox 596 1777 627 1826; x_wconf 93' lang='lat' dir='ltr'><strong>et</strong></span> <span class='ocrx_word' id='word_1_118' title='bbox 648 1786 712 1828; x_wconf 90' lang='lat' dir='ltr'><strong>non</strong></span> <span class='ocrx_word' id='word_1_119' title='bbox 734 1776 875 1828; x_wconf 90' lang='lat' dir='ltr'><strong>metuere</strong></span> <span class='ocrx_word' id='word_1_120' title='bbox 898 1785 974 1827; x_wconf 83' lang='lat' dir='ltr'><strong>vere</strong></span> <span class='ocrx_word' id='word_1_121' title='bbox 997 1762 1156 1826; x_wconf 88' lang='lat' dir='ltr'><strong>contraria</strong></span> <span class='ocrx_word' id='word_1_122' title='bbox 1179 1778 1263 1828; x_wconf 91' lang='lat' dir='ltr'><strong>sunt.</strong></span> <span class='ocrx_word' id='word_1_123' title='bbox 1309 1768 1344 1832; x_wconf 90' lang='lat' dir='ltr'><strong>ln</strong></span> <span class='ocrx_word' id='word_1_124' title='bbox 1366 1784 1446 1835; x_wconf 73' lang='lat' dir='ltr'><strong>sumu</strong></span> <span class='ocrx_word' id='word_1_125' title='bbox 1471 1785 1572 1836; x_wconf 65' lang='lat' dir='ltr'><strong>utitem</strong></span> <span class='ocrx_word' id='word_1_126' title='bbox 1597 1795 1660 1837; x_wconf 79' lang='lat' dir='ltr'><strong>non</strong></span> 
     </span>
     <span class='ocr_line' id='line_1_14' title="bbox 343 1858 1661 1948; baseline 0.003 -24"><span class='ocrx_word' id='word_1_127' title='bbox 343 1881 468 1943; x_wconf 89' lang='lat' dir='ltr'><strong>ponere</strong></span> <span class='ocrx_word' id='word_1_128' title='bbox 491 1871 521 1923; x_wconf 90' lang='lat' dir='ltr'><strong>et</strong></span> <span class='ocrx_word' id='word_1_129' title='bbox 543 1871 684 1924; x_wconf 88' lang='lat' dir='ltr'><strong>metuere</strong></span> <span class='ocrx_word' id='word_1_130' title='bbox 706 1859 886 1940; x_wconf 85' lang='lat' dir='ltr'><strong>prolatione</strong></span> <span class='ocrx_word' id='word_1_131' title='bbox 914 1858 979 1938; x_wconf 85' lang='lat' dir='ltr'><strong>ipsa</strong></span> <span class='ocrx_word' id='word_1_132' title='bbox 1002 1871 1064 1919; x_wconf 91' lang='lat' dir='ltr'><strong>tam</strong></span> <span class='ocrx_word' id='word_1_133' title='bbox 1085 1858 1246 1920; x_wconf 90' lang='lat' dir='ltr'><strong>contraria</strong></span> <span class='ocrx_word' id='word_1_134' title='bbox 1269 1883 1360 1944; x_wconf 88' lang='lat' dir='ltr'><strong>quam</strong></span> <span class='ocrx_word' id='word_1_135' title='bbox 1384 1866 1590 1948; x_wconf 78' lang='lat' dir='ltr'><strong>repugnantia</strong></span> <span class='ocrx_word' id='word_1_136' title='bbox 1614 1868 1661 1928; x_wconf 91' lang='lat' dir='ltr'><strong>in·</strong></span> 
     </span>
     <span class='ocr_line' id='line_1_15' title="bbox 342 1951 1660 2038; baseline 0.003 -21"><span class='ocrx_word' id='word_1_137' title='bbox 342 1954 554 2038; x_wconf 83' lang='lat' dir='ltr'><strong>telliguntur,</strong></span> <span class='ocrx_word' id='word_1_138' title='bbox 578 1951 652 2016; x_wconf 90' lang='lat' dir='ltr'><strong>licet</strong></span> <span class='ocrx_word' id='word_1_139' title='bbox 675 1955 782 2015; x_wconf 88' lang='lat' dir='ltr'><strong>eadem</strong></span> <span class='ocrx_word' id='word_1_140' title='bbox 805 1955 960 2033; x_wconf 88' lang='lat' dir='ltr'><strong>probetur</strong></span> <span class='ocrx_word' id='word_1_141' title='bbox 981 1973 1051 2014; x_wconf 86' lang='lat' dir='ltr'><strong>esse</strong></span> <span class='ocrx_word' id='word_1_142' title='bbox 1078 1953 1244 2014; x_wconf 87' lang='lat' dir='ltr'><strong>sententia.</strong></span> <span class='ocrx_word' id='word_1_143' title='bbox 1290 1955 1349 2018; x_wconf 88' lang='lat' dir='ltr'><strong>His</strong></span> <span class='ocrx_word' id='word_1_144' title='bbox 1373 1957 1484 2020; x_wconf 88' lang='lat' dir='ltr'><strong>adiecit</strong></span> <span class='ocrx_word' id='word_1_145' title='bbox 1508 1961 1565 2021; x_wconf 85' lang='lat' dir='ltr'><strong>alia</strong></span> <span class='ocrx_word' id='word_1_146' title='bbox 1589 1981 1660 2022; x_wconf 91' lang='lat' dir='ltr'><strong>rur·</strong></span> 
     </span>
     <span class='ocr_line' id='line_1_16' title="bbox 342 2047 1703 2134; baseline 0.004 -22"><span class='ocrx_word' id='word_1_147' title='bbox 342 2070 398 2112; x_wconf 84' lang='lat' dir='ltr'><strong>sus</strong></span> <span class='ocrx_word' id='word_1_148' title='bbox 420 2047 577 2128; x_wconf 76' lang='lat' dir='ltr'><strong>exempla.</strong></span> <span class='ocrx_word' id='word_1_149' title='bbox 620 2050 731 2134; x_wconf 63' lang='lat' dir='ltr'><strong>Eum,</strong></span> <span class='ocrx_word' id='word_1_150' title='bbox 754 2069 857 2130; x_wconf 80' lang='lat' dir='ltr'><strong>quom</strong></span> <span class='ocrx_word' id='word_1_151' title='bbox 878 2047 1145 2119; x_wconf 61' lang='lat' dir='ltr'><strong>nitriensium,</strong></span> <span class='ocrx_word' id='word_1_152' title='bbox 1171 2047 1328 2110; x_wconf 87' lang='lat' dir='ltr'><strong>damnas.</strong></span> <span class='ocrx_word' id='word_1_153' title='bbox 1372 2051 1476 2113; x_wconf 90' lang='lat' dir='ltr'><strong>Huius</strong></span> <span class='ocrx_word' id='word_1_154' title='bbox 1498 2055 1703 2132; x_wconf 79' lang='lat' dir='ltr'><strong>enthyme-tt</strong></span> 
     </span>
     <span class='ocr_line' id='line_1_17' title="bbox 342 2139 1661 2224; baseline 0.002 -18"><span class='ocrx_word' id='word_1_155' title='bbox 342 2141 435 2206; x_wconf 88' lang='lat' dir='ltr'><strong>matis</strong></span> <span class='ocrx_word' id='word_1_156' title='bbox 458 2143 527 2204; x_wconf 90' lang='lat' dir='ltr'><strong>talis</strong></span> <span class='ocrx_word' id='word_1_157' title='bbox 549 2153 598 2204; x_wconf 90' lang='lat' dir='ltr'><strong>est</strong></span> <span class='ocrx_word' id='word_1_158' title='bbox 618 2140 745 2224; x_wconf 87' lang='lat' dir='ltr'><strong>integer</strong></span> <span class='ocrx_word' id='word_1_159' title='bbox 767 2140 988 2224; x_wconf 83' lang='lat' dir='ltr'><strong>syllogismus:</strong></span> <span class='ocrx_word' id='word_1_160' title='bbox 1028 2141 1129 2213; x_wconf 89' lang='lat' dir='ltr'><strong>Non,</strong></span> <span class='ocrx_word' id='word_1_161' title='bbox 1154 2139 1185 2201; x_wconf 88' lang='lat' dir='ltr'><strong>si</strong></span> <span class='ocrx_word' id='word_1_162' title='bbox 1206 2141 1293 2204; x_wconf 87' lang='lat' dir='ltr'><strong>nihil</strong></span> <span class='ocrx_word' id='word_1_163' title='bbox 1313 2165 1472 2215; x_wconf 70' lang='lat' dir='ltr'><strong>aeciam,</strong></span> <span class='ocrx_word' id='word_1_164' title='bbox 1496 2143 1661 2218; x_wconf 78' lang='lat' dir='ltr'><strong>domnas:</strong></span> 
     </span>
     <span class='ocr_line' id='line_1_18' title="bbox 342 2232 1660 2321; baseline 0.002 -23"><span class='ocrx_word' id='word_1_165' title='bbox 342 2236 405 2298; x_wconf 84' lang='lat' dir='ltr'><strong>sed</strong></span> <span class='ocrx_word' id='word_1_166' title='bbox 425 2236 512 2298; x_wconf 82' lang='lat' dir='ltr'><strong>nihil</strong></span> <span class='ocrx_word' id='word_1_167' title='bbox 531 2255 694 2297; x_wconf 77' lang='lat' dir='ltr'><strong>occissus:</strong></span> <span class='ocrx_word' id='word_1_168' title='bbox 726 2255 793 2299; x_wconf 90' lang='lat' dir='ltr'><strong>non</strong></span> <span class='ocrx_word' id='word_1_169' title='bbox 808 2235 953 2296; x_wconf 74' lang='lat' dir='ltr'><strong>alumnas</strong></span> <span class='ocrx_word' id='word_1_170' title='bbox 968 2232 1086 2315; x_wconf 82' lang='lat' dir='ltr'><strong>igitur.</strong></span> <span class='ocrx_word' id='word_1_171' title='bbox 1132 2232 1229 2294; x_wconf 86' lang='lat' dir='ltr'><strong>Venit</strong></span> <span class='ocrx_word' id='word_1_172' title='bbox 1252 2255 1331 2316; x_wconf 89' lang='lat' dir='ltr'><strong>ergo</strong></span> <span class='ocrx_word' id='word_1_173' title='bbox 1355 2239 1416 2299; x_wconf 85' lang='lat' dir='ltr'><strong>hoc</strong></span> <span class='ocrx_word' id='word_1_174' title='bbox 1438 2251 1660 2321; x_wconf 83' lang='lat' dir='ltr'><strong>argumentum</strong></span> 
     </span>
     <span class='ocr_line' id='line_1_19' title="bbox 340 2328 1657 2414; baseline 0.001 -22"><span class='ocrx_word' id='word_1_175' title='bbox 340 2349 442 2392; x_wconf 86' lang='lat' dir='ltr'><strong>exea</strong></span> <span class='ocrx_word' id='word_1_176' title='bbox 475 2328 698 2412; x_wconf 89' lang='lat' dir='ltr'><strong>propositione</strong></span> <span class='ocrx_word' id='word_1_177' title='bbox 727 2349 891 2401; x_wconf 88' lang='lat' dir='ltr'><strong>connexa,</strong></span> <span class='ocrx_word' id='word_1_178' title='bbox 926 2347 1008 2411; x_wconf 77' lang='lat' dir='ltr'><strong>quiae</strong></span> <span class='ocrx_word' id='word_1_179' title='bbox 1036 2347 1077 2387; x_wconf 81' lang='lat' dir='ltr'><strong>ex</strong></span> <span class='ocrx_word' id='word_1_180' title='bbox 1105 2328 1226 2388; x_wconf 90' lang='lat' dir='ltr'><strong>duabus</strong></span> <span class='ocrx_word' id='word_1_181' title='bbox 1255 2330 1458 2410; x_wconf 89' lang='lat' dir='ltr'><strong>componitur</strong></span> <span class='ocrx_word' id='word_1_182' title='bbox 1480 2330 1657 2414; x_wconf 87' lang='lat' dir='ltr'><strong>negativis,</strong></span> 
     </span>
     <span class='ocr_line' id='line_1_20' title="bbox 341 2418 1659 2505; baseline 0.001 -22"><span class='ocrx_word' id='word_1_183' title='bbox 341 2421 405 2485; x_wconf 89' lang='lat' dir='ltr'><strong>ita:</strong></span> <span class='ocrx_word' id='word_1_184' title='bbox 441 2422 481 2488; x_wconf 71' lang='lat'><strong>&amp;⁶</strong></span> <span class='ocrx_word' id='word_1_185' title='bbox 502 2423 588 2485; x_wconf 65' lang='lat' dir='ltr'><strong>nituit</strong></span> <span class='ocrx_word' id='word_1_186' title='bbox 603 2443 770 2496; x_wconf 75' lang='lat' dir='ltr'><strong>occissus,</strong></span> <span class='ocrx_word' id='word_1_187' title='bbox 806 2443 875 2486; x_wconf 89' lang='lat' dir='ltr'><strong>non</strong></span> <span class='ocrx_word' id='word_1_188' title='bbox 897 2420 1053 2490; x_wconf 76' lang='lat' dir='ltr'><strong>domnos.</strong></span> <span class='ocrx_word' id='word_1_189' title='bbox 1098 2418 1280 2483; x_wconf 87' lang='lat' dir='ltr'><strong>Posteriori</strong></span> <span class='ocrx_word' id='word_1_190' title='bbox 1310 2443 1388 2486; x_wconf 86' lang='lat' dir='ltr'><strong>vero</strong></span> <span class='ocrx_word' id='word_1_191' title='bbox 1414 2423 1498 2505; x_wconf 90' lang='lat' dir='ltr'><strong>parti</strong></span> <span class='ocrx_word' id='word_1_192' title='bbox 1520 2427 1659 2492; x_wconf 83' lang='lat' dir='ltr'><strong>detracta</strong></span> 
     </span>
     <span class='ocr_line' id='line_1_21' title="bbox 339 2511 1702 2599; baseline 0 -21"><span class='ocrx_word' id='word_1_193' title='bbox 339 2517 472 2599; x_wconf 88' lang='lat' dir='ltr'><strong>negatio</strong></span> <span class='ocrx_word' id='word_1_194' title='bbox 491 2528 538 2579; x_wconf 86' lang='lat' dir='ltr'><strong>cst</strong></span> <span class='ocrx_word' id='word_1_195' title='bbox 561 2528 592 2579; x_wconf 90' lang='lat' dir='ltr'><strong>et</strong></span> <span class='ocrx_word' id='word_1_196' title='bbox 619 2517 749 2598; x_wconf 86' lang='lat' dir='ltr'><strong>insuper</strong></span> <span class='ocrx_word' id='word_1_197' title='bbox 772 2525 839 2578; x_wconf 89' lang='lat' dir='ltr'><strong>tota</strong></span> <span class='ocrx_word' id='word_1_198' title='bbox 859 2525 906 2578; x_wconf 86' lang='lat' dir='ltr'><strong>est</strong></span> <span class='ocrx_word' id='word_1_199' title='bbox 928 2511 1112 2595; x_wconf 79' lang='lat' dir='ltr'><strong>propositio</strong></span> <span class='ocrx_word' id='word_1_200' title='bbox 1139 2514 1290 2595; x_wconf 88' lang='lat' dir='ltr'><strong>denegata</strong></span> <span class='ocrx_word' id='word_1_201' title='bbox 1316 2515 1378 2577; x_wconf 86' lang='lat' dir='ltr'><strong>lure</strong></span> <span class='ocrx_word' id='word_1_202' title='bbox 1401 2518 1518 2581; x_wconf 90' lang='lat' dir='ltr'><strong>modo:</strong></span> <span class='ocrx_word' id='word_1_203' title='bbox 1556 2521 1702 2590; x_wconf 54' lang='lat' dir='ltr'><strong>Nonae</strong></span> 
     </span>
     <span class='ocr_line' id='line_1_22' title="bbox 340 2603 1659 2692; baseline 0 -20"><span class='ocrx_word' id='word_1_204' title='bbox 340 2609 373 2672; x_wconf 86' lang='lat' dir='ltr'><strong>si</strong></span> <span class='ocrx_word' id='word_1_205' title='bbox 398 2609 485 2672; x_wconf 78' lang='lat' dir='ltr'><strong>nihil</strong></span> <span class='ocrx_word' id='word_1_206' title='bbox 509 2629 669 2682; x_wconf 80' lang='lat' dir='ltr'><strong>accusas,</strong></span> <span class='ocrx_word' id='word_1_207' title='bbox 702 2608 864 2679; x_wconf 78' lang='lat' dir='ltr'><strong>domnos,-</strong></span> <span class='ocrx_word' id='word_1_208' title='bbox 893 2617 925 2669; x_wconf 90' lang='lat' dir='ltr'><strong>et</strong></span> <span class='ocrx_word' id='word_1_209' title='bbox 949 2626 989 2668; x_wconf 86' lang='lat' dir='ltr'><strong>ex</strong></span> <span class='ocrx_word' id='word_1_210' title='bbox 1011 2626 1046 2668; x_wconf 87' lang='lat' dir='ltr'><strong>ea</strong></span> <span class='ocrx_word' id='word_1_211' title='bbox 1074 2603 1191 2666; x_wconf 78' lang='lat' dir='ltr'><strong>lactum</strong></span> <span class='ocrx_word' id='word_1_212' title='bbox 1218 2617 1267 2667; x_wconf 88' lang='lat' dir='ltr'><strong>est</strong></span> <span class='ocrx_word' id='word_1_213' title='bbox 1296 2620 1535 2687; x_wconf 83' lang='lat' dir='ltr'><strong>argumentum,</strong></span> <span class='ocrx_word' id='word_1_214' title='bbox 1573 2614 1659 2692; x_wconf 87' lang='lat' dir='ltr'><strong>quod</strong></span> 
     </span>
     <span class='ocr_line' id='line_1_23' title="bbox 341 2699 1656 2785; baseline 0.001 -20"><span class='ocrx_word' id='word_1_215' title='bbox 341 2703 480 2785; x_wconf 87' lang='lat' dir='ltr'><strong>positum</strong></span> <span class='ocrx_word' id='word_1_216' title='bbox 500 2702 529 2764; x_wconf 91' lang='lat' dir='ltr'><strong>iu</strong></span> <span class='ocrx_word' id='word_1_217' title='bbox 553 2700 807 2784; x_wconf 81' lang='lat' dir='ltr'><strong>interrogatione</strong></span> <span class='ocrx_word' id='word_1_218' title='bbox 830 2699 929 2762; x_wconf 88' lang='lat' dir='ltr'><strong>efficit</strong></span> <span class='ocrx_word' id='word_1_219' title='bbox 949 2699 1146 2777; x_wconf 85' lang='lat' dir='ltr'><strong>euthymema</strong></span> <span class='ocrx_word' id='word_1_220' title='bbox 1166 2700 1247 2762; x_wconf 91' lang='lat' dir='ltr'><strong>hoc:</strong></span> <span class='ocrx_word' id='word_1_221' title='bbox 1270 2703 1384 2782; x_wconf 85' lang='lat' dir='ltr'><strong>Quom</strong></span> <span class='ocrx_word' id='word_1_222' title='bbox 1403 2703 1490 2766; x_wconf 82' lang='lat' dir='ltr'><strong>nihil</strong></span> <span class='ocrx_word' id='word_1_223' title='bbox 1502 2725 1656 2777; x_wconf 81' lang='lat' dir='ltr'><strong>accusas,</strong></span> 
     </span>
     <span class='ocr_line' id='line_1_24' title="bbox 339 2793 1659 2878; baseline 0.001 -20"><span class='ocrx_word' id='word_1_224' title='bbox 339 2796 515 2859; x_wconf 70' lang='lat' dir='ltr'><strong>domnos?</strong></span> <span class='ocrx_word' id='word_1_225' title='bbox 549 2799 638 2860; x_wconf 86' lang='lat' dir='ltr'><strong>Bene</strong></span> <span class='ocrx_word' id='word_1_226' title='bbox 657 2817 760 2878; x_wconf 80' lang='lat' dir='ltr'><strong>quom</strong></span> <span class='ocrx_word' id='word_1_227' title='bbox 781 2794 939 2857; x_wconf 86' lang='lat' dir='ltr'><strong>meritam</strong></span> <span class='ocrx_word' id='word_1_228' title='bbox 961 2815 1033 2856; x_wconf 82' lang='lat' dir='ltr'><strong>esse</strong></span> <span class='ocrx_word' id='word_1_229' title='bbox 1055 2803 1238 2868; x_wconf 73' lang='lat' dir='ltr'><strong>autumus,</strong></span> <span class='ocrx_word' id='word_1_230' title='bbox 1271 2793 1375 2876; x_wconf 88' lang='lat' dir='ltr'><strong>[dicis]</strong></span> <span class='ocrx_word' id='word_1_231' title='bbox 1399 2799 1486 2858; x_wconf 86' lang='lat' dir='ltr'><strong>male</strong></span> <span class='ocrx_word' id='word_1_232' title='bbox 1509 2797 1659 2858; x_wconf 71' lang='lat' dir='ltr'><strong>mereri?</strong></span> 
     </span>
     <span class='ocr_line' id='line_1_25' title="bbox 340 2885 1659 2973; baseline -0.001 -22"><span class='ocrx_word' id='word_1_233' title='bbox 340 2889 448 2952; x_wconf 87' lang='lat' dir='ltr'><strong>Huius</strong></span> <span class='ocrx_word' id='word_1_234' title='bbox 470 2911 599 2973; x_wconf 86' lang='lat' dir='ltr'><strong>qnoque</strong></span> <span class='ocrx_word' id='word_1_235' title='bbox 622 2888 861 2968; x_wconf 87' lang='lat' dir='ltr'><strong>enthymematis</strong></span> <span class='ocrx_word' id='word_1_236' title='bbox 881 2885 951 2950; x_wconf 89' lang='lat' dir='ltr'><strong>talis</strong></span> <span class='ocrx_word' id='word_1_237' title='bbox 970 2899 1018 2950; x_wconf 90' lang='lat' dir='ltr'><strong>est</strong></span> <span class='ocrx_word' id='word_1_238' title='bbox 1040 2886 1210 2950; x_wconf 85' lang='lat' dir='ltr'><strong>collectio:</strong></span> <span class='ocrx_word' id='word_1_239' title='bbox 1239 2889 1320 2951; x_wconf 89' lang='lat' dir='ltr'><strong>Non</strong></span> <span class='ocrx_word' id='word_1_240' title='bbox 1342 2900 1375 2952; x_wconf 85' lang='lat' dir='ltr'><strong>et</strong></span> <span class='ocrx_word' id='word_1_241' title='bbox 1395 2890 1475 2952; x_wconf 85' lang='lat' dir='ltr'><strong>dens</strong></span> <span class='ocrx_word' id='word_1_242' title='bbox 1501 2891 1659 2952; x_wconf 84' lang='lat' dir='ltr'><strong>meritum</strong></span> 
     </span>
     <span class='ocr_line' id='line_1_26' title="bbox 337 2979 1701 3064; baseline -0.001 -20"><span class='ocrx_word' id='word_1_243' title='bbox 337 3005 414 3046; x_wconf 83' lang='lat' dir='ltr'><strong>esse</strong></span> <span class='ocrx_word' id='word_1_244' title='bbox 437 2995 599 3046; x_wconf 83' lang='lat' dir='ltr'><strong>autumus</strong></span> <span class='ocrx_word' id='word_1_245' title='bbox 624 2993 657 3044; x_wconf 92' lang='lat' dir='ltr'><strong>et</strong></span> <span class='ocrx_word' id='word_1_246' title='bbox 684 2983 771 3044; x_wconf 83' lang='lat' dir='ltr'><strong>mole</strong></span> <span class='ocrx_word' id='word_1_247' title='bbox 796 2981 939 3051; x_wconf 81' lang='lat' dir='ltr'><strong>mereri:</strong></span> <span class='ocrx_word' id='word_1_248' title='bbox 970 2979 1066 3064; x_wconf 80' lang='lat' dir='ltr'><strong>ntprsi</strong></span> <span class='ocrx_word' id='word_1_249' title='bbox 1087 2980 1168 3042; x_wconf 82' lang='lat' dir='ltr'><strong>bene</strong></span> <span class='ocrx_word' id='word_1_250' title='bbox 1198 2980 1357 3044; x_wconf 85' lang='lat' dir='ltr'><strong>meritam</strong></span> <span class='ocrx_word' id='word_1_251' title='bbox 1384 3003 1456 3047; x_wconf 84' lang='lat' dir='ltr'><strong>esse</strong></span> <span class='ocrx_word' id='word_1_252' title='bbox 1478 2989 1701 3044; x_wconf 55' lang='lat' dir='ltr'><strong>ardumum&amp;</strong></span> 
     </span>
     <span class='ocr_line' id='line_1_27' title="bbox 337 3073 1656 3159; baseline 0 -21"><span class='ocrx_word' id='word_1_253' title='bbox 337 3097 407 3141; x_wconf 90' lang='lat' dir='ltr'><strong>non</strong></span> <span class='ocrx_word' id='word_1_254' title='bbox 431 3080 520 3149; x_wconf 84' lang='lat' dir='ltr'><strong>male</strong></span> <span class='ocrx_word' id='word_1_255' title='bbox 541 3077 651 3159; x_wconf 81' lang='lat' dir='ltr'><strong>igitur</strong></span> <span class='ocrx_word' id='word_1_256' title='bbox 672 3075 810 3138; x_wconf 85' lang='lat' dir='ltr'><strong>mereri.</strong></span> <span class='ocrx_word' id='word_1_257' title='bbox 863 3075 959 3153; x_wconf 85' lang='lat' dir='ltr'><strong>Quod</strong></span> <span class='ocrx_word' id='word_1_258' title='bbox 980 3075 1174 3152; x_wconf 85' lang='lat' dir='ltr'><strong>enthymema</strong></span> <span class='ocrx_word' id='word_1_259' title='bbox 1202 3093 1241 3134; x_wconf 81' lang='lat' dir='ltr'><strong>ex</strong></span> <span class='ocrx_word' id='word_1_260' title='bbox 1267 3073 1490 3154; x_wconf 89' lang='lat' dir='ltr'><strong>propositione</strong></span> <span class='ocrx_word' id='word_1_261' title='bbox 1514 3097 1656 3140; x_wconf 87' lang='lat' dir='ltr'><strong>connexa</strong></span> 
     </span>
     <span class='ocr_line' id='line_1_28' title="bbox 338 3166 1656 3254; baseline -0.001 -21"><span class='ocrx_word' id='word_1_262' title='bbox 338 3170 522 3252; x_wconf 80' lang='lat' dir='ltr'><strong>perficitur,</strong></span> <span class='ocrx_word' id='word_1_263' title='bbox 547 3191 628 3254; x_wconf 87' lang='lat' dir='ltr'><strong>quae</strong></span> <span class='ocrx_word' id='word_1_264' title='bbox 651 3180 774 3232; x_wconf 85' lang='lat' dir='ltr'><strong>constat</strong></span> <span class='ocrx_word' id='word_1_265' title='bbox 796 3189 836 3230; x_wconf 84' lang='lat' dir='ltr'><strong>ex</strong></span> <span class='ocrx_word' id='word_1_266' title='bbox 863 3167 1072 3230; x_wconf 81' lang='lat' dir='ltr'><strong>affirmatione</strong></span> <span class='ocrx_word' id='word_1_267' title='bbox 1092 3178 1123 3228; x_wconf 90' lang='lat' dir='ltr'><strong>et</strong></span> <span class='ocrx_word' id='word_1_268' title='bbox 1145 3166 1311 3250; x_wconf 88' lang='lat' dir='ltr'><strong>negatione</strong></span> <span class='ocrx_word' id='word_1_269' title='bbox 1336 3167 1394 3230; x_wconf 88' lang='lat' dir='ltr'><strong>ita:</strong></span> <span class='ocrx_word' id='word_1_270' title='bbox 1423 3167 1462 3234; x_wconf 83' lang='lat' dir='ltr'><strong>Si</strong></span> <span class='ocrx_word' id='word_1_271' title='bbox 1488 3170 1568 3232; x_wconf 83' lang='lat' dir='ltr'><strong>bene</strong></span> <span class='ocrx_word' id='word_1_272' title='bbox 1588 3191 1656 3232; x_wconf 90' lang='lat' dir='ltr'><strong>rne-</strong></span> 
     </span>
     <span class='ocr_line' id='line_1_29' title="bbox 339 3259 1658 3344; baseline -0.002 -17"><span class='ocrx_word' id='word_1_273' title='bbox 339 3264 448 3327; x_wconf 84' lang='lat' dir='ltr'><strong>ritam</strong></span> <span class='ocrx_word' id='word_1_274' title='bbox 467 3285 541 3326; x_wconf 85' lang='lat' dir='ltr'><strong>esse</strong></span> <span class='ocrx_word' id='word_1_275' title='bbox 562 3275 744 3336; x_wconf 80' lang='lat' dir='ltr'><strong>autumas,</strong></span> <span class='ocrx_word' id='word_1_276' title='bbox 782 3282 850 3326; x_wconf 91' lang='lat' dir='ltr'><strong>non</strong></span> <span class='ocrx_word' id='word_1_277' title='bbox 874 3263 961 3324; x_wconf 77' lang='lat' dir='ltr'><strong>:nale</strong></span> <span class='ocrx_word' id='word_1_278' title='bbox 984 3260 1121 3324; x_wconf 83' lang='lat' dir='ltr'><strong>mereri.</strong></span> <span class='ocrx_word' id='word_1_279' title='bbox 1180 3259 1280 3326; x_wconf 81' lang='lat' dir='ltr'><strong>Citius</strong></span> <span class='ocrx_word' id='word_1_280' title='bbox 1301 3283 1342 3324; x_wconf 86' lang='lat' dir='ltr'><strong>ex</strong></span> <span class='ocrx_word' id='word_1_281' title='bbox 1363 3264 1545 3344; x_wconf 88' lang='lat' dir='ltr'><strong>posteriore</strong></span> <span class='ocrx_word' id='word_1_282' title='bbox 1567 3273 1658 3344; x_wconf 87' lang='lat' dir='ltr'><strong>parte</strong></span> 
     </span>
     <span class='ocr_line' id='line_1_30' title="bbox 340 3354 1657 3442; baseline -0.001 -23"><span class='ocrx_word' id='word_1_283' title='bbox 340 3359 466 3439; x_wconf 89' lang='lat' dir='ltr'><strong>dempta</strong></span> <span class='ocrx_word' id='word_1_284' title='bbox 487 3357 656 3442; x_wconf 84' lang='lat' dir='ltr'><strong>negatione</strong></span> <span class='ocrx_word' id='word_1_285' title='bbox 674 3367 805 3438; x_wconf 87' lang='lat' dir='ltr'><strong>totaque</strong></span> <span class='ocrx_word' id='word_1_286' title='bbox 826 3354 1047 3436; x_wconf 88' lang='lat' dir='ltr'><strong>propositione</strong></span> <span class='ocrx_word' id='word_1_287' title='bbox 1065 3357 1240 3437; x_wconf 87' lang='lat' dir='ltr'><strong>denegata,</strong></span> <span class='ocrx_word' id='word_1_288' title='bbox 1265 3355 1319 3419; x_wconf 87' lang='lat' dir='ltr'><strong>liet</strong></span> <span class='ocrx_word' id='word_1_289' title='bbox 1334 3357 1537 3437; x_wconf 86' lang='lat' dir='ltr'><strong>propositio:</strong></span> <span class='ocrx_word' id='word_1_290' title='bbox 1561 3360 1657 3432; x_wconf 90' lang='lat' dir='ltr'><strong>Non,</strong></span> 
     </span>
     <span class='ocr_line' id='line_1_31' title="bbox 338 3448 1702 3532; baseline -0.001 -18"><span class='ocrx_word' id='word_1_291' title='bbox 338 3451 371 3514; x_wconf 85' lang='lat' dir='ltr'><strong>si</strong></span> <span class='ocrx_word' id='word_1_292' title='bbox 390 3452 475 3514; x_wconf 87' lang='lat' dir='ltr'><strong>bene</strong></span> <span class='ocrx_word' id='word_1_293' title='bbox 493 3452 651 3516; x_wconf 82' lang='lat' dir='ltr'><strong>meritam</strong></span> <span class='ocrx_word' id='word_1_294' title='bbox 673 3459 947 3522; x_wconf 68' lang='lat' dir='ltr'><strong>assereremus,</strong></span> <span class='ocrx_word' id='word_1_295' title='bbox 982 3450 1069 3510; x_wconf 85' lang='lat' dir='ltr'><strong>mole</strong></span> <span class='ocrx_word' id='word_1_296' title='bbox 1099 3448 1246 3510; x_wconf 81' lang='lat' dir='ltr'><strong>mereri:</strong></span> <span class='ocrx_word' id='word_1_297' title='bbox 1274 3452 1361 3532; x_wconf 83' lang='lat' dir='ltr'><strong>qttod</strong></span> <span class='ocrx_word' id='word_1_298' title='bbox 1380 3450 1410 3511; x_wconf 91' lang='lat' dir='ltr'><strong>io</strong></span> <span class='ocrx_word' id='word_1_299' title='bbox 1431 3451 1702 3532; x_wconf 79' lang='lat' dir='ltr'><strong>interrogatio-3⁰</strong></span> 
     </span>
     <span class='ocr_line' id='line_1_32' title="bbox 340 3543 1658 3625; baseline -0.002 -17"><span class='ocrx_word' id='word_1_300' title='bbox 340 3567 413 3608; x_wconf 88' lang='lat' dir='ltr'><strong>nem</strong></span> <span class='ocrx_word' id='word_1_301' title='bbox 436 3547 603 3609; x_wconf 90' lang='lat' dir='ltr'><strong>deductum</strong></span> <span class='ocrx_word' id='word_1_302' title='bbox 628 3544 703 3608; x_wconf 80' lang='lat' dir='ltr'><strong>iacit</strong></span> <span class='ocrx_word' id='word_1_303' title='bbox 728 3544 946 3623; x_wconf 85' lang='lat' dir='ltr'><strong>enthymema:</strong></span> <span class='ocrx_word' id='word_1_304' title='bbox 979 3546 1068 3607; x_wconf 86' lang='lat' dir='ltr'><strong>Bene</strong></span> <span class='ocrx_word' id='word_1_305' title='bbox 1086 3563 1189 3625; x_wconf 73' lang='grc' dir='ltr'><em>φιαιπ</em></span> <span class='ocrx_word' id='word_1_306' title='bbox 1207 3543 1365 3606; x_wconf 82' lang='lat' dir='ltr'><strong>meritam</strong></span> <span class='ocrx_word' id='word_1_307' title='bbox 1385 3565 1459 3606; x_wconf 85' lang='lat' dir='ltr'><strong>esse</strong></span> <span class='ocrx_word' id='word_1_308' title='bbox 1480 3556 1658 3618; x_wconf 82' lang='lat' dir='ltr'><strong>autumus,</strong></span> 
     </span>
     <span class='ocr_line' id='line_1_33' title="bbox 339 3635 1657 3721; baseline 0 -19"><span class='ocrx_word' id='word_1_309' title='bbox 339 3641 430 3702; x_wconf 84' lang='lat' dir='ltr'><strong>mole</strong></span> <span class='ocrx_word' id='word_1_310' title='bbox 453 3637 604 3700; x_wconf 74' lang='lat' dir='ltr'><strong>mereri?</strong></span> <span class='ocrx_word' id='word_1_311' title='bbox 646 3637 747 3700; x_wconf 91' lang='lat' dir='ltr'><strong>Item:</strong></span> <span class='ocrx_word' id='word_1_312' title='bbox 770 3636 830 3712; x_wconf 87' lang='lat' dir='ltr'><strong>Id,</strong></span> <span class='ocrx_word' id='word_1_313' title='bbox 855 3635 947 3719; x_wconf 81' lang='lat' dir='ltr'><strong>quod</strong></span> <span class='ocrx_word' id='word_1_314' title='bbox 964 3636 1049 3708; x_wconf 83' lang='lat' dir='ltr'><strong>seis,</strong></span> <span class='ocrx_word' id='word_1_315' title='bbox 1069 3635 1212 3717; x_wconf 86' lang='lat' dir='ltr'><strong>prodest</strong></span> <span class='ocrx_word' id='word_1_316' title='bbox 1218 3658 1231 3708; x_wconf 88' lang='lat'><strong>‚·</strong></span> <span class='ocrx_word' id='word_1_317' title='bbox 1251 3635 1337 3699; x_wconf 82' lang='lat' dir='ltr'><strong>nihil</strong></span> <span class='ocrx_word' id='word_1_318' title='bbox 1351 3637 1407 3711; x_wconf 85' lang='lat' dir='ltr'><strong>id,</strong></span> <span class='ocrx_word' id='word_1_319' title='bbox 1430 3638 1523 3721; x_wconf 78' lang='lat' dir='ltr'><strong>quod</strong></span> <span class='ocrx_word' id='word_1_320' title='bbox 1536 3639 1657 3715; x_wconf 86' lang='lat' dir='ltr'><strong>nescis,</strong></span> 
     </span>
     <span class='ocr_line' id='line_1_34' title="bbox 339 3727 1658 3814; baseline -0.004 -17"><span class='ocrx_word' id='word_1_321' title='bbox 339 3729 462 3798; x_wconf 80' lang='lat' dir='ltr'><strong>obeat?</strong></span> <span class='ocrx_word' id='word_1_322' title='bbox 498 3731 573 3793; x_wconf 88' lang='lat' dir='ltr'><strong>Hoc</strong></span> <span class='ocrx_word' id='word_1_323' title='bbox 597 3750 727 3814; x_wconf 85' lang='lat' dir='ltr'><strong>quoque</strong></span> <span class='ocrx_word' id='word_1_324' title='bbox 751 3730 946 3808; x_wconf 83' lang='lat' dir='ltr'><strong>enthymema</strong></span> <span class='ocrx_word' id='word_1_325' title='bbox 971 3727 1026 3791; x_wconf 86' lang='lat' dir='ltr'><strong>tali</strong></span> <span class='ocrx_word' id='word_1_326' title='bbox 1050 3728 1187 3791; x_wconf 88' lang='lat' dir='ltr'><strong>nectitur</strong></span> <span class='ocrx_word' id='word_1_327' title='bbox 1211 3729 1418 3812; x_wconf 85' lang='lat' dir='ltr'><strong>syllogismo:</strong></span> <span class='ocrx_word' id='word_1_328' title='bbox 1443 3733 1525 3796; x_wconf 91' lang='lat' dir='ltr'><strong>Non</strong></span> <span class='ocrx_word' id='word_1_329' title='bbox 1548 3743 1581 3794; x_wconf 86' lang='lat' dir='ltr'><strong>et</strong></span> <span class='ocrx_word' id='word_1_330' title='bbox 1606 3732 1658 3805; x_wconf 83' lang='lat' dir='ltr'><strong>id,</strong></span> 
     </span>
     <span class='ocr_line' id='line_1_35' title="bbox 340 3822 1660 3913; baseline -0.002 -25"><span class='ocrx_word' id='word_1_331' title='bbox 340 3825 534 3913; x_wconf 78' lang='lat' dir='ltr'><strong>quesieris,</strong></span> <span class='ocrx_word' id='word_1_332' title='bbox 554 3824 714 3907; x_wconf 85' lang='lat' dir='ltr'><strong>prodest,</strong></span> <span class='ocrx_word' id='word_1_333' title='bbox 737 3834 771 3885; x_wconf 90' lang='lat' dir='ltr'><strong>et</strong></span> <span class='ocrx_word' id='word_1_334' title='bbox 792 3823 828 3885; x_wconf 84' lang='lat' dir='ltr'><strong>id</strong></span> <span class='ocrx_word' id='word_1_335' title='bbox 840 3866 849 3896; x_wconf 86' lang='lat'><strong>,</strong></span> <span class='ocrx_word' id='word_1_336' title='bbox 872 3825 965 3908; x_wconf 74' lang='lat' dir='ltr'><strong>quod</strong></span> <span class='ocrx_word' id='word_1_337' title='bbox 987 3823 1115 3896; x_wconf 83' lang='lat' dir='ltr'><strong>nescis,</strong></span> <span class='ocrx_word' id='word_1_338' title='bbox 1139 3843 1207 3886; x_wconf 90' lang='lat' dir='ltr'><strong>non</strong></span> <span class='ocrx_word' id='word_1_339' title='bbox 1231 3825 1344 3894; x_wconf 77' lang='lat' dir='ltr'><strong>obest:</strong></span> <span class='ocrx_word' id='word_1_340' title='bbox 1365 3824 1463 3906; x_wconf 80' lang='lat' dir='ltr'><strong>atqui</strong></span> <span class='ocrx_word' id='word_1_341' title='bbox 1490 3824 1543 3899; x_wconf 87' lang='lat' dir='ltr'><strong>id,</strong></span> <span class='ocrx_word' id='word_1_342' title='bbox 1568 3822 1660 3907; x_wconf 81' lang='lat' dir='ltr'><strong>qnod</strong></span> 
     </span>
     <span class='ocr_line' id='line_1_36' title="bbox 337 3915 1701 4003; baseline -0.004 -19"><span class='ocrx_word' id='word_1_343' title='bbox 337 3921 423 3995; x_wconf 84' lang='lat' dir='ltr'><strong>aeis,</strong></span> <span class='ocrx_word' id='word_1_344' title='bbox 451 3919 613 4002; x_wconf 80' lang='lat' dir='ltr'><strong>prodest:</strong></span> <span class='ocrx_word' id='word_1_345' title='bbox 647 3917 742 3982; x_wconf 87' lang='lat' dir='ltr'><strong>obest</strong></span> <span class='ocrx_word' id='word_1_346' title='bbox 776 3917 907 3999; x_wconf 83' lang='lat' dir='ltr'><strong>igitur,</strong></span> <span class='ocrx_word' id='word_1_347' title='bbox 944 3916 1036 4003; x_wconf 83' lang='lat' dir='ltr'><strong>quod</strong></span> <span class='ocrx_word' id='word_1_348' title='bbox 1063 3915 1181 3980; x_wconf 86' lang='lat' dir='ltr'><strong>nescis.</strong></span> <span class='ocrx_word' id='word_1_349' title='bbox 1224 3915 1298 3978; x_wconf 87' lang='lat' dir='ltr'><strong>Hoc</strong></span> <span class='ocrx_word' id='word_1_350' title='bbox 1323 3927 1540 3998; x_wconf 86' lang='lat' dir='ltr'><strong>argumentum</strong></span> <span class='ocrx_word' id='word_1_351' title='bbox 1561 3937 1602 3978; x_wconf 80' lang='lat' dir='ltr'><strong>es</strong></span> <span class='ocrx_word' id='word_1_352' title='bbox 1623 3925 1701 3978; x_wconf 70' lang='lat' dir='ltr'><strong>east</strong></span> 
     </span>
     <span class='ocr_line' id='line_1_37' title="bbox 340 4008 1659 4096; baseline -0.003 -20"><span class='ocrx_word' id='word_1_353' title='bbox 340 4012 568 4096; x_wconf 84' lang='lat' dir='ltr'><strong>propositione</strong></span> <span class='ocrx_word' id='word_1_354' title='bbox 589 4011 887 4093; x_wconf 67' lang='lat' dir='ltr'><strong>compositurnm,</strong></span> <span class='ocrx_word' id='word_1_355' title='bbox 910 4031 990 4094; x_wconf 80' lang='lat' dir='ltr'><strong>quiae</strong></span> <span class='ocrx_word' id='word_1_356' title='bbox 1012 4012 1133 4071; x_wconf 86' lang='lat' dir='ltr'><strong>duabus</strong></span> <span class='ocrx_word' id='word_1_357' title='bbox 1159 4008 1419 4072; x_wconf 83' lang='lat' dir='ltr'><strong>affirmationibus</strong></span> <span class='ocrx_word' id='word_1_358' title='bbox 1441 4008 1543 4072; x_wconf 88' lang='lat' dir='ltr'><strong>iuncta</strong></span> <span class='ocrx_word' id='word_1_359' title='bbox 1568 4029 1659 4073; x_wconf 86' lang='lat' dir='ltr'><strong>acce·</strong></span> 
     </span>
     <span class='ocr_line' id='line_1_38' title="bbox 342 4101 1657 4190; baseline -0.004 -20"><span class='ocrx_word' id='word_1_360' title='bbox 342 4106 387 4188; x_wconf 89' lang='lat' dir='ltr'><strong>pit</strong></span> <span class='ocrx_word' id='word_1_361' title='bbox 408 4107 541 4170; x_wconf 85' lang='lat' dir='ltr'><strong>mediam</strong></span> <span class='ocrx_word' id='word_1_362' title='bbox 567 4105 768 4190; x_wconf 85' lang='lat' dir='ltr'><strong>negationem</strong></span> <span class='ocrx_word' id='word_1_363' title='bbox 795 4113 826 4166; x_wconf 87' lang='lat' dir='ltr'><strong>et</strong></span> <span class='ocrx_word' id='word_1_364' title='bbox 849 4103 979 4186; x_wconf 89' lang='lat' dir='ltr'><strong>insuper</strong></span> <span class='ocrx_word' id='word_1_365' title='bbox 1007 4105 1162 4184; x_wconf 88' lang='lat' dir='ltr'><strong>denegata</strong></span> <span class='ocrx_word' id='word_1_366' title='bbox 1197 4112 1256 4164; x_wconf 91' lang='lat' dir='ltr'><strong>est.</strong></span> <span class='ocrx_word' id='word_1_367' title='bbox 1313 4101 1407 4180; x_wconf 88' lang='lat' dir='ltr'><strong>Quod</strong></span> <span class='ocrx_word' id='word_1_368' title='bbox 1429 4102 1657 4185; x_wconf 81' lang='lat' dir='ltr'><strong>interrogatum</strong></span> 
     </span>
     <span class='ocr_line' id='line_1_39' title="bbox 339 4193 1659 4281; baseline -0.005 -17"><span class='ocrx_word' id='word_1_369' title='bbox 339 4201 374 4264; x_wconf 85' lang='lat' dir='ltr'><strong>fir</strong></span> <span class='ocrx_word' id='word_1_370' title='bbox 403 4201 599 4281; x_wconf 87' lang='lat' dir='ltr'><strong>enthymema</strong></span> <span class='ocrx_word' id='word_1_371' title='bbox 622 4200 686 4262; x_wconf 86' lang='lat' dir='ltr'><strong>hoe</strong></span> <span class='ocrx_word' id='word_1_372' title='bbox 709 4200 823 4262; x_wconf 88' lang='lat' dir='ltr'><strong>modo:</strong></span> <span class='ocrx_word' id='word_1_373' title='bbox 860 4197 916 4270; x_wconf 86' lang='lat' dir='ltr'><strong>Id,</strong></span> <span class='ocrx_word' id='word_1_374' title='bbox 941 4196 1033 4279; x_wconf 82' lang='lat' dir='ltr'><strong>qnod</strong></span> <span class='ocrx_word' id='word_1_375' title='bbox 1056 4196 1143 4268; x_wconf 83' lang='lat' dir='ltr'><strong>scis,</strong></span> <span class='ocrx_word' id='word_1_376' title='bbox 1180 4194 1339 4276; x_wconf 78' lang='lat' dir='ltr'><strong>prodest:</strong></span> <span class='ocrx_word' id='word_1_377' title='bbox 1372 4193 1459 4255; x_wconf 79' lang='lat' dir='ltr'><strong>nihil</strong></span> <span class='ocrx_word' id='word_1_378' title='bbox 1479 4193 1532 4267; x_wconf 83' lang='lat' dir='ltr'><strong>id,</strong></span> <span class='ocrx_word' id='word_1_379' title='bbox 1566 4195 1659 4278; x_wconf 80' lang='lat' dir='ltr'><strong>qnod</strong></span> 
     </span>
     <span class='ocr_line' id='line_1_40' title="bbox 339 4287 1658 4372; baseline -0.006 -16"><span class='ocrx_word' id='word_1_380' title='bbox 339 4294 469 4370; x_wconf 80' lang='lat' dir='ltr'><strong>nescis,</strong></span> <span class='ocrx_word' id='word_1_381' title='bbox 500 4293 621 4357; x_wconf 69' lang='lat' dir='ltr'><strong>obest?</strong></span> <span class='ocrx_word' id='word_1_382' title='bbox 657 4291 805 4357; x_wconf 90' lang='lat' dir='ltr'><strong>Omnium</strong></span> <span class='ocrx_word' id='word_1_383' title='bbox 840 4310 920 4354; x_wconf 83' lang='lat' dir='ltr'><strong>vero</strong></span> <span class='ocrx_word' id='word_1_384' title='bbox 951 4287 1158 4372; x_wconf 89' lang='lat' dir='ltr'><strong>[positorum]</strong></span> <span class='ocrx_word' id='word_1_385' title='bbox 1181 4287 1327 4368; x_wconf 85' lang='lat' dir='ltr'><strong>superius</strong></span> <span class='ocrx_word' id='word_1_386' title='bbox 1355 4287 1571 4366; x_wconf 84' lang='lat' dir='ltr'><strong>exemplorum</strong></span> <span class='ocrx_word' id='word_1_387' title='bbox 1599 4289 1658 4350; x_wconf 89' lang='lat' dir='ltr'><strong>ista</strong></span> 
     </span>
     <span class='ocr_line' id='line_1_41' title="bbox 341 4382 1699 4471; baseline -0.005 -18"><span class='ocrx_word' id='word_1_388' title='bbox 341 4389 496 4454; x_wconf 88' lang='lat' dir='ltr'><strong>sententia</strong></span> <span class='ocrx_word' id='word_1_389' title='bbox 519 4400 579 4452; x_wconf 89' lang='lat' dir='ltr'><strong>est.</strong></span> <span class='ocrx_word' id='word_1_390' title='bbox 634 4389 715 4451; x_wconf 85' lang='lat' dir='ltr'><strong>Nam</strong></span> <span class='ocrx_word' id='word_1_391' title='bbox 738 4407 831 4471; x_wconf 87' lang='lat' dir='ltr'><strong>quam</strong></span> <span class='ocrx_word' id='word_1_392' title='bbox 851 4386 1014 4470; x_wconf 88' lang='lat' dir='ltr'><strong>quisquam</strong></span> <span class='ocrx_word' id='word_1_393' title='bbox 1039 4382 1116 4444; x_wconf 87' lang='lat' dir='ltr'><strong>nihil</strong></span> <span class='ocrx_word' id='word_1_394' title='bbox 1139 4393 1285 4454; x_wconf 84' lang='lat' dir='ltr'><strong>accusat,</strong></span> <span class='ocrx_word' id='word_1_395' title='bbox 1310 4400 1377 4442; x_wconf 86' lang='lat' dir='ltr'><strong>earn</strong></span> <span class='ocrx_word' id='word_1_396' title='bbox 1401 4382 1548 4443; x_wconf 87' lang='lat' dir='ltr'><strong>damnare</strong></span> <span class='ocrx_word' id='word_1_397' title='bbox 1570 4392 1699 4446; x_wconf 74' lang='lat' dir='ltr'><strong>recte-to</strong></span> 
     </span>
     <span class='ocr_line' id='line_1_42' title="bbox 340 4473 1654 4564; baseline -0.008 -18"><span class='ocrx_word' id='word_1_398' title='bbox 340 4505 404 4548; x_wconf 89' lang='lat' dir='ltr'><strong>non</strong></span> <span class='ocrx_word' id='word_1_399' title='bbox 427 4492 554 4564; x_wconf 78' lang='lat' dir='ltr'><strong>potest:</strong></span> <span class='ocrx_word' id='word_1_400' title='bbox 577 4491 610 4544; x_wconf 88' lang='lat' dir='ltr'><strong>et</strong></span> <span class='ocrx_word' id='word_1_401' title='bbox 632 4501 718 4555; x_wconf 89' lang='lat' dir='ltr'><strong>eam,</strong></span> <span class='ocrx_word' id='word_1_402' title='bbox 743 4501 838 4564; x_wconf 86' lang='lat' dir='ltr'><strong>quam</strong></span> <span class='ocrx_word' id='word_1_403' title='bbox 863 4481 944 4544; x_wconf 89' lang='lat' dir='ltr'><strong>bene</strong></span> <span class='ocrx_word' id='word_1_404' title='bbox 968 4477 1108 4540; x_wconf 89' lang='lat' dir='ltr'><strong>meritam</strong></span> <span class='ocrx_word' id='word_1_405' title='bbox 1132 4496 1201 4540; x_wconf 89' lang='lat' dir='ltr'><strong>esse</strong></span> <span class='ocrx_word' id='word_1_406' title='bbox 1224 4483 1380 4549; x_wconf 86' lang='lat' dir='ltr'><strong>autumat,</strong></span> <span class='ocrx_word' id='word_1_407' title='bbox 1419 4473 1498 4534; x_wconf 88' lang='lat' dir='ltr'><strong>male</strong></span> <span class='ocrx_word' id='word_1_408' title='bbox 1522 4473 1654 4556; x_wconf 83' lang='lat' dir='ltr'><strong>[dicere]</strong></span> 
     </span>
     <span class='ocr_line' id='line_1_43' title="bbox 341 4569 1656 4656; baseline -0.008 -16"><span class='ocrx_word' id='word_1_409' title='bbox 341 4581 471 4640; x_wconf 90' lang='lat' dir='ltr'><strong>eandem</strong></span> <span class='ocrx_word' id='word_1_410' title='bbox 493 4575 609 4640; x_wconf 89' lang='lat' dir='ltr'><strong>mereri</strong></span> <span class='ocrx_word' id='word_1_411' title='bbox 630 4586 725 4656; x_wconf 87' lang='lat' dir='ltr'><strong>turpe</strong></span> <span class='ocrx_word' id='word_1_412' title='bbox 747 4585 812 4648; x_wconf 79' lang='lat' dir='ltr'><strong>est:</strong></span> <span class='ocrx_word' id='word_1_413' title='bbox 836 4575 912 4637; x_wconf 88' lang='lat' dir='ltr'><strong>etsi</strong></span> <span class='ocrx_word' id='word_1_414' title='bbox 935 4572 983 4646; x_wconf 90' lang='lat' dir='ltr'><strong>id,</strong></span> <span class='ocrx_word' id='word_1_415' title='bbox 1007 4574 1095 4655; x_wconf 85' lang='lat' dir='ltr'><strong>quod</strong></span> <span class='ocrx_word' id='word_1_416' title='bbox 1116 4569 1175 4633; x_wconf 91' lang='lat' dir='ltr'><strong>scit</strong></span> <span class='ocrx_word' id='word_1_417' title='bbox 1196 4569 1330 4654; x_wconf 83' lang='lat' dir='ltr'><strong>qrrisque</strong></span> <span class='ocrx_word' id='word_1_418' title='bbox 1349 4569 1379 4629; x_wconf 91' lang='lat' dir='ltr'><strong>in</strong></span> <span class='ocrx_word' id='word_1_419' title='bbox 1402 4587 1515 4642; x_wconf 86' lang='lat' dir='ltr'><strong>causa,</strong></span> <span class='ocrx_word' id='word_1_420' title='bbox 1540 4570 1656 4648; x_wconf 91' lang='lat' dir='ltr'><strong>prode·</strong></span> 
     </span>
     <span class='ocr_line' id='line_1_44' title="bbox 338 4661 1652 4750; baseline -0.009 -16"><span class='ocrx_word' id='word_1_421' title='bbox 338 4671 394 4747; x_wconf 86' lang='lat' dir='ltr'><strong>rit,</strong></span> <span class='ocrx_word' id='word_1_422' title='bbox 408 4671 528 4746; x_wconf 87' lang='lat' dir='ltr'><strong>oberit,</strong></span> <span class='ocrx_word' id='word_1_423' title='bbox 540 4671 565 4734; x_wconf 90' lang='lat' dir='ltr'><strong>si</strong></span> <span class='ocrx_word' id='word_1_424' title='bbox 575 4667 840 4742; x_wconf 90' lang='lat' dir='ltr'><strong>esteontrarium,</strong></span> <span class='ocrx_word' id='word_1_425' title='bbox 854 4667 898 4741; x_wconf 91' lang='lat' dir='ltr'><strong>id,</strong></span> <span class='ocrx_word' id='word_1_426' title='bbox 911 4667 997 4750; x_wconf 84' lang='lat' dir='ltr'><strong>quod</strong></span> <span class='ocrx_word' id='word_1_427' title='bbox 1010 4664 1120 4728; x_wconf 88' lang='lat' dir='ltr'><strong>nescit.</strong></span> <span class='ocrx_word' id='word_1_428' title='bbox 1144 4664 1238 4726; x_wconf 89' lang='lat' dir='ltr'><strong>Hunc</strong></span> <span class='ocrx_word' id='word_1_429' title='bbox 1252 4681 1329 4726; x_wconf 85' lang='lat' dir='ltr'><strong>roro</strong></span> <span class='ocrx_word' id='word_1_430' title='bbox 1342 4661 1446 4724; x_wconf 90' lang='lat' dir='ltr'><strong>locum</strong></span> <span class='ocrx_word' id='word_1_431' title='bbox 1455 4679 1652 4724; x_wconf 89' lang='lat' dir='ltr'><strong>communem</strong></span> 
     </span>
     <span class='ocr_line' id='line_1_45' title="bbox 340 4755 1654 4844; baseline -0.01 -16"><span class='ocrx_word' id='word_1_432' title='bbox 340 4787 410 4829; x_wconf 89' lang='lat' dir='ltr'><strong>esse</strong></span> <span class='ocrx_word' id='word_1_433' title='bbox 439 4767 624 4830; x_wconf 87' lang='lat' dir='ltr'><strong>oratoribus</strong></span> <span class='ocrx_word' id='word_1_434' title='bbox 651 4783 689 4826; x_wconf 89' lang='lat' dir='ltr'><strong>ae</strong></span> <span class='ocrx_word' id='word_1_435' title='bbox 720 4759 922 4844; x_wconf 86' lang='lat' dir='ltr'><strong>philosophis</strong></span> <span class='ocrx_word' id='word_1_436' title='bbox 951 4757 1043 4833; x_wconf 90' lang='lat' dir='ltr'><strong>dicit,</strong></span> <span class='ocrx_word' id='word_1_437' title='bbox 1078 4760 1134 4820; x_wconf 87' lang='lat' dir='ltr'><strong>sed</strong></span> <span class='ocrx_word' id='word_1_438' title='bbox 1157 4759 1238 4838; x_wconf 89' lang='lat' dir='ltr'><strong>apud</strong></span> <span class='ocrx_word' id='word_1_439' title='bbox 1262 4757 1333 4820; x_wconf 89' lang='lat' dir='ltr'><strong>illos</strong></span> <span class='ocrx_word' id='word_1_440' title='bbox 1357 4755 1482 4818; x_wconf 91' lang='lat' dir='ltr'><strong>tertium</strong></span> <span class='ocrx_word' id='word_1_441' title='bbox 1510 4757 1654 4830; x_wconf 89' lang='lat' dir='ltr'><strong>modum,</strong></span> 
     </span>
    </p>
   </div>
   <div class='ocr_carea' id='block_1_3' title="bbox 340 4909 1658 5135">
    <p class='ocr_par' dir='ltr' id='par_1_3' title="bbox 340 4909 1658 5135">
     <span class='ocr_line' id='line_1_46' title="bbox 415 4909 1657 4980; baseline -0.007 -9"><span class='ocrx_word' id='word_1_442' title='bbox 415 4931 461 4980; x_wconf 79' lang='lat'><strong>10.</strong></span> <span class='ocrx_word' id='word_1_443' title='bbox 481 4917 763 4972; x_wconf 74' lang='lat' dir='ltr'><strong>dtaeirtocmerum</strong></span> <span class='ocrx_word' id='word_1_444' title='bbox 783 4918 859 4970; x_wconf 77' lang='lat' dir='ltr'><strong>Eine.</strong></span> <span class='ocrx_word' id='word_1_445' title='bbox 907 4919 953 4974; x_wconf 80' lang='lat'><strong>23.</strong></span> <span class='ocrx_word' id='word_1_446' title='bbox 975 4913 1045 4966; x_wconf 76' lang='lat' dir='ltr'><strong>diets</strong></span> <span class='ocrx_word' id='word_1_447' title='bbox 1065 4929 1121 4966; x_wconf 88' lang='lat' dir='ltr'><strong>om.</strong></span> <span class='ocrx_word' id='word_1_448' title='bbox 1144 4913 1220 4965; x_wconf 81' lang='lat' dir='ltr'><strong>Eius.</strong></span> <span class='ocrx_word' id='word_1_449' title='bbox 1243 4915 1309 4964; x_wconf 85' lang='lat' dir='ltr'><strong>Ven.</strong></span> <span class='ocrx_word' id='word_1_450' title='bbox 1329 4911 1406 4965; x_wconf 79' lang='lat' dir='ltr'><strong>Base.</strong></span> <span class='ocrx_word' id='word_1_451' title='bbox 1446 4909 1496 4969; x_wconf 65' lang='lat'><strong>31.</strong></span> <span class='ocrx_word' id='word_1_452' title='bbox 1517 4909 1591 4980; x_wconf 74' lang='lat' dir='ltr'><strong>quod</strong></span> <span class='ocrx_word' id='word_1_453' title='bbox 1610 4916 1657 4962; x_wconf 87' lang='lat' dir='ltr'><strong>r&#39;n-</strong></span> 
     </span>
     <span class='ocr_line' id='line_1_47' title="bbox 340 4985 1657 5066; baseline -0.01 -16"><span class='ocrx_word' id='word_1_454' title='bbox 340 5002 538 5066; x_wconf 74' lang='lat' dir='ltr'><strong>terrogatione</strong></span> <span class='ocrx_word' id='word_1_455' title='bbox 565 4995 626 5046; x_wconf 80' lang='lat' dir='ltr'><strong>ded.</strong></span> <span class='ocrx_word' id='word_1_456' title='bbox 658 4997 724 5046; x_wconf 79' lang='lat' dir='ltr'><strong>Van.</strong></span> <span class='ocrx_word' id='word_1_457' title='bbox 756 4993 840 5046; x_wconf 78' lang='lat' dir='ltr'><strong>Paris.</strong></span> <span class='ocrx_word' id='word_1_458' title='bbox 880 4995 924 5049; x_wconf 75' lang='lat'><strong>59.</strong></span> <span class='ocrx_word' id='word_1_459' title='bbox 942 4996 1100 5059; x_wconf 79' lang='lat' dir='ltr'><strong>psalterum</strong></span> <span class='ocrx_word' id='word_1_460' title='bbox 1120 5005 1176 5044; x_wconf 87' lang='lat' dir='ltr'><strong>orn.</strong></span> <span class='ocrx_word' id='word_1_461' title='bbox 1198 4989 1273 5040; x_wconf 80' lang='lat' dir='ltr'><strong>Eitis.</strong></span> <span class='ocrx_word' id='word_1_462' title='bbox 1294 4991 1359 5040; x_wconf 84' lang='lat' dir='ltr'><strong>Ven.</strong></span> <span class='ocrx_word' id='word_1_463' title='bbox 1380 4987 1458 5042; x_wconf 79' lang='lat' dir='ltr'><strong>nsu.</strong></span> <span class='ocrx_word' id='word_1_464' title='bbox 1500 4985 1544 5043; x_wconf 72' lang='lat' dir='ltr'><strong>lll-</strong></span> <span class='ocrx_word' id='word_1_465' title='bbox 1566 4987 1657 5038; x_wconf 84' lang='lat' dir='ltr'><strong>dtcm</strong></span> 
     </span>
     <span class='ocr_line' id='line_1_48' title="bbox 344 5062 1658 5135; baseline -0.008 -10"><span class='ocrx_word' id='word_1_466' title='bbox 344 5090 400 5126; x_wconf 81' lang='lat' dir='ltr'><strong>om.</strong></span> <span class='ocrx_word' id='word_1_467' title='bbox 421 5076 499 5126; x_wconf 78' lang='lat' dir='ltr'><strong>Eios.</strong></span> <span class='ocrx_word' id='word_1_468' title='bbox 517 5071 584 5123; x_wconf 83' lang='lat' dir='ltr'><strong>Ver.</strong></span> <span class='ocrx_word' id='word_1_469' title='bbox 603 5071 679 5123; x_wconf 81' lang='lat' dir='ltr'><strong>Basa.</strong></span> <span class='ocrx_word' id='word_1_470' title='bbox 727 5072 774 5125; x_wconf 71' lang='lat'><strong>42.</strong></span> <span class='ocrx_word' id='word_1_471' title='bbox 802 5064 918 5118; x_wconf 81' lang='lat' dir='ltr'><strong>eandem</strong></span> <span class='ocrx_word' id='word_1_472' title='bbox 937 5067 1054 5135; x_wconf 71' lang='lat' dir='ltr'><strong>merent]</strong></span> <span class='ocrx_word' id='word_1_473' title='bbox 1075 5063 1143 5119; x_wconf 75' lang='lat' dir='ltr'><strong>ven.</strong></span> <span class='ocrx_word' id='word_1_474' title='bbox 1163 5091 1201 5106; x_wconf 92' lang='lat'>-</span> <span class='ocrx_word' id='word_1_475' title='bbox 1220 5062 1255 5114; x_wconf 83' lang='lat' dir='ltr'><strong>ds</strong></span> <span class='ocrx_word' id='word_1_476' title='bbox 1272 5081 1305 5114; x_wconf 78' lang='lat' dir='ltr'><strong>ea</strong></span> <span class='ocrx_word' id='word_1_477' title='bbox 1325 5067 1425 5114; x_wconf 80' lang='lat' dir='ltr'><strong>mereri</strong></span> <span class='ocrx_word' id='word_1_478' title='bbox 1447 5063 1523 5114; x_wconf 80' lang='lat' dir='ltr'><strong>Etns.</strong></span> <span class='ocrx_word' id='word_1_479' title='bbox 1544 5089 1576 5104; x_wconf 91' lang='lat'>-</span> <span class='ocrx_word' id='word_1_480' title='bbox 1598 5079 1658 5114; x_wconf 78' lang='lat' dir='ltr'><strong>ure-</strong></span> 
     </span>
    </p>
   </div>
   <div class='ocr_carea' id='block_1_4' title="bbox 338 5139 1095 5218">
    <p class='ocr_par' dir='ltr' id='par_1_4' title="bbox 338 5139 1095 5218">
     <span class='ocr_line' id='line_1_49' title="bbox 338 5139 1095 5218; baseline -0.008 -20"><span class='ocrx_word' id='word_1_481' title='bbox 338 5153 397 5200; x_wconf 82' lang='lat' dir='ltr'><strong>rers&#39;</strong></span> <span class='ocrx_word' id='word_1_482' title='bbox 414 5147 449 5200; x_wconf 84' lang='lat' dir='ltr'><strong>ds</strong></span> <span class='ocrx_word' id='word_1_483' title='bbox 469 5165 503 5199; x_wconf 82' lang='lat' dir='ltr'><strong>sa</strong></span> <span class='ocrx_word' id='word_1_484' title='bbox 524 5147 600 5200; x_wconf 83' lang='lat' dir='ltr'><strong>Basa.</strong></span> <span class='ocrx_word' id='word_1_485' title='bbox 623 5173 655 5188; x_wconf 92' lang='lat'>-</span> <span class='ocrx_word' id='word_1_486' title='bbox 675 5149 778 5196; x_wconf 77' lang='lat' dir='ltr'><strong>mereri</strong></span> <span class='ocrx_word' id='word_1_487' title='bbox 796 5139 988 5218; x_wconf 79' lang='lat' dir='ltr'><strong>(simpliciter)</strong></span> <span class='ocrx_word' id='word_1_488' title='bbox 1008 5141 1095 5194; x_wconf 81' lang='lat' dir='ltr'><strong>Parta.</strong></span> 
     </span>
    </p>
   </div>
   <div class='ocr_carea' id='block_1_5' title="bbox 0 0 2222 5959">
    <p class='ocr_par' dir='ltr' id='par_1_5' title="bbox 0 0 2222 5959">
     <span class='ocr_line' id='line_1_50' title="bbox 0 0 2222 5959; baseline 0 0"><span class='ocrx_word' id='word_1_489' title='bbox 0 0 2222 5959; x_wconf 95' lang='lat' dir='ltr'><strong> </strong></span> 
     </span>
    </p>
   </div>
  </div>
 </body>
</html>
