4434 5959
567 587 627 652 176
1070 591 1358 661 victotttutts

566 725 710 801 allectio,
733 729 879 793 studium.
923 732 1004 795 Nam
1027 745 1187 797 oratorem
1211 753 1278 796 esse
1298 735 1399 818 (qnod
1419 743 1466 797 est
1482 732 1621 814 habitus)
1642 744 1675 796 et
1688 730 1790 797 rictus
1807 745 1865 812 est,

564 824 590 884 si
612 823 642 884 in
664 843 700 884 ea
723 823 945 888 exercitatione
968 825 1021 887 sit.
1066 826 1178 908 ltaque
1201 825 1336 900 Cicero,
1375 827 1427 910 qui
1450 825 1575 888 assiduo
1598 827 1719 901 studio,
1756 849 1867 908 perse·

564 916 684 977 veranti
706 916 865 999 diligentia
888 918 928 980 ita
956 917 1145 981 rhetoricam
1168 916 1328 1002 percepit,
1358 929 1392 980 ut
1414 939 1449 980 ea
1471 919 1502 980 in
1525 939 1564 980 eo
1586 933 1738 1000 perpetua
1761 935 1864 998 esset,

564 1009 700 1070 habitum
730 1021 919 1072 consecutus
945 1022 1005 1073 est.
1064 1012 1126 1074 Sed
1155 1010 1226 1092 quia
1258 1011 1323 1073 eius
1353 1021 1454 1073 actum
1483 1011 1543 1074 sihi
1565 1011 1696 1074 instituit
1718 1017 1755 1076 ad
1777 1037 1865 1078 usum

538 1093 663 1176 ⁵vitae,
694 1114 743 1166 est
763 1102 793 1163 in
824 1105 929 1164 eadem
955 1124 990 1165 re
1017 1115 1048 1166 et
1072 1104 1104 1165 in
1128 1106 1234 1166 habitu
1253 1115 1284 1166 et
1309 1103 1338 1168 in
1363 1103 1459 1166 victu.
1504 1103 1615 1185 ltaque
1639 1107 1769 1168 mrrltum
1798 1107 1865 1188 ple·

563 1215 695 1277 rumque
717 1199 755 1257 de
777 1195 892 1258 virtute
913 1197 1037 1258 habitus
1058 1198 1250 1271 detrahitur,
1275 1197 1301 1259 si
1323 1197 1426 1260 victus
1445 1195 1581 1259 abluisse
1604 1196 1738 1260 dicatur.
1784 1201 1864 1264 Nam

564 1290 636 1353 licet
657 1301 767 1351 orator
788 1291 898 1370 plenus
919 1290 960 1351 sit
981 1289 1182 1370 perceptione
1196 1288 1296 1370 ipsius
1318 1289 1411 1361 artis,
1436 1299 1535 1350 tamen
1553 1289 1741 1373 aliquantum
1769 1314 1865 1376 argu-

563 1394 667 1444 mento
689 1381 842 1454 detrahit,
866 1381 892 1442 si
915 1402 1010 1464 neges
1031 1381 1062 1443 in
1086 1385 1191 1444 eadem
1208 1382 1435 1444 exercitatione
1453 1381 1589 1446 vixisset
1614 1393 1648 1445 nt
1667 1385 1736 1464 ipse
1751 1399 1863 1450 contra

565 1475 753 1548 Caecilium,
776 1475 847 1557 quia
870 1475 973 1536 arilert
998 1475 1131 1548 rictum,
1154 1474 1287 1536 infirmat
1309 1475 1466 1548 habitum,
1492 1497 1585 1556 quum
1604 1475 1695 1539 dicit:
1717 1481 1863 1559 Quando

521 1560 632 1631 ¹⁰tute
653 1566 705 1632 tui
723 1568 912 1649 perieulum
933 1564 1080 1652 fecisti?
1103 1569 1293 1652 Plerumque
1315 1568 1404 1630 etiam
1427 1567 1453 1628 si
1475 1566 1550 1630 nihil
1572 1579 1665 1652 agat,
1689 1591 1730 1631 ex
1753 1571 1862 1634 habitu

559 1661 622 1722 hoc
642 1662 761 1743 ipsum,
786 1662 872 1742 quod
894 1660 971 1722 nihil
991 1663 1074 1744 agit,
1099 1674 1147 1724 est
1167 1661 1211 1724 illi
1236 1661 1353 1736 victus,
1378 1661 1497 1736 idest,
1522 1661 1606 1724 vitae
1630 1665 1761 1726 modus:
1791 1686 1861 1726 nam

557 1765 593 1815 ut
613 1754 642 1816 io
664 1754 749 1816 victu
771 1763 837 1827 est,
868 1753 980 1835 quilius
1002 1751 1108 1814 aiuicis
1131 1766 1251 1826 utatur;
1282 1755 1322 1816 ita
1350 1753 1381 1816 io
1412 1753 1498 1816 victu
1516 1765 1574 1816 -est
1602 1765 1633 1818 et
1655 1753 1682 1816 si
1702 1776 1769 1819 non
1791 1767 1861 1819 uta-

556 1858 632 1910 tur:
670 1857 700 1908 et
722 1857 828 1919 certe,
866 1844 937 1927 qnia
960 1844 1037 1906 nihil
1060 1847 1171 1908 horum
1195 1850 1287 1909 debet
1309 1849 1415 1911 deesse
1436 1867 1610 1927 personae,
1642 1860 1750 1927 potest
1772 1848 1861 1914 hahi-

556 1951 621 2003 tum
644 1940 758 2001 habere
775 1960 815 2000 ex
836 1938 1027 2020 geometriae
1044 1941 1267 2020 perceptione,
1290 1939 1321 2002 in
1344 1959 1404 2022 qua
1427 1939 1503 2002 nihil
1522 1939 1604 2022 agit,
1629 1948 1660 2000 et
1681 1939 1799 2002 victum
1822 1945 1859 2003 de

515 2023 615 2094 ¹⁵usu
638 2031 827 2094 rhetoricae.
871 2030 984 2092 Victus
1006 2042 1107 2093 autern
1130 2033 1230 2096 omnis
1250 2035 1288 2095 ad
1312 2033 1490 2116 qualitatem
1513 2032 1629 2094 tendit:
1654 2036 1708 2094 sed
1727 2055 1763 2096 ea
1782 2055 1859 2117 qua-

556 2125 627 2188 litas
647 2126 701 2190 rel
729 2125 759 2187 in
783 2123 951 2187 allectione
980 2123 1030 2186 vel
1050 2123 1081 2186 in
1111 2125 1218 2188 habitu
1241 2126 1314 2188 erit.
1357 2125 1480 2189 Deinde
1496 2124 1544 2186 uti
1564 2124 1708 2189 oratione
1731 2125 1781 2187 vel
1803 2127 1859 2188 ali·

555 2219 631 2302 quid
653 2217 829 2280 rhetoricae
849 2237 960 2291 nosse,
985 2219 1071 2300 quod
1092 2219 1266 2281 allectionis
1288 2228 1355 2290 est;
1376 2229 1407 2280 et
1423 2219 1461 2280 ad
1477 2217 1667 2300 loquendum
1683 2228 1737 2278 atat
1752 2218 1858 2280 diceu-

555 2315 625 2375 dum
648 2324 753 2391 aptum
775 2331 863 2384 esse,
893 2312 979 2392 quod
1001 2321 1048 2371 est
1070 2323 1217 2384 naturae;
1247 2322 1277 2372 et
1299 2309 1388 2393 loqui
1411 2321 1464 2372 aut
1489 2311 1613 2370 studere
1643 2309 1747 2384 relle,
1772 2313 1858 2393 quod

554 2416 601 2468 est
622 2403 732 2478 studii,
755 2416 785 2466 et
804 2415 909 2466 cetera
932 2403 1108 2467 huiusmodi
1130 2406 1223 2466 habet
1240 2403 1354 2465 victus.
1396 2403 1518 2464 Verum
1541 2401 1571 2462 io
1594 2402 1655 2462 hoc
1672 2400 1856 2464 considera·

510 2485 640 2560 20Ιιίιιιι·
661 2496 760 2559 victus
782 2495 864 2558 cirea
891 2496 968 2557 haec
997 2495 1116 2572 omnia,
1149 2497 1175 2559 si
1202 2497 1241 2559 ita
1270 2506 1342 2578 agat
1371 2493 1485 2567 vitam,
1523 2505 1556 2556 ut
1585 2493 1663 2554 haee
1695 2505 1855 2556 exerceat.

553 2591 627 2653 Non
650 2590 728 2653 enim
751 2588 824 2673 quia
854 2599 962 2650 natum
994 2587 1082 2672 loqui
1110 2601 1161 2650 aut
1190 2590 1317 2650 studere
1346 2607 1530 2670 possumus,
1568 2587 1668 2668 (quod
1691 2587 1854 2667 proprium

551 2695 681 2746 natiuae
702 2686 763 2762 est)
784 2682 901 2744 idcirco
924 2691 955 2743 et
975 2681 1047 2743 inde
1072 2681 1222 2744 vivimus:
1246 2683 1302 2744 sed
1325 2680 1351 2744 si
1373 2679 1419 2743 sic
1440 2681 1582 2742 ordinata
1604 2678 1642 2740 sit
1665 2679 1729 2740 vita
1746 2693 1856 2742 nostra

551 2779 590 2838 ad
613 2797 734 2839 omnem
759 2772 961 2837 substantiam
981 2773 1029 2835 rei
1056 2772 1216 2836 familiaris
1236 2775 1463 2857 quaerendam,
1488 2785 1521 2833 ut
1541 2772 1613 2834 inde
1638 2770 1801 2846 vivamus,
1825 2775 1855 2836 id

551 2879 616 2943 est,
644 2868 715 2931 inde
737 2866 828 2930 nohis
850 2869 953 2929 omnia
975 2878 1184 2949 suggerantur
1206 2870 1243 2929 ad
1267 2866 1401 2940 victum,
1439 2865 1552 2928 merito
1577 2863 1676 2926 victus
1698 2885 1739 2926 ex
1761 2887 1854 2928 exer·

506 2956 540 3006 ²⁵
549 2959 698 3024 citatione
720 2959 845 3027 dicitur.
899 2958 979 3021 ltern
1014 2959 1091 3021 etsi
1114 2961 1155 3021 sit
1179 2961 1322 3033 habitus,
1361 2970 1391 3020 et
1414 2979 1478 3020 non
1500 2956 1532 3018 in
1555 2955 1625 3039 ipso
1647 2957 1758 3020 habitu
1781 2973 1854 3042 agat

549 3054 698 3117 vitamet
731 3050 877 3115 virtutem
900 3042 1058 3114 oratoriae
1093 3061 1281 3115 consecutus
1304 3049 1361 3123 sit3
1385 3047 1446 3112 erit
1468 3048 1607 3122 habitus,
1642 3071 1705 3113 non
1730 3050 1851 3116 victus:

549 3150 659 3209 eodem
683 3148 779 3208 modo
803 3155 834 3207 et
859 3142 985 3206 affectio
1008 3154 1075 3218 est,
1113 3138 1139 3206 si
1168 3155 1215 3206 est
1235 3165 1296 3225 pro
1323 3155 1483 3224 tempore3
1518 3139 1551 3203 id
1573 3151 1636 3213 est,
1675 3157 1773 3224 prout
1800 3167 1854 3208 res

547 3240 650 3322 aliqua
672 3237 796 3312 tulerit,
820 3249 854 3299 ut
874 3236 963 3299 locus
983 3235 1097 3311 luerit,
1122 3257 1185 3299 non
1208 3247 1358 3319 perpetua
1381 3233 1604 3298 conseretudine
1626 3234 1695 3297 inde
1712 3234 1852 3300 vivendi.

547 3331 669 3392 Eodem
701 3331 796 3392 modo
828 3339 858 3389 et
885 3327 916 3390 in
949 3327 1053 3390 studio
1076 3340 1142 3403 est,
1166 3327 1194 3390 si
1216 3351 1278 3392 non
1300 3327 1433 3391 studium
1454 3327 1617 3412 quodlibet
1640 3327 1670 3388 in
1694 3329 1853 3392 exercita·

504 3423 631 3485 ³⁰tiooc
653 3420 737 3484 vitae
757 3421 883 3495 tulerit,
922 3421 1003 3482 rande
1024 3419 1126 3483 rictus
1150 3432 1198 3483 est
1221 3424 1321 3484 verbo
1343 3435 1453 3483 tenus:
1490 3433 1523 3482 ut
1545 3441 1655 3482 causas
1677 3441 1793 3504 agere,
1818 3434 1852 3486 ut

546 3516 661 3577 docere
682 3523 729 3576 est
751 3512 841 3576 huius
859 3511 973 3576 studii:
996 3516 1070 3588 sed,
1095 3512 1167 3597 quia
1191 3516 1333 3578 ordinata
1353 3515 1499 3577 voluntas
1518 3523 1565 3575 est
1588 3515 1626 3574 ad
1647 3533 1735 3574 iasiuu
1755 3514 1849 3590 vitae,

544 3606 659 3670 merito
681 3607 800 3669 dicetur
831 3616 863 3668 et
898 3605 1014 3668 victus.
1072 3606 1109 3669 In
1138 3606 1271 3690 singulis
1299 3607 1379 3670 enim
1415 3607 1463 3669 his
1488 3627 1539 3669 res
1568 3627 1710 3690 quareque
1733 3606 1765 3668 in
1788 3627 1850 3681 eo,

499 3779 503 3788 Ι
544 3702 631 3783 qnod
647 3709 735 3775 sum,
767 3697 995 3760 distribuendae
1014 3709 1105 3760 stant:
1143 3699 1272 3764 utitem
1295 3700 1385 3763 etiam
1408 3721 1519 3762 serviis
1543 3698 1626 3760 circa
1648 3700 1727 3773 hoo,
1762 3703 1851 3783 quod

542 3791 575 3856 in
598 3794 657 3855 hac
685 3791 864 3855 conditione
886 3800 952 3865 est,
989 3789 1118 3854 forttrna
1149 3804 1216 3855 est:
1254 3792 1281 3855 si
1302 3792 1484 3855 servitutem
1517 3791 1637 3854 serviat
1663 3803 1731 3854 tota
1763 3793 1848 3870 vita,

501 3884 646 3949 ³⁵vietus
667 3896 734 3948 est:
757 3881 854 3947 sicet
876 3894 982 3946 cetera
1003 3885 1041 3946 de
1056 3882 1204 3948 fortium.
1248 3887 1347 3952 Facta
1371 3907 1448 3950 vcro
1471 3896 1503 3948 et
1525 3905 1613 3947 casus
1629 3893 1661 3946 et
1683 3883 1848 3949 orationes

634 4145 660 4200 5.
678 4148 739 4193 elus
755 4147 851 4192 aetum
871 4139 924 4191 aibr·
941 4144 1065 4191 instituit
1083 4137 1122 4190 ad
1146 4157 1223 4190 narem
1243 4144 1339 4205 vitae,
1367 4147 1410 4192 est
1427 4139 1458 4192 td
1474 4145 1505 4191 iu
1523 4140 1617 4193 cadem
1639 4159 1671 4192 re
1696 4146 1725 4192 et
1744 4144 1773 4192 in
1791 4137 1852 4192 lra-

539 4216 599 4269 bitu
629 4225 659 4269 et
688 4222 719 4266 in
739 4218 826 4283 victu]
847 4215 922 4268 Male
942 4213 1046 4267 editum
1066 4213 1168 4267 inerat:
1188 4219 1247 4265 elus
1265 4223 1358 4265 aetram
1374 4215 1425 4266 atti·
1447 4221 1589 4276 instituit,-
1610 4215 1649 4267 ad
1670 4233 1749 4267 areuna
1770 4221 1852 4268 attae

539 4300 598 4346 est:
616 4292 648 4343 id
664 4299 708 4342 eat
723 4295 754 4342 a'u
771 4291 866 4340 eadem
884 4307 914 4340 re
933 4297 961 4340 et
980 4294 1009 4341 ιἰι
1029 4287 1140 4352 habitu,
1160 4297 1189 4341 et
1210 4294 1240 4340 lu
1261 4293 1348 4341 virtu.
1387 4290 1419 4342 ln
1438 4287 1504 4343 edit.
1523 4291 1607 4344 Bnail.
1625 4290 1740 4361 legitur:
1760 4295 1851 4342 lusti-

538 4371 594 4418 tur‘t
611 4365 650 4417 ad
669 4383 747 4416 usum
765 4370 856 4429 vitae,
876 4364 908 4414 id
927 4372 985 4429 cst,
1005 4368 1035 4415 lu
1053 4364 1148 4415 eadem
1164 4381 1195 4413 ra
1210 4366 1282 4414 etin
1297 4364 1409 4428 habitu,
1428 4372 1457 4416 et
1474 4371 1504 4416 in
1519 4371 1605 4419 victas.
1644 4363 1723 4418 Unde
1745 4381 1850 4428 aeram,

540 4456 570 4494 cr
589 4456 672 4513 puto,
702 4440 852 4491 lectionem
883 4444 1013 4491 eruimus.
1033 4441 1116 4492 Cara.
1166 4437 1236 4490 cod.
1255 4439 1317 4490 Bar.
1337 4438 1473 4510 vulgatam
1493 4454 1556 4492 ante
1575 4441 1661 4513 Capp.
1680 4437 1764 4493 habet
1783 4437 1851 4494 lect.

538 4514 577 4569 Ut
596 4531 645 4568 noa
665 4512 819 4577 edidimus,
839 4512 928 4566 deleto
948 4515 1033 4585 Capp.
1053 4512 1098 4578 tel,
1117 4511 1226 4565 exhibet
1246 4514 1309 4566 Aac.
1329 4512 1383 4566 Oa.

629 4593 658 4646 9.
676 4592 733 4659 lpse
751 4595 849 4639 eontra
867 4587 1029 4654 Caecilium]
1048 4588 1147 4640 Cicero
1167 4586 1303 4640 videlicet.
1322 4587 1411 4643 Cara.

612 4669 656 4719 11.
674 4676 711 4714 ω
730 4670 798 4729 aget
819 4662 887 4714 Cod.
908 4665 969 4715 Bas.
1172 4705 1182 4728 ,

612 4745 656 4796 18.
674 4745 703 4787 et
721 4736 807 4807 toque]
826 4735 893 4789 eod.
914 4737 976 4790 Bar.
996 4761 1032 4774 -
1050 4743 1101 4786 aaut
1119 4736 1137 4788 l.
1158 4733 1226 4788 Edd.
1246 4737 1300 4790 Oa.

611 4815 655 4869 26.
675 4814 829 4878 oratoriae]
851 4810 952 4882 Suppla
971 4815 1053 4864 areta.
1074 4811 1157 4863 Care.

609 4892 656 4947 5⁰.
674 4890 766 4937 vietus
789 4893 833 4937 est
856 4885 943 4936 verbo
969 4888 1060 4952 temes]
1088 4882 1156 4938 eod.
1178 4887 1237 4938 Bas.
1257 4911 1291 4928 -
1309 4891 1402 4939 vietus
1420 4885 1605 4940 romandus
1623 4893 1662 4940 ait
1678 4888 1849 4942 verberetur:

534 4960 605 5014 Edd.
625 4963 678 5015 Oa.

609 5039 654 5097 33.
673 5038 788 5088 utitem
806 5039 890 5088 etiam
908 5034 947 5104 a]
967 5031 1035 5089 cod.
1055 5034 1120 5087 Bas.
1138 5049 1175 5086 co
1193 5042 1224 5086 ut
1243 5040 1308 5087 item
1326 5053 1351 5090 a.
1372 5041 1432 5090 Aac.
1446 5061 1482 5079 -·
1500 5045 1531 5088 ut
1550 5041 1635 5090 ettam
1653 5053 1678 5094 st
1698 5037 1773 5093 Ceu.
1785 5037 1845 5096 Oa.
