4434 5959
973 614 1065 679 LIB.
1089 616 1155 681 vt.
1669 625 1729 692 387

472 747 589 830 ⁴(Csp.
620 750 672 813 19.
703 755 734 826 ς.
766 753 819 816 ts.
841 786 883 799 -
905 775 978 838 cap.
1004 757 1059 821 20.
1082 763 1114 836 §.
1140 757 1208 838 tt.)
1243 761 1396 826 Persona
1424 775 1539 828 autem
1561 799 1602 813 ·-
1624 795 1665 810 ·-
1686 801 1728 812 -

404 845 637 926 multitudinis
657 847 903 911 testimonium.

490 937 646 1018 Quoniam
673 939 778 1004 locum
803 942 881 1005 artis
906 957 1069 1026 expertem
1096 945 1127 1008 in
1157 946 1340 1015 testimonio
1366 973 1434 1016 esse
1461 954 1598 1034 positum
1626 957 1724 1032 dixit,

402 1030 436 1095 in
458 1033 644 1097 testimoniis
675 1055 755 1099 vero
784 1057 992 1118 personarum
1019 1039 1113 1102 iidem
1143 1062 1230 1104 suam
1254 1042 1522 1128 interponentium
1553 1051 1727 1114 auctoritas

404 1126 590 1209 quaeritur:
621 1131 832 1193 necessarium
852 1130 930 1208 fuit,
966 1132 1080 1216 quibus
1103 1135 1198 1197 rebus
1217 1134 1289 1199 lieri
1311 1139 1412 1202 soleat
1436 1145 1630 1222 astctoritas,
1670 1167 1751 1214 ιιι-5

401 1221 527 1302 pedire.
581 1223 633 1286 Ac
660 1237 763 1286 cetera
795 1225 922 1309 quidem
954 1225 1126 1290 clarissime
1162 1222 1257 1314 atque
1292 1235 1487 1313 apertissime
1520 1239 1601 1302 dicta
1639 1253 1724 1304 sunt.

403 1317 469 1378 Sed
494 1315 566 1400 quia
588 1319 808 1382 auctoritatem
829 1319 861 1383 in
880 1332 1024 1384 naturam
1045 1332 1233 1407 tempusque
1254 1323 1378 1402 divisit,
1411 1349 1569 1413 quumque
1589 1334 1620 1396 in
1645 1346 1725 1396 tem·

401 1430 484 1491 pore
505 1409 684 1494 ingenium,
710 1435 806 1495 opes,
830 1426 979 1491 aetatem,
1002 1413 1181 1491 fortunam,
1214 1428 1331 1494 artem,
1357 1440 1462 1495 issum,
1485 1427 1721 1504 necessitatem,

402 1505 646 1569 concursionem
675 1508 767 1571 etism
797 1531 1019 1593 nonnunquam
1053 1530 1160 1573 rerum
1194 1509 1396 1576 fortuitarum
1427 1521 1572 1594 vocavit,
1612 1522 1722 1604 quaeri

399 1607 528 1678 potesse
569 1598 653 1677 Quid
673 1600 754 1664 enim
776 1603 885 1667 attinet
907 1605 946 1665 ad
965 1615 1088 1686 tempus
1111 1603 1296 1684 ingenium?
1329 1608 1502 1691 quidmst
1524 1613 1600 1697 quid
1623 1615 1764 1684 ususltn

400 1688 483 1750 Nam
507 1701 592 1753 aetas
614 1704 708 1778 atque
731 1714 828 1775 opes,
852 1695 983 1759 fortuna
1005 1710 1036 1761 et
1057 1698 1261 1760 fortuitarum
1285 1719 1391 1763 rerum
1415 1706 1586 1769 concursio
1615 1709 1721 1771 subie-

400 1791 451 1844 cta
474 1796 547 1846 seint
567 1787 723 1868 tempori,
748 1790 895 1872 quoniam
917 1813 1010 1854 nnum
1031 1793 1183 1877 quodque
1204 1813 1314 1856 eorum
1331 1795 1428 1857 variis
1444 1807 1623 1880 temporum
1642 1801 1721 1863 vici-

397 1873 460 1936 bus
480 1890 693 1959 permutatur.
737 1882 905 1966 Ingenium
926 1906 1007 1949 vero
1030 1897 1161 1949 naturae
1182 1887 1289 1968 potius
1312 1889 1458 1971 oportuit
1480 1891 1635 1970 attribui,
1668 1915 1721 1956 ar-

396 1977 462 2030 tem
485 1983 579 2056 atque
602 1995 692 2037 usum
714 1977 843 2040 tertium
865 1977 1032 2062 quiddam,
1072 1980 1220 2063 quoniam
1243 2001 1344 2064 neque
1367 1985 1504 2065 tempori
1534 2005 1634 2069 neque
1664 2007 1720 2050 na-

395 2071 489 2165 turae
511 2065 739 2134 subiiciunturs
777 2093 965 2156 quamquam
995 2073 1097 2136 virtus
1124 2095 1254 2158 quoque
1276 2075 1364 2156 ipsa,
1400 2097 1492 2159 quam
1515 2078 1567 2142 M.
1592 2081 1761 2156 Tullius15

393 2173 430 2216 ιιι
445 2168 575 2221 naturae
590 2161 713 2225 ratione
729 2165 910 2240 constituit,
928 2164 1116 2248 quibusdam
1129 2186 1194 2229 nou
1211 2167 1381 2242 naturalis,
1407 2173 1463 2232 sed
1479 2183 1543 2232 tum
1560 2174 1717 2250 doctrina,

395 2258 464 2311 tum
487 2264 573 2315 recta
608 2255 837 2321 exercitatione
867 2257 994 2321 vivendi
1015 2259 1161 2322 videatur
1184 2260 1294 2322 ascita.
1352 2263 1415 2325 Sed
1439 2265 1578 2326 baecita
1601 2266 1718 2329 intelli-

400 2345 503 2424 genda
528 2345 644 2412 divisio
674 2361 740 2424 cst,
771 2353 859 2435 quod
881 2352 982 2415 omnis
1005 2352 1178 2416 auctoritas
1202 2365 1255 2415 aut
1278 2375 1318 2415 ex
1348 2357 1468 2438 magnis
1492 2371 1586 2442 atque
1609 2362 1717 2424 excel·

324 2497 332 2510 ,
395 2433 535 2502 lentibus
555 2443 654 2504 rebus
676 2453 708 2505 et
723 2464 782 2524 per
803 2455 946 2507 natttram
969 2444 1095 2527 optimis
1119 2445 1224 2521 venit,
1250 2457 1304 2508 atu
1325 2448 1365 2507 ab
1388 2447 1444 2526 iis,
1469 2473 1549 2534 quae
1564 2453 1717 2517 inferiore

397 2529 472 2596 loco
501 2543 575 2596 stent
598 2536 796 2611 constituta,
832 2537 928 2600 fidem
952 2559 1016 2602 non
1046 2558 1087 2600 ex
1108 2549 1240 2600 naturae
1263 2539 1433 2620 qualitate,
1472 2547 1527 2606 sed
1550 2566 1590 2609 ex
1614 2547 1758 2629 rutgou

395 2623 498 2688 insitis
532 2628 734 2708 opinionibus
768 2630 865 2711 capit.
923 2633 968 2694 Et
1000 2629 1153 2694 maximas
1183 2631 1307 2711 quidem
1331 2634 1588 2717 excellentesque
1609 2661 1662 2704 res
1684 2642 1715 2703 in

394 2731 508 2784 natura
531 2725 710 2800 constituit,
744 2747 825 2809 quac
847 2746 993 2807 semper,
1024 2735 1059 2788 ut
1079 2723 1148 2807 ipse
1173 2723 1297 2787 'l'ullius
1321 2727 1425 2789 multis
1447 2727 1480 2790 in
1503 2730 1582 2793 locis
1606 2735 1716 2796 delen·

394 2812 459 2890 dit,
484 2815 562 2879 boni
584 2829 631 2880 est
651 2830 816 2901 appetens.
870 2820 916 2884 At
939 2839 1041 2895 vero,
1064 2839 1146 2902 quae
1168 2817 1349 2900 posteriora
1373 2833 1463 2897 sunt,
1487 2823 1546 2884 sub
1569 2835 1714 2906 tempore

393 2908 504 2990 posuit
524 2909 664 2987 idcirco,
690 2913 777 2993 quod
800 2911 903 2975 omnia
924 2913 1062 2995 tempori
1084 2912 1227 2975 subiecta
1249 2911 1435 2996 principalis
1458 2915 1534 2978 boni
1557 2937 1620 2980 non
1636 2921 1714 2982 reti-

392 3013 470 3065 nent
495 3014 623 3068 statum.
682 3006 796 3069 Virtus
829 3006 953 3090 quidem
982 3006 1014 3070 iu
1036 3005 1175 3069 deterius
1196 3005 1282 3070 flecti
1303 3027 1367 3069 non
1389 3019 1517 3088 potest;
1553 3010 1755 3092 ingeniumts

394 3109 593 3182 vernatque
625 3120 723 3182 opes,
759 3099 862 3162 iot-ma
896 3110 928 3162 et
948 3121 1001 3164 ars
1022 3110 1053 3163 et
1075 3121 1150 3163 usus
1172 3120 1267 3182 saepe
1289 3121 1353 3162 nou
1375 3113 1461 3163 recta
1485 3102 1712 3168 exercitatione

394 3193 622 3273 depravantur.
674 3196 758 3257 Nam
780 3193 932 3278 quidquid
953 3197 1068 3257 hortem
1089 3194 1187 3258 inserit
1209 3215 1227 3256 a
1249 3192 1368 3256 virtute
1388 3194 1578 3271 seiunctum,
1609 3197 1712 3282 nigni-

393 3296 489 3348 tatem
512 3308 609 3352 verae
630 3287 732 3352 laudis
755 3287 881 3351 arnittit.
925 3289 970 3352 Et
991 3290 1029 3350 de
1045 3286 1161 3350 virtute
1177 3287 1300 3372 quidem
1316 3288 1437 3351 distulit
1452 3289 1571 3353 dicere.
1594 3291 1712 3355 Poste-

393 3377 514 3444 riorem
534 3404 615 3447 vern
636 3393 778 3464 partem,
802 3381 920 3454 idest,
943 3382 976 3444 in
997 3391 1143 3463 tempore
1164 3381 1288 3463 positae
1310 3381 1523 3457 summitatis,
1556 3381 1661 3447 divisit
1681 3397 1713 3447 et

394 3474 635 3540 evidentissimis
655 3476 805 3559 patefecit
826 3475 991 3556 exemplis.
1043 3476 1124 3538 Nam
1145 3486 1176 3538 et
1197 3474 1333 3558 ingeniis
1350 3477 1427 3538 fides
1447 3477 1535 3538 adest
1558 3487 1652 3560 atque
1671 3500 1709 3540 ex
1723 3497 1753 3546 so

393 3587 430 3629 ea
451 3579 581 3651 praesto
604 3580 652 3632 est
673 3568 844 3634 auctoritas
865 3568 1014 3652 plurima.
1064 3570 1134 3633 Eos
1162 3569 1282 3652 quippe
1304 3569 1475 3652 sapientius
1498 3569 1586 3652 loqui
1608 3571 1711 3634 homi-

392 3683 449 3748 nes
482 3666 630 3737 credunt,
670 3682 805 3745 quorum
840 3661 999 3748 ingenium
1028 3665 1067 3725 ad
1099 3663 1313 3744 expedienda,
1348 3685 1428 3746 quae
1458 3665 1708 3745 proposuerint,

393 3755 518 3820 sufficit.
577 3757 704 3839 Opibus
725 3779 854 3842 qunque
881 3757 1117 3839 praepollentes
1140 3757 1255 3841 dignos
1276 3757 1338 3820 lide
1362 3759 1510 3820 iudicant.
1566 3757 1711 3820 Fortuna

393 3872 521 3936 quoque
543 3863 576 3915 et
607 3850 758 3936 dignitate
779 3850 952 3932 praeclaris
975 3851 1165 3914 snaiestatem
1189 3851 1386 3914 atsctoritatis
1409 3849 1609 3930 impertiunt,
1645 3872 1709 3914 non

389 3957 480 4008 recte
501 3945 660 4009 fortasse:
683 3949 739 4008 sed
761 3957 792 4009 et
812 3943 961 4007 indicium
982 3944 1013 4006 io
1036 3943 1172 4029 negotiis
1195 3955 1225 4006 et
1248 3941 1440 4006 existimatio
1459 3941 1541 4005 vitae
1559 3943 1709 4023 opinione
1720 3963 1751 4012 ss

389 4038 552 4101 bominum
581 4039 718 4104 maxime
747 4038 949 4112 continetur,
983 4058 1063 4122 qnae
1091 4036 1164 4118 qnia
1194 4037 1306 4099 mutari
1329 4036 1383 4098 vix
1412 4046 1539 4116 potest,
1578 4039 1709 4100 adeam

388 4145 501 4195 cuncta
523 4132 639 4218 diriget
661 4154 717 4211 ea,
756 4152 837 4217 quae
866 4129 928 4194 sibi
962 4132 1124 4192 tractanda
1159 4130 1360 4212 regendaque
1393 4140 1553 4210 proponet
1582 4143 1707 4195 orator.

387 4225 457 4288 Ars
489 4226 581 4289 etiam
612 4237 707 4310 atque
735 4246 810 4289 usus
831 4224 999 4309 plurimum
1023 4224 1146 4298 valent3
1183 4223 1214 4285 in
1237 4222 1382 4307 utrisque
1404 4224 1486 4286 enim
1508 4223 1600 4286 fidem
1623 4225 1707 4287 noti·

388 4319 432 4382 tia
456 4319 545 4383 lacit.
587 4320 768 4384 Necessitas
789 4339 917 4404 quoque
938 4317 1028 4401 quasi
1048 4315 1103 4393 id,
1128 4319 1216 4400 quod
1228 4314 1363 4392 latebat,
1388 4326 1581 4398 extorquens
1596 4329 1708 4381 arieto·

387 4413 484 4478 ritate
506 4415 641 4477 subnixa
662 4425 722 4476 est.
780 4413 871 4494 Qum
892 4424 956 4475 tum
989 4412 1029 4474 ab
1051 4410 1176 4485 animo,
1209 4422 1274 4473 tum
1291 4431 1314 4473 a
1337 4410 1528 4491 corporibus
1552 4409 1655 4474 venit:
1688 4432 1749 4484 am

272 4532 282 4546 ·
387 4507 600 4588 corporibus,
625 4528 721 4590 quum
742 4505 829 4592 igni,
852 4506 943 4570 ferro
965 4526 1002 4568 ac
1023 4505 1211 4569 verberibus
1235 4525 1362 4580 verum,
1393 4506 1479 4588 quod
1502 4504 1594 4581 latet,
1630 4525 1705 4586 ape-

385 4601 488 4678 ritur;
521 4602 562 4665 ab
591 4601 715 4678 animo,
749 4623 846 4684 quum
878 4621 965 4663 mens
992 4601 1126 4684 quadam
1155 4597 1403 4679 perturbationis
1430 4599 1482 4661 vel
1505 4597 1703 4682 ignorantiae

384 4693 575 4758 necessitate
597 4693 815 4758 conitenditnr.
872 4695 967 4758 Tunc
986 4691 1088 4768 enim,
1127 4691 1203 4776 quid
1224 4692 1305 4768 dici,
1343 4691 1420 4776 quid
1446 4691 1543 4754 taceri
1569 4694 1702 4765 debeat,
1779 4751 1782 4758 ,

384 4789 511 4854 minime
533 4787 729 4873 distinguens
749 4807 880 4864 versem,
918 4789 1006 4871 quod
1026 4785 1185 4850 occultum
1208 4797 1293 4862 erat,
1327 4786 1434 4868 prodit
1457 4797 1550 4869 atque
1572 4783 1704 4848 effundit

385 4883 419 4948 in
441 4883 557 4948 lucem.
609 4885 692 4948 Nam
714 4881 876 4946 iracundia
896 4901 994 4964 saepe
1015 4891 1047 4944 et
1069 4880 1230 4966 quaelibet
1251 4879 1343 4943 animi
1364 4879 1579 4962 perturbatio,
1617 4880 1747 4963 quodtt

459 5097 506 5155 55.
522 5101 722 5162 praepotentes
740 5092 815 5148 bins.
834 5093 903 5147 Ven.
940 5095 987 5154 37.
1007 5089 1047 5144 od
1063 5109 1124 5144 eom
1143 5091 1219 5146 tulto
1238 5089 1345 5159 diriget
1364 5109 1479 5162 somqrte
1498 5091 1552 5145 etot
1571 5098 1701 5145 tractau-

383 5168 452 5224 dam
469 5169 675 5244 regendamque
691 5171 769 5225 Elnt.
810 5167 857 5230 43.
877 5169 951 5242 quod
966 5167 1023 5222 tut
1032 5207 1041 5240 ,
1058 5167 1133 5241 quod
1151 5173 1275 5221 tractare·
1294 5165 1355 5222 deb.
1373 5170 1461 5224 Paris.
