4434 5959
947 630 1037 698 LIB.
1060 630 1092 698 1.
1600 632 1656 695 lli

356 770 385 833 sl
404 770 530 833 dicetur
548 770 657 835 neseio
683 770 738 856 qrri
758 762 897 855 pallere,
929 765 1023 860 quirun
1045 794 1109 837 non
1131 773 1265 855 pellent:
1294 782 1347 837 atet
1367 771 1399 834 in
1421 766 1508 836 aliem
1532 790 1659 857 quoque

354 864 568 945 susspicione-m
586 865 657 928 desei
684 886 778 946 posse
800 868 1079 939 demonstrabitur,
1108 864 1135 927 si
1155 865 1295 927 dicaturr
1320 867 1409 950 Quin
1424 868 1548 948 pntlet,
1572 866 1659 927 ocei-
1758 933 1765 960 a

355 958 406 1019 dit
428 960 620 1029 bominem:
640 980 735 1040 quum
758 960 799 1021 sit
819 962 923 1042 pallor
943 970 975 1022 et
996 958 1213 1039 aegritudinis.
1259 960 1369 1043 ltaque
1383 960 1408 1021 si
1431 960 1505 1039 qiud
1520 961 1557 1021 sd
1580 980 1658 1021 eon·

355 1050 542 1111 firmandum
565 1052 687 1136 signum
709 1052 804 1114 luerit
825 1056 1001 1133 prolatum,
1024 1054 1071 1114 liis
1086 1053 1226 1136 qrsiuque
1241 1050 1339 1115 modis
1356 1050 1541 1132 reprehendi
1558 1072 1657 1131 opor-

354 1146 446 1209 tebit.
502 1146 598 1223 Quod
620 1146 743 1227 qssidem
765 1164 800 1206 sc
820 1146 850 1207 in
874 1149 1012 1209 seeundo
1034 1146 1117 1208 libro
1139 1150 1176 1208 de
1199 1147 1417 1209 coniecturali
1439 1166 1529 1208 russea
1552 1146 1683 1225 signa-5

354 1238 415 1300 tius
438 1249 644 1300 tractaturum
667 1258 737 1300 esse
758 1240 926 1319 promittit.
970 1238 1193 1321 comparabile
1216 1251 1430 1321 argumentum
1454 1258 1492 1299 ex
1515 1238 1658 1301 similitu·
1713 1250 1717 1265 ·

355 1331 427 1392 dine
448 1332 619 1393 consistit:
643 1333 730 1413 qssod
752 1342 786 1392 ut
806 1334 1033 1411 reprehendas,
1068 1331 1110 1405 id,
1135 1336 1219 1415 quod
1249 1332 1445 1395 adversarius
1467 1332 1567 1394 simile
1589 1354 1657 1395 esse

355 1424 449 1497 vult,
466 1436 500 1484 tu
524 1434 634 1485 eontra
656 1423 799 1486 dissimile
819 1426 948 1487 debebis
966 1446 1119 1487 asserere.
1163 1424 1322 1489 Dissimile
1338 1436 1438 1486 aretem
1461 1425 1594 1506 aliquid,
1619 1445 1659 1485 an

354 1517 453 1579 simile
474 1516 534 1591 sit,
569 1530 644 1578 octo
665 1518 761 1578 rebus
783 1517 973 1590 ostenditur;
1007 1538 1143 1600 genere,
1182 1529 1309 1591 natura,
1340 1519 1389 1590 vi,
1422 1517 1655 1597 magnitudine,

354 1622 518 1691 tempore,
542 1611 636 1680 loco,
659 1630 815 1691 persona,
840 1611 1000 1691 opinione.
1046 1611 1165 1671 Verum
1185 1610 1214 1671 in
1239 1610 1284 1671 bis
1299 1610 1546 1672 aniruaduertere
1562 1612 1656 1671 debe·
1669 1622 1727 1681 tt,

354 1722 441 1775 mus,
466 1703 540 1785 quid
564 1703 761 1764 sdversarius
783 1713 947 1785 comparet
968 1722 1005 1764 ac
1025 1701 1125 1764 simile
1146 1704 1443 1783 esse'persmdeu:
1466 1706 1552 1787 qiiod
1566 1714 1656 1783 post·

353 1816 446 1879 quam
480 1796 752 1876 perspexerimus,
786 1796 862 1861 illutl
893 1795 995 1876 ipsum
1024 1814 1083 1856 nos
1119 1795 1265 1857 dissimile
1292 1796 1439 1858 debenus
1469 1799 1653 1870 ostendere,

352 1892 441 1972 qrrod
464 1888 663 1951 adversarius
685 1886 787 1951 simile
807 1910 877 1952 esse
894 1888 1064 1951 contendit.
1107 1888 1240 1972 Alioqui
1255 1889 1380 1950 stultum
1404 1901 1469 1964 est,
1494 1898 1538 1961 ut,
1561 1910 1656 1971 quirun

353 1981 554 2043 sdversarius
580 2001 631 2042 res
659 1980 742 2043 inter
766 2002 800 2043 se
829 2002 898 2046 esse
927 1982 1008 2042 dicat
1036 1981 1236 2064 similesper
1264 1992 1421 2056 nsturam,
1446 2000 1504 2043 nos
1526 2000 1578 2043 eas
1602 1991 1655 2041 nsit

352 2075 565 2159 magnitudine
593 2094 661 2136 esse
683 2072 819 2136 dicamus
851 2074 1012 2137 dissimiles
1043 2086 1096 2137 aut
1128 2096 1244 2156 genere
1271 2088 1321 2137 uu
1345 2076 1418 2137 loco
1451 2074 1501 2135 vel
1529 2072 1653 2135 ceteris.
1668 2090 1697 2137 ts

352 2170 414 2232 Sed
436 2170 486 2240 id,
511 2170 599 2249 qarod
620 2166 719 2230 simile
741 2188 809 2230 csse
830 2168 944 2230 dicitur
965 2168 995 2229 in
1018 2179 1146 2243 natura,
1171 2188 1228 2229 nos
1250 2179 1360 2241 eontra
1377 2166 1406 2227 in
1422 2168 1527 2228 eadem
1544 2176 1654 2227 natura

351 2259 501 2322 dissimile
520 2262 669 2322 debenms
701 2263 880 2323 ostendere.
931 2260 1025 2338 Quod
1054 2280 1164 2323 rursus
1185 2260 1298 2321 dicitur
1320 2258 1418 2321 simile
1440 2260 1558 2320 esseio
1582 2278 1656 2337 per·

351 2372 446 2426 sons,
481 2373 540 2414 nos
572 2352 602 2413 in
632 2352 738 2414 eadem
773 2372 910 2433 persons
939 2352 1084 2415 dissimile
1115 2372 1183 2414 esse
1209 2356 1387 2414 doceamus.
1442 2350 1526 2415 Octo
1548 2350 1654 2433 itaque

351 2446 452 2508 modis
475 2443 621 2507 dissimile
644 2444 761 2527 aliquid
782 2463 909 2507 necesse
929 2456 976 2507 est
998 2445 1222 2526 comprobari;
1259 2466 1395 2528 genere,
1434 2453 1563 2515 natura,
1604 2441 1651 2515 vi,

352 2536 582 2621 magnitudine,
616 2548 780 2614 tempore,
814 2539 908 2611 loeo,
948 2558 1102 2619 persona,
1139 2538 1299 2619 opinione.
1344 2534 1477 2599 Generis
1498 2534 1652 2615 triplicem
1664 2546 1698 2597 eu

315 2693 323 2706 ,
352 2630 613 2713 significationem
643 2631 758 2693 seimus
794 2652 876 2693 esse.
933 2632 994 2694 Est
1017 2642 1118 2694 sutem
1147 2652 1263 2713 genus,
1298 2631 1417 2704 idest,
1446 2628 1573 2711 sanguis
1601 2638 1654 2689 erit

350 2725 476 2806 patria:
501 2736 549 2787 est
570 2746 689 2808 gensis,
713 2726 772 2787 sub
793 2745 858 2806 quo
880 2724 986 2806 plures
1000 2738 1107 2808 partes
1130 2724 1348 2788 eontinentur:
1371 2733 1419 2785 est
1435 2742 1535 2805 genus
1549 2742 1653 2783 rerum

351 2818 499 2900 epistites.
542 2819 606 2881 Hic
633 2819 738 2901 itaque
765 2838 865 2901 genus
893 2821 956 2880 diso
975 2818 1030 2882 ills
1052 2818 1231 2902 signilient:
1266 2818 1323 2880 sub
1352 2834 1416 2899 quo
1440 2826 1512 2877 seint
1533 2813 1654 2895 species

352 2922 382 2970 et
402 2910 499 2981 illud,
523 2913 608 2993 qrrod
628 2912 806 2993 qsralitatem
828 2911 983 2995 designat.
1027 2914 1135 2975 Genus
1156 2910 1251 2986 illud,
1275 2910 1412 2993 subque
1434 2911 1554 2991 species
1569 2921 1650 2985 suut,

351 3001 392 3063 ita
411 3006 449 3064 ad
471 3002 701 3065 similitudinem
724 3004 864 3079 ducitur,
895 3017 930 3066 ut
951 3005 981 3067 in
1003 3003 1066 3067 boc
1087 3004 1254 3086 exemplo:
1289 3004 1327 3068 Si
1348 3003 1409 3077 iis,
1443 3003 1502 3086 qui
1524 3004 1695 3084 impres-25

351 3094 468 3159 dentes
498 3099 688 3170 lassentur,
711 3094 844 3179 ignosci
861 3108 1011 3180 opor-tet,
1034 3098 1100 3173 iis,
1128 3099 1188 3182 qui
1212 3096 1403 3161 necessario
1419 3092 1650 3177 profuerunt,

351 3189 503 3271 gratiam
525 3188 642 3249 haberi
669 3205 735 3249 non
762 3199 909 3271 oportet.
956 3192 995 3253 ln
1016 3191 1066 3253 bis
1086 3191 1167 3255 enirn
1196 3193 1348 3253 ambobus
1370 3210 1462 3252 uuum
1487 3208 1583 3273 genus
1605 3200 1652 3249 est

352 3281 498 3342 voluntas
520 3282 650 3353 absense
679 3281 766 3342 euius
795 3282 917 3361 species
946 3294 1017 3345 sunt
1036 3282 1243 3365 imprudentis
1265 3294 1296 3343 ct
1318 3282 1499 3345 necessitas.
1542 3282 1652 3363 ltaque

351 3376 428 3435 haee
449 3374 556 3454 speeie
577 3374 718 3448 diversa,
749 3393 864 3455 genere
885 3377 923 3436 ad
944 3376 1171 3439 similitudinem
1195 3375 1397 3448 referuntur3
1434 3374 1463 3436 id
1486 3385 1549 3450 est,
1579 3373 1652 3456 qiris

351 3466 382 3527 in
404 3476 543 3549 utroque
564 3468 676 3528 absens
698 3467 855 3529 voluntas.
898 3468 980 3531 Illud
1002 3478 1103 3533 autem
1120 3488 1237 3553 genus,
1261 3471 1347 3551 qstod
1362 3464 1540 3551 qsralitatem
1554 3465 1699 3550 signi-te

351 3558 441 3634 fleat,
474 3558 655 3633 confertur,
689 3582 785 3642 qrssrm
812 3560 888 3621 utile
908 3560 996 3638 utili,
1031 3564 1195 3626 honestum
1217 3561 1352 3625 honesto
1379 3560 1587 3633 conterimus;
1619 3569 1653 3622 ut

353 3663 454 3733 puta:
485 3654 576 3717 Tam
595 3655 659 3715 troc
681 3653 778 3728 actile,
802 3671 905 3738 quom
929 3654 1034 3727 tuem,-
1061 3668 1132 3718 tom
1146 3658 1207 3719 ison
1221 3656 1416 3725 honestum,
1439 3672 1540 3737 pisam
1554 3652 1650 3715 illud.

352 3744 497 3806 Tertium
519 3744 594 3806 illud
618 3762 734 3828 genus,
771 3748 857 3828 qirod
885 3758 940 3810 ant
967 3748 1147 3831 sanguinem
1183 3748 1318 3811 ostendit
1346 3758 1399 3808 aut
1424 3746 1575 3826 patriam,
1612 3747 1652 3808 ad

351 3838 454 3901 lorum
477 3836 593 3899 referri
614 3838 788 3919 oportebit.
832 3840 954 3902 Natura
976 3853 1077 3904 autern
1099 3842 1263 3905 confertur
1283 3840 1347 3914 ita,
1372 3838 1451 3901 utin
1468 3840 1529 3903 boe
1546 3858 1653 3900 exeni-

350 3930 424 4011 pln‚
463 3930 494 3992 in
527 3930 722 4013 qrrnpopuli
745 3941 945 3995 naturarum
968 3934 1060 3995 maris
1087 3945 1307 4015 eomparatur:
1345 3932 1389 3995 Ut
1410 3952 1504 3995 mare
1525 3930 1694 4012 (inquiuss

350 4026 441 4109 prend
460 4042 526 4086 erra
544 4034 669 4085 notura
682 4023 901 4107 tranquillum
918 4027 981 4100 sit,
1004 4036 1180 4089 ventorum
1197 4026 1230 4089 ui
1243 4024 1373 4105 agitari
1386 4036 1486 4107 atquc
1499 4023 1650 4093 turbaris

350 4119 397 4179 sie
418 4118 459 4181 Ρ.
482 4120 525 4180 tt.
557 4136 621 4177 srsn
641 4127 761 4198 sponte
782 4136 855 4179 esse
873 4120 1066 4199 placatum,
1099 4120 1273 4182 bominum
1300 4117 1540 4181 seditiosorum
1562 4116 1652 4179 noci-

350 4210 429 4284 δια,
464 4222 503 4271 ut
535 4209 784 4271 violentissimis
814 4212 1093 4292 tempestatibus,
1130 4210 1306 4275 concitari.
1361 4211 1436 4271 Vim
1466 4228 1559 4289 saepe
1582 4228 1651 4271 esse

351 4302 484 4365 diximus
506 4301 700 4383 singulorum
724 4303 894 4365 verborum
926 4305 1096 4386 simplicem
1119 4303 1395 4387 significationem
1425 4302 1487 4366 hoc
1507 4312 1555 4365 est
1576 4300 1650 4363 illud

352 4394 458 4457 neseio
480 4394 573 4478 quid,
597 4398 683 4472 qrrod
703 4395 921 4478 intelligimus,
945 4418 1040 4480 qsrsrm
1062 4398 1177 4460 dietum
1201 4398 1295 4463 luerit
1316 4396 1548 4479 saerilegium.
1586 4394 1695 4457 lanu

352 4488 533 4571 magnitudo
562 4488 623 4549 erit
650 4488 746 4569 ipsius
777 4490 824 4551 vis
846 4489 1070 4573 exaggeratio;
1101 4500 1250 4573 utputa:
1280 4488 1511 4573 'Sacrilegium
1531 4499 1649 4549 atrox.

256 4653 257 4656 Ἴ
352 4579 388 4641 lu
409 4582 484 4644 loco
507 4579 610 4663 illam,
640 4602 721 4661 quiae
742 4580 801 4643 iam
824 4584 945 4644 abunde
967 4594 1097 4645 tractata
1121 4595 1187 4659 est,
1220 4583 1398 4667 qualitatem
1422 4580 1482 4643 loci
1504 4578 1651 4663 inspicia-

256 4687 257 4714 l
352 4693 430 4736 inus.
484 4674 624 4754 Tempus
646 4672 750 4737 itidem
772 4675 836 4737 suis
858 4675 1030 4756 inspectum
1053 4696 1175 4756 semper
1196 4675 1339 4756 partibus
1362 4674 1578 4745 conl'ernmus;
1603 4682 1649 4745 ut,

356 4800 749 4825 ——nq-m

422 4872 449 4921 1.
468 4868 528 4935 qul]
549 4865 598 4919 cd.
619 4868 681 4919 Bar.
701 4872 763 4938 quis
782 4868 845 4920 Asc.
867 4894 902 4905 -
921 4884 998 4936 quem
1018 4869 1090 4921 Cett.
1110 4866 1163 4922 Os.

422 4946 449 4998 5.
468 4940 503 4991 de
521 4942 703 4993 coniecturale
721 4943 821 5011 causo]
843 4943 904 4995 Sive
923 4940 955 4993 de
974 4944 1155 4995 coniecturali
1173 4949 1266 5011 statie,
1288 4947 1316 4996 ln
1337 4958 1390 5015 qun
1419 4939 1545 4993 uidelicet
1565 4952 1654 5009 quse-

353 5016 404 5067 etro
422 5029 462 5069 est
482 5014 515 5067 de
536 5014 619 5070 iaceo.
638 5016 721 5070 Cirr.

420 5092 449 5147 9.
468 5106 506 5141 an
525 5090 625 5162 simiis]
646 5094 691 5143 Sic
712 5092 810 5163 scrlpsl
828 5108 879 5164 pro
897 5100 946 5144 aut
965 5109 989 5145 s.
1007 5092 1059 5147 Os.

376 5192 384 5209 ·
418 5168 462 5223 29.
480 5192 519 5208 -
536 5165 656 5217 adversa
676 5166 744 5219 Coti.
766 5168 826 5220 Bas.
