4434 5959
931 624 1024 687 nra.
1046 623 1097 688 ιι.
1420 591 1424 598 ’
1605 623 1664 688 rar

357 763 475 825 traciae
496 779 538 823 ex
561 761 679 842 duplici
709 775 799 844 parte
826 763 920 850 legis.
978 763 1058 826 ltern
1086 784 1146 826 nna
1175 765 1226 826 lex
1255 765 1428 829 contrarias
1449 766 1538 848 leges
1558 764 1665 828 facere

356 867 482 940 potest,
521 857 584 919 boc
605 858 718 920 modo:
758 857 861 938 Quum
884 858 936 919 lex
957 866 1024 929 est,
1062 868 1100 920 ut
1127 858 1179 920 uir
1209 855 1322 942 fortis
1346 870 1442 940 petat
1472 858 1666 939 proemium

357 951 452 1034 qrtod
470 951 578 1024 uolet,
615 962 646 1012 et
679 951 742 1013 duo
764 950 980 1013 adolescentes
1001 947 1058 1011 lilii
1078 949 1208 1012 fortiter
1235 950 1397 1024 iecerunt:
1426 950 1506 1032 petit
1521 949 1666 1034 praemii

357 1042 487 1105 nomine
508 1063 606 1117 unus,
642 1052 677 1103 ut
697 1051 788 1122 pater
811 1042 895 1111 eius,
933 1040 988 1124 qui
1008 1061 1081 1104 reus
1101 1041 1206 1105 iactus
1226 1043 1332 1107 iuerat
1352 1041 1556 1124 proditionis,
1594 1055 1666 1106 antu

357 1134 507 1198 indicium
529 1135 700 1209 liberetur:
736 1136 818 1197 alter
837 1134 935 1214 petit,
964 1145 999 1196 ut
1019 1148 1131 1218 agatur
1152 1135 1312 1200 iudicium.
1355 1138 1404 1200 lta
1427 1157 1469 1198 cx
1490 1157 1550 1198 una
1573 1135 1689 1219 lege‚t

358 1228 485 1292 diversa
506 1229 678 1311 petentium
703 1227 886 1303 voluntate,
923 1226 1010 1309 leges
1040 1227 1218 1292 contrariae
1249 1249 1319 1292 esse
1344 1228 1498 1292 dicentur.
1542 1231 1665 1291 Verum

358 1322 409 1385 lt'u
429 1319 554 1385 omissis
583 1320 708 1384 Tollius
739 1320 862 1393 tenuit,
899 1319 975 1404 qrtid
1002 1319 1065 1382 sint
1093 1319 1181 1405 leges
1210 1321 1405 1384 contrariae:
1442 1322 1553 1385 deinde
1574 1318 1666 1404 pouit

360 1416 538 1496 exemplum
571 1416 610 1478 de
639 1435 699 1488 eo,
737 1412 792 1499 qui
818 1425 983 1493 tyrannum
1018 1412 1194 1489 occiderit,
1233 1425 1266 1478 ut
1306 1415 1474 1498 praemium
1511 1411 1663 1493 accipiat:

359 1508 473 1570 deinde
501 1507 630 1570 alteram
660 1507 762 1588 legem
794 1504 969 1587 proponit,
1004 1515 1040 1567 nt
1070 1516 1206 1584 tyranno
1235 1496 1343 1571 occiso
1366 1507 1503 1592 quinque
1525 1503 1665 1586 proximi

359 1599 512 1684 sangnine
523 1600 768 1663 interficiantur:
780 1598 891 1661 ‹leimle
903 1597 1021 1680 reliqna
1033 1611 1202 1681 praecepta
1216 1601 1269 1661 dat
1280 1601 1487 1664 communiter
1501 1598 1532 1661 in
1547 1609 1664 1660 utram·
1677 1613 1707 1664 to

359 1715 423 1777 qne
444 1705 581 1776 partein.
634 1692 759 1758 Etenim
788 1713 883 1775 qrtum
911 1692 1019 1753 ambae
1047 1702 1155 1772 partes
1183 1692 1255 1776 lege
1277 1693 1431 1769 nitantur,
1470 1712 1550 1775 qttae
1571 1709 1664 1772 prae·

359 1799 454 1870 cepta
475 1789 546 1849 «lata
567 1777 685 1850 inerint
706 1785 759 1848 nni
783 1784 883 1866 parti,
907 1785 946 1845 ad
968 1783 1097 1846 alteram
1120 1797 1260 1866 partem,
1289 1807 1369 1869 qrrae
1391 1787 1482 1862 etiam
1504 1785 1571 1865 ipsa
1594 1784 1665 1866 lege

359 1884 497 1957 nitetur,
526 1891 696 1962 praecepta
725 1881 830 1942 eadem
860 1875 1107 1939 transferentur:
1145 1875 1267 1963 eritque
1290 1879 1343 1941 tini
1365 1877 1478 1961 cuique
1500 1878 1665 1960 partibor:

359 1975 554 2059 principale,
590 1985 623 2036 nt
644 1993 731 2035 suam
753 1972 855 2055 legem
877 1970 999 2043 laudet,
1036 1969 1212 2034 adversarii
1234 1971 1411 2055 vituperet,
1443 1972 1663 2052 reprehendat.

360 2069 436 2134 Erit
461 2086 543 2151 ergo
571 2077 723 2128 tractatus
755 2063 841 2138 talis,
877 2072 948 2124 utra
976 2061 1084 2126 utilior
1112 2064 1165 2126 lex
1194 2065 1251 2142 sit,
1291 2077 1360 2128 utra
1379 2065 1563 2137 honestior,
1594 2073 1706 2128 utrm

360 2161 463 2246 magis
484 2157 678 2233 necessaria,
701 2169 772 2220 utra
792 2158 832 2218 au
856 2175 906 2219 res
921 2154 1029 2236 plures
1049 2157 1226 2237 pertineat,
1251 2169 1322 2222 utra
1343 2161 1383 2220 ad
1405 2156 1569 2232 maximas,
1594 2165 1666 2216 utra

361 2255 415 2317 lex
436 2253 601 2335 posterior
621 2252 678 2326 sit:
714 2251 826 2314 melior
846 2249 926 2312 enim
947 2269 1027 2331 qnae
1058 2249 1236 2330 posterior:
1270 2263 1340 2314 utra
1362 2251 1414 2316 lex
1433 2250 1556 2324 iubeat,
1595 2257 1666 2309 utra

359 2347 540 2430 permittat,
569 2357 637 2408 utra
668 2356 776 2406 vetet:
806 2345 888 2422 (nam
915 2340 1021 2403 iubet:
1058 2344 1224 2405 Desertor
1247 2343 1356 2426 capite
1379 2345 1563 2427 puniatur:
1590 2361 1665 2423 per-

362 2441 476 2504 mittit:
499 2439 703 2503 Adulterum
722 2457 800 2499 curn
812 2436 969 2498 adultera
986 2435 1085 2497 liceat
1099 2436 1281 2514 occiderer)
1303 2437 1414 2500 deiude
1432 2447 1502 2499 utra
1521 2437 1572 2498 lex
1587 2454 1665 2515 poe-

362 2556 435 2596 nam
457 2532 626 2595 constituat
647 2531 693 2604 ei,
716 2527 770 2612 qtri
791 2548 854 2592 non
876 2530 1090 2607 obtemperet,
1115 2539 1184 2589 utra
1207 2529 1355 2592 maiorem
1378 2551 1531 2612 poenam:
1554 2527 1708 2589 deindett

361 2639 432 2688 utra
454 2627 508 2688 lex
528 2623 651 2699 iubeat,
675 2634 745 2685 utra
768 2631 864 2683 vetet.
908 2620 946 2682 ln
969 2640 1009 2683 eo
1030 2619 1130 2695 enim,
1155 2625 1242 2704 quod
1262 2622 1386 2686 iubetur
1406 2635 1438 2686 et
1459 2619 1664 2704 permittitur,

363 2718 454 2801 qtrasi
475 2739 568 2778 ιιιιιιιιι
591 2736 688 2799 genus
711 2715 769 2789 sit:
792 2712 984 2778 contrarium
1006 2726 1054 2776 est
1075 2713 1104 2776 io
1127 2736 1179 2789 eo,
1204 2717 1289 2797 quod
1311 2728 1446 2779 vetatur.
1490 2715 1611 2777 Verum
1633 2711 1665 2772 in

362 2833 404 2875 eo
425 2813 514 2896 qttotl
535 2809 706 2890 imperatur
726 2818 758 2869 et
779 2805 986 2889 permittitur,
1023 2806 1064 2869 sit
1084 2807 1269 2883 diversitas,
1303 2832 1395 2893 qttam
1423 2805 1663 2888 supraposuit:

363 2927 460 2988 qrrtsm
482 2902 617 2965 illiceat
639 2901 826 2975 necessitas,
865 2900 917 2961 bic
936 2899 1043 2961 utendi
1065 2902 1234 2963 uoluntas:
1273 2913 1304 2964 at
1325 2904 1373 2965 bis
1394 2903 1517 2964 dnobus
1539 2909 1665 2962 contra·

362 2999 444 3060 rium
467 3009 533 3071 est,
563 2999 650 3080 qrtod
671 3006 813 3058 vetatur:
846 3002 900 3066 nt,
923 2993 1075 3084 Infamia
1099 3013 1141 3056 ne
1163 2993 1301 3057 militet:
1327 3007 1378 3070 ut,
1402 2992 1596 3076 Impudicus
1625 3003 1707 3051 neus

363 3090 592 3154 concionetur,
635 3088 746 3151 Maior
768 3097 816 3149 est
836 3089 937 3148 autem
959 3084 1129 3149 auctoritas
1152 3086 1248 3171 legis,
1272 3109 1352 3170 qnae
1367 3099 1468 3160 vetat,
1491 3077 1583 3170 qtiatn
1599 3083 1663 3158 ills,

364 3205 446 3269 qttae
467 3183 614 3264 imperat.
658 3181 768 3246 Omnis
788 3179 868 3242 enirn
887 3179 952 3254 lex,
982 3199 1061 3262 qrrae
1094 3190 1196 3256 vetat,
1229 3179 1345 3244 lortior
1367 3191 1555 3261 propterea,
1593 3175 1668 3260 quia

363 3276 501 3356 corrigit
521 3275 623 3350 illam,
657 3295 738 3358 qrtae
764 3284 817 3335 ant
837 3270 987 3352 permittit
1007 3283 1060 3334 aut
1083 3272 1231 3353 imperat.
1281 3273 1404 3336 Etenim
1426 3293 1520 3356 quum
1542 3291 1664 3335 omnem

363 3370 523 3435 bominem
552 3369 590 3429 ad
612 3367 795 3428 concionem
816 3365 923 3428 venire
944 3365 1034 3428 liceat
1055 3377 1087 3427 et
1120 3365 1160 3428 sit
1181 3367 1258 3428 baec
1280 3366 1350 3441 lex,
1384 3386 1464 3450 qnae
1482 3365 1570 3450 quasi
1593 3387 1665 3447 per-

363 3463 486 3538 mittat,
511 3462 607 3533 baec,
631 3481 710 3542 qtrae
726 3455 989 3547 retat(1nfnmis
999 3480 1040 3522 ne
1054 3459 1284 3538 concinuntur)
1300 3459 1435 3544 corrigit
1450 3458 1533 3522 illam
1549 3458 1663 3543 legem,
1677 3465 1708 3516 ³⁰

363 3577 430 3638 qna
449 3565 504 3617 aut
525 3555 649 3616 iubetur
676 3551 794 3635 aliqnid
816 3562 868 3612 aut
888 3551 1092 3632 permittitur.
1147 3552 1270 3616 Deinde
1292 3553 1572 3628 considerandum,
1596 3565 1666 3616 utra

363 3649 417 3710 lex
438 3650 478 3710 de
504 3657 594 3728 parte
620 3645 791 3707 constituta
815 3643 876 3717 sit,
910 3653 980 3705 utra
1004 3646 1042 3707 ‹le
1063 3643 1148 3707 omni
1172 3647 1221 3708 rel
1251 3666 1286 3709 re
1312 3647 1363 3708 vel
1392 3657 1484 3719 actu,
1519 3656 1586 3707 utra
1615 3645 1667 3707 lex

362 3739 546 3822 specialiter
564 3739 682 3819 scripta
708 3739 766 3811 nit,
801 3747 869 3798 utra
897 3735 1104 3819 generaliter:
1136 3737 1246 3801 melior
1273 3738 1372 3814 enim,
1397 3759 1476 3821 quae
1497 3740 1536 3800 ‹le
1562 3737 1668 3818 specie

363 3834 482 3916 scripta
505 3845 571 3905 est,
592 3853 654 3894 non
674 3828 897 3904 conrintiniter3
931 3841 961 3892 et
983 3839 1032 3891 est
1052 3831 1276 3904 communiter,
1308 3843 1355 3906 nt,
1382 3831 1562 3896 Horriinem
1581 3832 1668 3896 occi-

362 3927 444 3989 dere
463 3947 506 3988 ne
522 3927 636 3998 licent:
659 3922 859 4004 specialiter:
884 3919 1006 3988 Virum
1012 3921 1157 4013 sorren:
1180 3925 1331 3988 occidere
1351 3944 1392 3986 ne
1411 3924 1528 3997 licent,
1552 3937 1583 3987 et
1605 3924 1664 3986 alia
1678 3931 1711 3980 ³5

363 4017 554 4081 huiusmodi.
612 4017 733 4080 Deinde
760 4013 1033 4092 considerandum,
1065 4038 1106 4079 ex
1134 4038 1195 4101 qua
1225 4019 1295 4100 lege
1325 4015 1426 4080 statim
1458 4017 1527 4080 lieri
1552 4016 1668 4100 aliquid

368 4123 421 4173 aot
437 4131 502 4174 non
522 4110 590 4172 lieri
610 4129 735 4172 necesse
757 4107 814 4180 sit:
838 4119 869 4170 et
887 4128 927 4170 ex
947 4130 1008 4194 qna
1029 4108 1069 4172 sit
1088 4109 1190 4194 aliqua
1214 4111 1354 4172 tarditas.
1399 4113 1479 4174 Nam
1500 4121 1547 4171 est
1569 4109 1667 4171 tardi·

367 4215 435 4280 tas,
467 4214 504 4266 ut
530 4202 561 4265 in
589 4203 642 4265 illa
665 4204 756 4285 lege:
785 4205 938 4284 Legatos
958 4202 1053 4265 intro
1066 4204 1156 4266 diem
1179 4203 1391 4284 trigesimum
1410 4202 1668 4286 proficiscatur.

369 4295 461 4359 Haec
478 4296 580 4360 omnia
602 4317 696 4377 quirin
718 4295 799 4357 ‹licta
819 4293 956 4370 inerint,
980 4316 1110 4378 operam
1134 4299 1208 4358 dare
1230 4299 1323 4358 debet
1344 4317 1403 4359 rina
1420 4315 1562 4381 quaeque
1584 4315 1668 4375 pars,

367 4411 451 4472 quae
472 4410 533 4472 pro
559 4389 631 4472 lege
658 4409 713 4451 aua
737 4387 863 4462 nititur,
893 4387 938 4450 nti
962 4389 1074 4452 doceat
1107 4389 1209 4472 legem
1231 4410 1316 4450 stratu
1341 4401 1373 4452 et
1402 4389 1512 4451 iustam
1529 4411 1609 4453 ¹essu
1638 4395 1711 4452 ello

369 4495 530 4565 apertam,
560 4483 813 4548 adversariorum
841 4495 942 4546 autern
972 4483 1023 4547 vel
1051 4483 1194 4547 iniustam
1225 4484 1272 4546 vel
1302 4487 1469 4548 obscuram
1494 4482 1668 4565 velfambi·

1251 4629 1674 4646 ——o-——u-fl

465 4716 493 4765 1.
510 4711 671 4758 contrarias
688 4706 776 4774 leges]
796 4703 978 4782 ἁνιινομίαν
996 4703 1097 4758 emet
1117 4703 1240 4758 rhetores
1261 4719 1366 4757 vocant.
1387 4703 1470 4758 Cirr.

463 4785 489 4838 7.
508 4780 775 4850 Ιομιιοιιενιινίιιε]
795 4779 959 4858 ἀνιινομία
977 4777 1080 4832 dicitur
1098 4795 1114 4830 ι
1134 4779 1248 4834 Graeci:
1268 4781 1431 4831 rhetoribus.
1451 4783 1532 4837 Cirr.

445 4865 491 4912 ιο.
507 4859 630 4926 proximi
649 4859 795 4923 sangiune]
817 4863 878 4908 Asc.
898 4883 933 4896 -
948 4871 994 4924 pr.
1006 4852 1099 4923 facile
1117 4853 1188 4908 cod.
1206 4855 1268 4907 Bas.
1288 4853 1356 4908 Edd.
1375 4869 1441 4907 cett.
1461 4855 1524 4912 Os..
1620 4905 1624 4914 .

445 4933 490 4987 13.
505 4928 732 5000 transferentur]
753 4929 821 4983 Cod.
842 4932 903 4982 llas.
921 4953 956 4970 ··
974 4929 1190 5000 transferuntur
1210 4927 1276 4984 Edtl.
1296 4929 1349 4983 On.

444 5011 492 5060 22.
510 5021 599 5072 penus
615 5011 654 5055 sr'e
673 5035 691 5048 -
709 5036 729 5048 -·
748 5011 785 5055 rr't
803 5005 842 5071 al]
863 5003 975 5056 Videtur
992 5003 1044 5076 lep.
1063 5021 1153 5072 gentes
1165 5001 1208 5076 fit
1228 5033 1243 5046 -
1262 5033 1279 5046 -
1292 5003 1335 5076 fit
1355 5003 1412 5058 diu.
1432 5002 1485 5061 0⁸.

446 5086 492 5136 2⁸.
510 5083 645 5150 corripit]
666 5079 716 5132 cd.
739 5083 799 5132 lter.
818 5084 881 5132 Asc.
900 5079 941 5131 St.
963 5078 1020 5132 std.
1040 5107 1076 5121 -
1094 5085 1223 5145 corrigat
1242 5078 1327 5152 Capp.
1347 5079 1402 5136 0⁸·

446 5155 495 5214 we
513 5153 604 5224 d'ffl]
625 5153 673 5209 8ίο
691 5157 801 5229 'i'fiPflio
824 5183 855 5197 -
875 5151 975 5208 d‘bffa‘
994 5151 1045 5211 cd·
1064 5155 1127 5209 Bn-
1146 5151 1215 5210 Edd·
1234 5151 1288 5208 02·
