4434 5959
897 643 989 708 LIB.
1013 642 1061 707 11.
1584 640 1646 707 29³

325 780 528 845 extrinsecus
545 782 681 859 assumi,
707 804 840 868 eumque
857 783 981 860 locum,
1006 782 1060 867 qui
1077 782 1212 865 inipso,
1237 787 1276 846 de
1295 806 1362 869 quo
1376 784 1499 869 agitur,
1522 786 1643 858 haeret,

321 876 356 938 in
381 888 533 960 quattuor
554 877 677 958 specics
699 877 816 953 secuit,
852 876 972 953 idest,
1010 886 1142 952 aloto,
1179 877 1383 959 apartibus,
1420 893 1567 953 anota,
1604 880 1646 941 ab

322 970 466 1033 affectis:
501 970 721 1052 superioribus
743 972 866 1054 quidem
890 972 992 1033 tribus
1015 970 1157 1053 exempla
1177 971 1330 1049 strisiecit,
1355 992 1436 1054 quiae
1456 993 1514 1035 nos
1539 971 1645 1052 primo

322 1063 486 1126 volumine
508 1076 656 1145 quantum
673 1064 843 1148 diligenter
863 1063 934 1127 lieri
954 1062 1057 1145 potuit
1076 1064 1317 1146 explicavimus.
1361 1067 1475 1129 Restat
1489 1064 1516 1127 is
1538 1064 1644 1138 locus,

322 1178 419 1242 quem
442 1156 551 1239 posuit
578 1168 743 1241 quiartum,
779 1156 898 1233 idest,
932 1158 972 1219 ab
995 1156 1128 1220 affectis.
1184 1157 1289 1222 Huius
1317 1175 1413 1241 qurum
1444 1158 1558 1221 miritae
1582 1155 1676 1219 sinti.

322 1250 466 1331 species,
496 1250 613 1333 integri
635 1261 730 1334 atque
751 1248 877 1313 indivisi
905 1250 1046 1333 proponi
1079 1272 1144 1315 non
1173 1250 1280 1332 potuit
1312 1250 1507 1333 exemplum.
1561 1252 1643 1313 Nam

323 1364 461 1427 quorum
490 1342 632 1406 iacienda
663 1342 793 1423 partitio
824 1354 889 1417 est,
928 1344 1037 1408 melius
1064 1366 1123 1427 per
1150 1345 1277 1427 singnis
1306 1346 1446 1407 membra
1480 1340 1645 1425 dispositis

324 1434 511 1518 aperiuntur
529 1436 695 1518 exemplis.
739 1438 836 1499 Hune
858 1437 956 1521 igitur
987 1426 1233 1503 toentn'dtvtdir
1262 1440 1326 1502 hoc
1353 1440 1473 1501 modo:
1510 1438 1642 1513 Locus,

323 1531 381 1613 quai
403 1553 443 1594 ex
465 1530 585 1594 allectis
606 1541 672 1605 est,
696 1531 810 1613 partim
831 1552 872 1593 ex
891 1530 1090 1615 coniugatis,
1114 1531 1228 1613 partim
1251 1552 1292 1593 ex
1308 1551 1446 1615 genere,
1469 1530 1583 1611 partim
1602 1552 1644 1594 ex

323 1627 429 1689 forma
451 1624 628 1699 descendit,
653 1644 692 1687 ex
715 1623 916 1687 similitudine
938 1624 1030 1687 etiam
1056 1624 1103 1687 vel
1127 1646 1167 1688 ex
1187 1625 1362 1689 differentia
1385 1622 1434 1685 vel
1450 1642 1493 1685 ex
1514 1634 1688 1689 contra-tt

323 1719 393 1795 rio,
427 1739 489 1780 nee
516 1738 580 1781 non
611 1738 652 1780 ex
679 1716 876 1791 coniunctis,
916 1740 958 1780 ex
986 1717 1242 1781 antecedentibus
1263 1731 1295 1781 et
1316 1716 1589 1799 consequentibus
1611 1727 1643 1778 et

320 1809 595 1895 repugnantibus,
619 1830 659 1873 ex
682 1808 783 1873 causis
801 1809 894 1872 etiam
911 1820 1005 1893 atque
1028 1832 1069 1873 ex
1090 1810 1213 1874 effectis
1227 1832 1392 1880 caussarum
1409 1818 1442 1871 et
1457 1832 1498 1875 ex
1513 1829 1644 1889 eotnpa·

322 1904 448 1967 ratione
470 1903 623 1967 maiorum
647 1916 701 1968 aut
723 1904 845 1985 parium
869 1905 920 1967 vel
943 1904 1118 1979 minorum;
1148 1927 1229 1988 quiae
1257 1906 1361 1968 omnia
1385 1908 1510 1972 'stellius
1532 1903 1643 1987 paullo

320 2008 401 2081 post
422 1996 685 2061 convenientibus
706 2020 812 2061 rerum
846 1997 1096 2061 similitudinibus
1126 1996 1276 2062 illustrat.
1336 2002 1431 2063 Nune
1451 2001 1528 2064 illud
1549 1994 1643 2059 nobis

321 2092 490 2155 dicendum
513 2102 580 2166 est,
613 2114 695 2177 quiae
717 2092 758 2156 sit
780 2092 965 2155 affectorum
988 2103 1099 2153 natura
1130 2103 1163 2155 et
1192 2091 1269 2177 quid
1297 2094 1434 2157 babeant
1461 2089 1689 2175 proprius-ts

320 2188 376 2249 tis.
422 2186 501 2247 Sunt
522 2185 604 2248 enim
624 2186 754 2263 affecta,
786 2206 867 2269 qnae
887 2188 1124 2269 qrtodarumodo
1147 2188 1187 2249 ad
1208 2186 1327 2270 aliquid
1349 2188 1466 2250 relerri
1488 2193 1641 2269 possunt,
1691 2204 1707 2271 ’-

322 2284 365 2344 ad
379 2280 422 2356 id,
447 2282 489 2343 ad
504 2282 589 2362 quod
605 2280 799 2343 reseruntur.
831 2278 944 2345 Onmia
968 2299 1060 2355 vero,
1084 2300 1223 2362 quaese
1245 2279 1347 2363 aliqua
1370 2280 1525 2346 relatione
1541 2272 1642 2359 respi-

317 2374 427 2449 ciunt,
465 2384 520 2434 aut
542 2370 640 2435 amica
663 2373 744 2435 inter
765 2392 800 2435 se
821 2384 875 2434 aut
897 2371 1077 2435 dissidentia
1099 2372 1321 2436 conseruntur.
1376 2374 1411 2436 Si
1433 2378 1552 2438 amica:
1592 2372 1644 2435 vel

317 2466 587 2539 substantialiter,
622 2478 655 2529 ut
678 2488 797 2547 gentas,
829 2466 954 2541 foruna,
990 2467 1224 2542 antecedentia,
1256 2468 1502 2553 consequentia,
1526 2482 1647 2541 causa,
1764 2544 1768 2552 .

316 2562 473 2632 effectus3
510 2560 562 2623 vel
583 2558 615 2621 in
638 2558 809 2641 qualitate,
834 2569 868 2620 ut
890 2557 1118 2643 coniugatum,
1141 2559 1261 2637 simile,
1286 2561 1514 2634 coniunctnm3
1538 2560 1588 2621 vel
1609 2557 1642 2621 in
1652 2576 1690 2634 ιο

317 2652 515 2735 quantitate,
554 2664 588 2714 ιιι
609 2652 712 2734 paria.
758 2653 848 2732 Quae
870 2673 950 2715 vero
972 2651 1033 2715 sibi
1055 2652 1235 2716 dissidentia
1257 2652 1487 2728 conseruntur,
1526 2653 1640 2733 partim

317 2770 335 2811 a
361 2768 396 2810 se
426 2746 601 2810 differentia
627 2758 699 2809 sunt
719 2758 862 2821 tanturn,
895 2744 1010 2827 partim
1033 2748 1187 2810 adversa:
1226 2749 1282 2811 sed
1316 2748 1449 2809 adversa
1471 2745 1587 2828 partim
1610 2743 1643 2807 in

317 2840 491 2925 qualitate,
514 2852 548 2903 ut
570 2840 729 2903 contraria
754 2840 802 2902 vel
825 2838 1052 2923 repugnantia,
1076 2838 1245 2922 partimin
1267 2842 1461 2923 quiantitnte,
1485 2851 1519 2900 ut
1542 2835 1642 2899 maius

319 2944 376 2997 aut
399 2934 512 2997 minus.
557 2933 648 3013 Quae
668 2954 765 3017 quum
788 2932 830 2995 ita
851 2933 930 3008 sint,
956 2933 1155 2997 manifestum
1178 2946 1246 3012 est,
1271 2945 1302 2997 et
1317 2934 1415 2995 amica
1438 2932 1498 2995 sibi
1520 2951 1643 3015 cogna-

306 3028 418 3092 tionis
451 3027 606 3091 relatione
636 3026 809 3111 coniungi,
841 3037 873 3089 et
900 3025 1079 3090 dissidentia
1101 3027 1166 3090 hoc
1186 3027 1280 3109 ipso,
1315 3028 1403 3109 quod
1424 3024 1485 3088 sibi
1508 3026 1686 3097 adversaas

321 3122 405 3197 siut,
438 3124 477 3183 ad
499 3142 533 3183 se
555 3119 687 3183 invicem
711 3120 901 3202 comparari.
955 3122 1036 3182 Nam
1059 3141 1142 3201 qrtae
1164 3120 1263 3184 amica
1285 3131 1378 3194 sunt,
1413 3113 1642 3181 amicisamica

319 3226 414 3291 seint,
444 3227 477 3277 et
498 3213 678 3277 dissidentia
702 3234 720 3277 a
744 3212 964 3277 dissidentibus
986 3212 1150 3279 dissident.
1204 3214 1255 3277 lta
1276 3214 1373 3297 igitur
1394 3222 1426 3275 et
1449 3230 1549 3296 gerru
1570 3207 1643 3271 lor·-

320 3330 392 3372 mae
414 3328 513 3393 genus
535 3318 600 3384 est,
639 3317 671 3370 et
699 3307 802 3371 lorma
833 3306 959 3391 generis
987 3308 1112 3383 lorrna,
1147 3318 1180 3370 et
1207 3305 1421 3370 antecedentia
1443 3322 1644 3385 consequen-

318 3404 419 3475 tium,
457 3412 489 3463 et
510 3400 736 3483 consequentia
758 3400 1025 3489 antecedentium,
1059 3412 1090 3464 et
1120 3420 1235 3464 causae
1255 3402 1423 3465 effectuum
1446 3419 1580 3473 canisae,
1609 3408 1642 3459 et

318 3496 452 3559 effectus
464 3512 628 3557 causarum
641 3495 785 3569 eliectus,
802 3504 833 3555 et
845 3494 1013 3578 coniugata
1023 3491 1201 3577 coniugatis
1211 3492 1381 3577 coniugata
1390 3505 1475 3565 auru,
1493 3505 1524 3554 et
1538 3490 1685 3559 similest

318 3585 415 3651 simili
430 3585 542 3659 simile,
567 3598 598 3649 et
616 3586 818 3650 coniunctum
837 3585 1008 3650 coniuncto
1030 3586 1244 3662 coniunctum,
1268 3598 1299 3649 et
1320 3586 1411 3669 paria
1431 3584 1563 3667 paribus
1582 3605 1641 3666 pa·

316 3683 387 3755 ria,
413 3692 445 3743 et
466 3680 643 3745 differentia
664 3679 880 3743 differentibus
901 3678 1098 3757 differentia,
1120 3692 1152 3743 et
1174 3679 1485 3755 maioraminoribus
1508 3679 1639 3754 maiora,

317 3785 351 3839 et
375 3773 495 3836 minora
520 3773 691 3837 maioribus
715 3772 835 3837 minora
857 3782 950 3847 sunt,
974 3784 1004 3833 et
1028 3773 1187 3835 contraria
1210 3774 1379 3837 contrariis
1402 3772 1585 3850 contraria,
1609 3785 1642 3835 et

320 3864 532 3949 repugnantia
556 3868 806 3949 repugnantibus
827 3864 1036 3949 repugnantia
1051 3878 1136 3928 seint.
1179 3866 1305 3931 Affecta
1322 3866 1420 3950 igitur
1433 3878 1519 3942 ssent,
1543 3888 1637 3951 quiae,

318 3966 416 4045 qiuuu
440 3981 456 4021 a
478 3958 667 4023 seinvicem
690 3960 814 4022 diversa
837 3958 916 4029 sint,
941 3961 981 4020 ad
1002 3979 1035 4021 se
1056 3956 1191 4023 inuicem
1214 3971 1317 4021 tamen
1334 3959 1528 4023 referuntur.
1574 3962 1639 4022 Sed
1649 3986 1684 4034 ιι

317 4074 386 4134 qim
409 4052 520 4115 ordine
544 4051 667 4116 'l'uilius
689 4052 835 4133 superins
858 4050 1024 4133 descripsit
1048 4052 1156 4128 locos,
1191 4074 1250 4116 nos
1272 4053 1470 4115 definitiones
1493 4053 1638 4118 omnibns

317 4166 529 4227 apponemus.
585 4146 710 4209 Eorum
732 4145 850 4229 igitur,
885 4166 966 4228 quae
996 4148 1035 4207 ad
1056 4167 1091 4208 se
1113 4143 1247 4209 invicem
1269 4147 1381 4209 affecta
1403 4146 1570 4220 dicuntur,
1605 4144 1637 4207 in

318 4238 372 4303 M.
396 4237 495 4301 'l’ullii
516 4237 726 4320 disputatione
748 4239 846 4321 prima
870 4252 942 4303 scrut
964 4239 1146 4323 coniugata.
1197 4240 1325 4303 Scilicet
1346 4240 1514 4321 coniugata
1538 4258 1636 4309 voco,

317 4351 528 4416 quaecunque
551 4334 591 4395 ab
614 4353 678 4396 uno
701 4332 827 4397 nomine
851 4333 938 4397 varia
959 4332 1145 4414 prolatione
1160 4333 1355 4407 vfleetuntur,
1390 4342 1425 4394 ut
1447 4354 1464 4394 a
1486 4331 1638 4395 iustitio:

315 4426 451 4500 imina,
476 4426 623 4503 iustum,
647 4426 750 4491 iuste.
794 4426 884 4489 Haec
907 4427 988 4491 inter
1010 4448 1044 4489 se
1066 4448 1200 4510 cumque
1222 4426 1290 4507 ipsa
1314 4424 1449 4499 iustitia,
1475 4426 1556 4488 tande
1580 4444 1637 4485 ιο.
1648 4434 1683 4484 ιο

317 4538 389 4579 ιιιιιι
415 4519 603 4581 vocabulum
625 4518 736 4594 flirxit,
762 4520 928 4603 coniugata
945 4520 1104 4583 dicuntur.
1149 4522 1259 4583 Genus
1283 4540 1379 4593 vero,
1403 4520 1489 4603 quod
1505 4521 1544 4583 de
1559 4518 1637 4580 mul·

316 4608 359 4670 tis
381 4608 488 4690 speeie
510 4610 730 4675 differentibus
745 4612 775 4675 in
799 4634 851 4687 eo,
876 4615 963 4697 qnod
984 4613 1058 4696 quid
1080 4625 1143 4689 est,
1159 4614 1380 4695 praedicatum
1404 4613 1492 4675 velut
1507 4611 1639 4674 animal

316 4700 433 4765 dicitur
462 4704 500 4765 de
521 4703 656 4767 leontiae
679 4717 774 4790 atque
794 4728 900 4789 epau),
936 4728 1016 4790 quiae
1037 4708 1143 4791 specie
1164 4707 1333 4781 differunt,
1369 4719 1399 4770 et
1421 4708 1452 4770 in
1474 4728 1527 4781 eo,
1550 4706 1639 4789 quod

315 4794 476 4877 quidest,
501 4796 721 4878 praedicatur:
751 4798 1024 4883 interrogantibus
1045 4800 1126 4865 enim
1157 4802 1268 4877 nobis,
1301 4801 1379 4884 qiud
1400 4800 1440 4865 sit
1460 4803 1564 4864 bomo
1587 4796 1638 4863 vel

394 5032 439 5085 99.
470 5046 573 5082 comae
605 5024 650 5101 eff
676 5032 885 5100 causae1l'iint.
906 5062 939 5077 -·
959 5023 1046 5085 coemi
1065 5028 1111 5102 ‘ff
1131 5050 1217 5085 enema
1237 5030 1304 5085 Edu.
1342 5038 1389 5094 52.
1408 5027 1560 5085 minoribus
1579 5031 1636 5079 -·'

315 5104 483 5177 maioribus]
503 5106 577 5159 Eine.
599 5106 674 5160 Bais.
698 5136 727 5147 -
756 5108 909 5159 maioribus
927 5138 942 5150 -
961 5138 979 5149 -
999 5108 1239 5162 masmunster.
1259 5108 1344 5161 Parta.
1389 5112 1436 5168 58.
1454 5116 1520 5159 aunt
1537 5112 1635 5159 contu«.

315 5189 406 5251 gata,
424 5178 477 5233 seri
494 5184 575 5271 coni,
586 5200 657 5236 uoco
676 5182 754 5237 liius.
778 5182 847 5239 Vera.
867 5191 1005 5252 -sunt,
1025 5188 1099 5239 sont.
1116 5200 1199 5255 voco,
1217 5186 1328 5239 omissis
1347 5181 1538 5250 intermediis,
1557 5184 1635 5241 aaa.
