4434 5959
493 558 555 624 1¹8
701 612 705 620 .
921 556 1207 627 VICTORINUS
1234 555 1327 623 LIB.
1351 557 1381 624 1.

493 694 650 783 gnationis
665 696 798 781 primum
809 696 915 764 locum
930 711 1017 764 recte
1032 698 1220 782 sumpserit,
1244 700 1331 783 quod
1347 722 1387 763 ex
1402 700 1497 763 rebus
1509 698 1652 764 omnibus
1667 722 1683 765 s
1704 699 1814 763 numi·

492 792 584 853 nibus
601 792 696 854 traxit
713 792 898 856 exordimur
921 797 976 857 sed
998 796 1046 873 (ut
1067 792 1216 873 diximus)
1238 791 1270 855 in
1293 795 1354 855 hoc
1375 794 1518 856 locorum
1542 812 1673 860 numero
1696 816 1811 873 restim

492 885 634 949 ordinem
657 886 734 949 noio
757 908 960 968 quaeramus,
990 887 1047 949 sed
1068 910 1108 947 ex
1134 907 1222 950 ruore
1253 886 1475 950 nranisestioris
1503 885 1665 969 praecepti
1687 888 1811 951 fuctum

493 999 564 1041 esse
594 978 833 1042 ruerrrinerimus.
888 980 955 1043 Iam
976 980 1043 1061 ¹ipsi
1072 979 1136 1045 loci
1171 979 1338 1063 diligenter
1378 980 1613 1060 inspicientibus
1650 978 1815 1046 manifesti

468 1086 582 1145 ssirot3
606 1073 637 1135 id
658 1084 724 1147 est,
761 1092 831 1149 res,
870 1094 950 1159 quiae
972 1073 1229 1154 praecipiuntur,
1261 1072 1353 1135 facile
1375 1072 1511 1153 perspici
1533 1086 1679 1155 possunt.
1723 1073 1813 1139 lund

478 1179 594 1230 tamen
616 1176 817 1247 praeceptum
840 1178 948 1228 tencre
974 1162 1141 1240 debentium
1165 1165 1234 1227 sive
1260 1164 1291 1227 in
1318 1164 1534 1247 indignatione
1562 1164 1629 1228 sive
1661 1164 1694 1229 in
1725 1188 1812 1229 eon·

492 1261 657 1341 qurestioue
673 1279 731 1321 nos
747 1258 826 1321 locis
842 1259 989 1323 omnibus
1008 1257 1053 1321 uti
1069 1280 1132 1321 nou
1154 1265 1326 1339 oportere,
1350 1261 1405 1320 sed
1428 1258 1484 1325 iis,
1513 1280 1593 1341 quos
1609 1280 1699 1321 causa
1724 1281 1810 1341 sug·

493 1365 603 1434 gerat,
637 1372 738 1433 ncqsie
766 1351 815 1413 his
845 1352 1007 1421 omnibus,
1041 1353 1097 1413 sed
1128 1352 1232 1433 qrsuad
1260 1349 1459 1413 iudicantium
1482 1350 1573 1413 animi
1600 1362 1807 1415 moveantur.

495 1448 590 1527 Quod
608 1444 633 1506 si
657 1445 747 1507 etiam
771 1464 834 1507 arno
854 1445 962 1527 aliquo
984 1446 1057 1507 ioco
1081 1443 1199 1506 factrun
1226 1444 1414 1519 videriums,
1454 1444 1627 1508 orationem
1652 1447 1808 1509 continuo

453 1538 583 1610 sufiuire
602 1540 763 1601 debemus.
808 1539 861 1601 lra
878 1538 959 1599 enirn
986 1537 1035 1599 rel
1057 1536 1203 1600 lacrimae
1226 1539 1298 1599 dum
1321 1534 1471 1617 incipiunt
1494 1557 1531 1600 ac
1552 1548 1695 1601 recentes
1715 1547 1806 1611 suut,
1870 1595 1874 1608 ,

494 1633 661 1717 plurimum
689 1632 804 1693 valent.

577 1724 781 1808 Conquestio
801 1734 853 1786 est
873 1720 986 1785 oratio
1007 1719 1206 1785 creditorum
1224 1720 1494 1785 misericordiam
1511 1723 1669 1805 captans]
1712 1721 1810 1786 Dixi·

495 1837 562 1881 snus
583 1816 820 1900 conquestionis
846 1836 926 1897 opus
950 1816 1011 1878 hoc
1036 1836 1123 1891 esse,
1149 1826 1181 1877 ut
1207 1816 1326 1879 animos
1348 1816 1547 1879 iudicantium
1566 1820 1605 1879 ad
1625 1816 1810 1879 misericor-

495 1912 577 1977 diam
600 1922 737 1973 ruoveat.
781 1908 866 1971 Huic
889 1917 989 1970 cirtem
1012 1912 1064 1970 dat
1081 1910 1232 1991 proprios
1253 1909 1347 1974 locos
1369 1910 1544 1972 sexdecim:
1567 1910 1597 1971 in
1621 1908 1734 1992 quibus
1756 1912 1810 1985 (ut

454 2016 483 2069 15
495 2003 640 2078 diximus)
652 2023 714 2066 non
728 2003 788 2064 erit
799 2002 891 2064 uobis
902 2022 1007 2063 rerum
1021 2006 1101 2065 ordo
1114 2004 1323 2084 qrraercudus,
1341 2004 1397 2065 scd
1411 2003 1589 2085 quicunque
1600 2002 1688 2065 loeus
1700 2000 1810 2064 adrni-

493 2093 698 2159 scricordiaru
717 2093 940 2157 conficiendam
955 2114 1015 2175 pro
1030 2094 1306 2177 negotiiqualitate
1316 2096 1497 2157 sumendus.
1520 2095 1595 2157 Hoc
1607 2106 1708 2157 autem
1723 2094 1809 2157 scire

495 2191 667 2265 debemus,
693 2189 805 2253 rrudtos
826 2208 897 2250 esse
919 2209 1098 2250 communes
1121 2187 1212 2252 locos
1234 2200 1265 2250 et
1283 2187 1488 2269 indignationi
1511 2197 1542 2249 et
1564 2186 1787 2269 conquestioni
1795 2206 1810 2257 ,·

495 2294 527 2344 et
548 2292 655 2344 rectea
694 2302 795 2362 ueqrre
818 2282 899 2344 enim
922 2281 1015 2344 iudex
1037 2291 1142 2361 potest
1164 2279 1256 2343 nobis
1277 2281 1432 2361 praebere
1454 2280 1715 2352 misericordiam,
1745 2278 1809 2358 nid

495 2373 544 2437 ira
565 2373 597 2437 in
620 2362 830 2437 educi-sarium
859 2384 1090 2456 consequantu
1127 2385 1179 2436 aut
1202 2372 1294 2436 irasci
1317 2372 1435 2455 poterit
1455 2372 1657 2447 adversario,
1692 2369 1750 2435 nisi
1770 2370 1806 2433 in

454 2470 558 2538 euhoe
579 2467 650 2550 ipso
674 2469 764 2531 uobis
786 2466 920 2531 animum
942 2470 1091 2549 praebeat
1113 2464 1363 2529 misericordem.

571 2714 616 2770 12.
636 2736 669 2753 -
688 2708 828 2762 maditorts
846 2707 916 2765 eod.
935 2708 997 2763 Bss.
1017 2708 1089 2762 Tum
1110 2710 1169 2765 idm
1192 2737 1223 2751 -
1244 2706 1306 2761 barte
1325 2726 1438 2781 quoque.
