4434 5959
561 635 582 702 8
1071 633 1356 704 VICTORINUS

560 799 628 865 qno
655 799 674 844 e
707 775 839 844 latebris
866 775 1050 865 quibusdam
1077 775 1148 841 elici
1173 787 1267 862 atque
1291 773 1446 858 proferri.
1494 775 1587 858 Ergo
1609 773 1656 837 his
1675 772 1778 837 causis
1799 773 1867 835 elo·

561 872 690 959 quentia
709 872 830 938 initium
851 893 914 940 non
940 869 1110 946 nascendi,
1132 870 1189 932 sed
1208 869 1320 954 agendi
1342 869 1485 950 sumpsit.
1529 871 1610 932 Nam
1631 867 1690 932 fuit
1708 869 1866 951 quoddam

560 975 703 1050 tempus,
735 989 831 1051 quum
862 965 893 1034 in
922 964 1012 1050 agris·
1036 963 1179 1029 homines
1201 962 1315 1046 passim
1337 964 1507 1026 bestiarum
1530 965 1626 1026 modo
1648 964 1866 1046 vagabantur3

560 1057 642 1124 aient
663 1058 842 1146 Virgilius:
865 1061 965 1144 [Aen.
988 1058 1089 1125 vlll.
1113 1057 1187 1122 314.
1209 1056 1299 1140 sqq.]

534 1207 550 1258 t
745 1200 824 1256 Haec
841 1217 956 1254 matura
973 1199 1123 1270 indigenae
1141 1197 1231 1250 Fauni
1248 1197 1437 1270 nymphaeque
1455 1195 1585 1248 tenebant

744 1285 870 1357 Getaeque
887 1281 980 1338 vienni
998 1287 1105 1338 reuecta
1122 1291 1150 1335 et
1169 1283 1239 1336 dara
1257 1281 1356 1334 robore
1375 1289 1462 1338 nata.-

744 1370 829 1447 Qaeir
845 1387 931 1441 aeque
948 1387 1010 1425 moe
1027 1387 1112 1439 aeque
1131 1367 1221 1420 cultris
1239 1374 1321 1419 erat:
1339 1385 1389 1419 aec
1407 1371 1523 1435 lrragere
1541 1372 1656 1434 tauros,

743 1457 807 1507 Aat
824 1472 986 1527 componere
1005 1470 1071 1524 opes
1087 1460 1193 1505 aaran!
1211 1457 1261 1504 aat
1275 1468 1394 1524 parcere
1408 1457 1505 1522 parto.

640 1587 688 1652 Et
708 1584 774 1650 aidi
793 1584 986 1678 vicensem
1006 1583 1111 1648 uitam
1128 1581 1385 1668 propagabant]
1427 1579 1557 1663 Sapiens
1580 1577 1681 1644 omnis
1694 1576 1868 1643 memoriae

516 1682 673 1745 anstuda.
716 1681 782 1756 Illi,
814 1680 846 1744 in
870 1677 1056 1765 quibusvis
1085 1677 1205 1742 animae
1227 1676 1311 1740 mole
1337 1675 1484 1764 corporis
1516 1691 1670 1758 oppressa
1691 1673 1866 1750 delitescit,

556 1794 623 1839 non
641 1774 811 1838 memoriae
830 1777 973 1850 student,
996 1774 1054 1838 sed
1073 1770 1179 1836 ferino
1198 1769 1262 1834 ritu
1279 1768 1415 1832 subsidia
1430 1767 1507 1832 solia
1528 1765 1725 1850 prospiciunt
1739 1767 1866 1832 diebus.

556 1866 613 1930 stc
634 1867 807 1931 Salustiost
830 1871 877 1932 Et
896 1862 1147 1951 quoniamnita
1165 1864 1260 1947 ipro,
1283 1883 1352 1946 prta
1361 1859 1550 1953 fruimur,
1573 1858 1682 1926 brevia
1706 1871 1774 1934 σείς
1796 1882 1868 1922 me-

556 1959 703 2023 moriam
723 1959 836 2025 nortri
854 1980 957 2043 paam
980 1958 1132 2022 maaime
1154 1959 1294 2040 longam
1316 1953 1453 2042 fferre
1474 1954 1645 2030 conuenit,
1674 1973 1743 2017 aaa
1764 1975 1890 2036 peeo-¹

555 2073 635 2114 rum
654 2073 749 2116 more
761 2051 892 2128 uicere,
914 2073 1000 2137 puae
1020 2063 1148 2114 natura
1161 2069 1277 2133 prona
1289 2062 1390 2134 atque
1408 2048 1517 2114 uentri
1530 2047 1720 2136 odedientia
1728 2045 1868 2127 sanxit:

514 2149 592 2216 stul
612 2143 665 2208 isti
686 2144 830 2211 homines
851 2144 998 2224 luerunt,
1023 2143 1078 2229 qui
1098 2141 1159 2208 sibi
1181 2142 1268 2208 victu
1288 2141 1360 2206 lero
1382 2141 1478 2206 vitam
1500 2142 1738 2226 propagabant.

603 2321 607 2326 ‚
640 2239 724 2302 Nou
743 2237 878 2304 divitiae
898 2238 1075 2322 religioaie
1096 2237 1176 2318 eeu]
1220 2236 1319 2300 Plena
1343 2234 1545 2317 philosophia
1573 2245 1638 2310 est,
1680 2253 1761 2319 quae
1783 2253 1866 2296 cou-

556 2340 619 2394 etat
643 2351 683 2394 ex
701 2332 845 2398 duobus:
876 2355 917 2398 ex
933 2332 1083 2419 physica
1106 2341 1138 2393 et
1162 2329 1285 2394 ethica.
1327 2328 1479 2414 Phyeiea
1499 2338 1564 2402 est,
1588 2347 1669 2411 quae
1691 2329 1728 2388 de
1750 2324 1888 2412 diuinis¹

556 2420 635 2509 agit.
678 2426 818 2504 Etdica,
840 2448 921 2511 quiae
936 2429 976 2492 de
992 2423 1132 2489 humanis
1148 2422 1315 2504 [mesecin]
1358 2422 1421 2486 Sed
1434 2419 1507 2506 quiin
1522 2418 1640 2485 Cicero
1661 2418 1739 2482 illud
1755 2420 1864 2494 docet,

557 2518 644 2601 quod
667 2519 790 2583 oratori
809 2534 858 2585 est
886 2519 1112 2593 neceesarium,
1141 2516 1287 2580 ethicam
1306 2514 1537 2600 {prosequitnrr
1567 2510 1697 2596 quaesi
1724 2521 1798 2574 turm
1823 2513 1865 2574 ab

513 2609 737 2677 athominibus
756 2613 902 2697 ignorata
922 2625 988 2691 est,
1018 2612 1119 2675 multo
1143 2609 1244 2694 magis
1261 2609 1409 2696 physica
1430 2621 1477 2673 est
1498 2609 1657 2692 ignorata.
1700 2605 1792 2688 Ergo
1816 2603 1867 2666 iu·

556 2702 655 2780 dicat,
679 2715 714 2768 ut
734 2704 781 2770 illi
802 2706 968 2783 vixerunt,
991 2704 1064 2791 qui,
1086 2703 1206 2768 animae
1227 2702 1399 2768 commodis
1420 2701 1592 2787 ignoratis,
1617 2697 1764 2780 corporis
1787 2697 1866 2762 viri·

555 2796 617 2859 bns
637 2797 789 2881 pleraque
811 2810 989 2884 gesneruut.
1777 2841 1780 2846 <

639 2892 752 2954 Nemo
771 2891 945 2975 legitimas
975 2891 1108 2956 viderat
1134 2890 1291 2976 nuptias,
1325 2911 1392 2955 uon
1420 2899 1533 2954 certos
1552 2885 1731 2972 quaequam
1750 2884 1867 2968 inspe-

555 2993 661 3045 aerat
687 2982 826 3067 liberos]
869 2987 1047 3070 Utrumque
1074 2984 1155 3050 enim
1188 3006 1266 3069 vaga
1296 2994 1391 3069 atque
1416 2984 1536 3046 incerta
1564 2983 1693 3046 Venere
1714 2978 1866 3044 conficie-

513 3074 673 3146 ztbatuc:
697 3097 800 3160 neque
820 3091 909 3142 erant
930 3078 1017 3154 iura,
1041 3101 1121 3164 quiae
1144 3080 1175 3142 id
1197 3078 1266 3142 lieri
1287 3077 1504 3160 prohiberent.
1951 3061 1952 3071 ¹

639 3169 721 3234 Noa
738 3170 794 3234 ias
810 3173 986 3257 aequabile
998 3173 1083 3257 quid
1095 3171 1257 3238 utilitatis
1273 3171 1428 3244 haberet,
1451 3167 1641 3251 acceperat]
1683 3165 1755 3230 Illic
1781 3163 1865 3228 euim

557 3258 672 3324 nulliua
696 3261 807 3326 iniuria
828 3265 962 3341 vivitur,
984 3265 1040 3329 ubi
1061 3278 1109 3330 est
1130 3265 1207 3328 iuris
1230 3263 1420 3348 aequalitas,
1444 3281 1543 3346 aequa
1563 3262 1707 3339 libertas,
1728 3257 1784 3322 ubi
1807 3257 1868 3322 ali·

558 3351 635 3435 quid
656 3364 708 3416 aut
729 3356 875 3420 omnibus
896 3357 969 3422 licet
989 3359 1096 3422 lacere
1119 3368 1171 3420 aut
1193 3357 1337 3422 omuibus
1358 3378 1422 3420 non
1443 3357 1528 3420 licet.

640 3446 943 3516 Perniciosisaimis
968 3450 1185 3530 eateditibus]
1229 3449 1326 3514 Vires
1352 3449 1500 3531 corporis
1529 3463 1598 3513 esse
1626 3447 1667 3510 ait
1688 3445 1868 3530 cupiditatis

469 3587 478 3619 ,
516 3536 736 3616 sominium,
761 3541 893 3624 quaein
914 3541 1022 3606 animis
1043 3543 1203 3606 hominum
1226 3545 1379 3628 quandam
1402 3543 1544 3607 obtinent
1565 3539 1771 3623 tyrannidem.

640 3635 718 3715 Quo
737 3645 890 3717 tempore
911 3636 1067 3720 puidam,
1101 3656 1248 3720 magmas
1280 3638 1357 3717 oet]
1401 3637 1445 3701 Ut
1476 3633 1599 3699 facilius
1628 3633 1866 3718 intelligentiam

557 3747 808 3810 consequamur,
831 3749 937 3792 rernm
948 3729 1117 3794 similitudo
1135 3727 1328 3811 proferenda
1343 3741 1402 3793 est.
1446 3728 1558 3792 Anima
1576 3727 1618 3790 ita
1634 3739 1681 3790 est
1694 3739 1730 3789 nt
1746 3725 1866 3790 vinum.

557 3821 658 3898 Nam,
681 3823 941 3904 quernadmndum
962 3821 1066 3887 vinum
1087 3844 1149 3904 pro
1172 3843 1262 3897 vase,
1293 3823 1324 3884 in
1348 3842 1413 3906 quo
1432 3834 1479 3886 est
1500 3822 1658 3896 habitum,
1682 3831 1734 3883 aut
1751 3818 1868 3882 retinet

557 3925 610 3976 aut
641 3911 754 3979 amittit
775 3913 977 3980 violentiam:
1009 3915 1139 3998 perinde
1161 3915 1272 3994 anima,
1299 3915 1327 3979 si
1354 3915 1503 3997 optimum
1534 3926 1566 3978 ct
1594 3925 1714 3976 easttuu
1745 3933 1868 3995 corpus

515 4007 745 4085 tsoffenderit,
783 4022 890 4072 serrat
911 4021 1074 4074 natur-amr
1112 4009 1159 4074 siu
1182 4009 1279 4086 alias,
1305 4011 1390 4072 velut
1411 4005 1535 4072 amittit.
1579 4009 1628 4072 lta
1649 4006 1746 4090 igitur
1768 4027 1867 4090 quum

558 4100 692 4165 mortale
712 4122 813 4187 genus
834 4105 960 4168 brutum
984 4117 1078 4193 atque
1091 4103 1222 4169 inscium
1244 4123 1349 4166 rerum
1372 4102 1509 4167 omniunt
1530 4111 1719 4186 vagaretur,
1743 4099 1867 4162 exstitit

559 4193 685 4279 qnidam
708 4195 758 4258 vir
784 4218 934 4280 magnus,
969 4198 1000 4261 iu
1028 4218 1094 4282 quo
1124 4195 1224 4260 anima
1245 4219 1332 4260 suam
1353 4195 1502 4260 retineret
1524 4207 1664 4258 naturam
1685 4203 1719 4256 et
1740 4191 1794 4278 qui
1816 4192 1867 4256 in-

557 4286 716 4372 telligeret
738 4308 846 4352 omnes
875 4289 1018 4354 homines
1049 4291 1165 4354 habere
1186 4289 1217 4352 in
1239 4311 1273 4352 se
1295 4281 1439 4374 quidda'm
1461 4289 1621 4363 divinum,
1655 4290 1710 4350 sed
1731 4284 1764 4348 id
1784 4285 1868 4352 vitio

558 4380 706 4463 corporis
733 4381 871 4464 opprimi
898 4397 991 4469 atque
1020 4383 1180 4467 deperiret
1218 4384 1303 4465 qnod
1331 4382 1360 4447 si
1386 4383 1497 4448 suisset
1524 4380 1679 4458 elicitum,
1714 4378 1868 4444 maximas

515 4496 548 4554 tp
557 4473 630 4540 inde
649 4476 888 4541 commoditates
909 4477 1068 4542 hominnm
1090 4497 1188 4561 potae
1210 4475 1409 4563 contingere.

632 4678 677 4729 10.
696 4671 818 4737 murae]
838 4669 887 4724 Sta
906 4665 957 4724 Cd.
976 4669 1041 4721 Bas.
1059 4695 1097 4713 -
1116 4672 1203 4720 aranu
1221 4665 1290 4722 Edd.
1310 4669 1364 4724 On.

631 4755 675 4808 11,
694 4747 775 4810 sotis]
799 4751 839 4795 An
858 4744 1001 4812 singulis?
1019 4743 1072 4797 Οι.

631 4824 676 4880 18,
696 4817 821 4886 disserit]
840 4833 879 4870 oo
896 4835 952 4872 om.
973 4814 1024 4871 cd.
1044 4817 1106 4871 Bas.
1127 4816 1179 4874 On.

629 4901 675 4955 27.
693 4893 816 4964 vivitur]
834 4921 873 4935 -
890 4898 1006 4944 rimetur
1024 4890 1073 4945 (ἕά.
1097 4892 1149 4946 Bet
1179 4891 1232 4946 On.

629 4973 675 5028 Μ.
691 4967 819 5040 perinde]
848 4965 990 5038 legebatur
1009 4981 1088 5020 antes
1113 4967 1253 5040 proinde.-
1285 4965 1332 5020 ted
1352 4965 1494 5040 legendum
1513 4983 1572 5020 esee
1588 4963 1723 5036 perinde,
1752 4963 1869 5040 probari

554 5057 647 5118 potest
666 5059 750 5116 quum
767 5060 801 5095 ex
812 5039 943 5098 adrerblo
959 5047 1146 5113 comparativo
1165 5040 1399 5114 quemadmodum,
1417 5039 1489 5114 quod
1510 5039 1664 5116 praeeedlt;
1685 5057 1744 5093 rann
1755 5057 1789 5094 ex
1801 5040 1869 5094 edl-

554 5122 631 5172 slona
656 5117 805 5173 Baslleeust
830 5132 875 5174 ιιι.
906 5120 987 5176 ¹521.
1017 5115 1137 5186 Quidam
1164 5133 1257 5172 tamen
1284 5113 1319 5173 τὸ
1340 5116 1454 5189 perinde
1473 5134 1500 5170 et
1526 5113 1562 5174 τὸ
1576 5115 1695 5189 prolude
1714 5132 1869 5194 aynonyma

553 5191 916 5254 norcomannorum
953 5191 1083 5260 (Perinde
1102 5197 1186 5250 ettam
1206 5191 1257 5250 cd.
1277 5193 1340 5250 Bu.
1359 5195 1400 5249 st.
1420 5189 1481 5246 ald.
1500 5191 1567 5258 Οι.)
