4434 5959
566 604 628 670 att
1101 607 1336 675 BonTmtts

566 748 606 812 ad
634 744 787 810 rationale
813 745 933 811 seilicet
955 758 1049 832 atque
1070 748 1273 827 irrationale,
1304 751 1342 813 ad
1363 749 1499 813 mortale
1519 748 1614 813 etiam
1635 758 1732 835 atque
1753 749 1883 814 immor·

565 840 648 915 tale,
672 842 710 902 ad
732 841 940 917 ambulabile,
965 844 1097 924 reptile,
1124 844 1275 918 volatile,
1299 842 1452 919 natabile,
1476 853 1510 906 et
1530 855 1577 906 est
1598 864 1709 907 eorunm
1729 843 1882 917 omnium,

566 954 648 1017 quae
667 935 726 996 sub
750 933 797 996 his
820 934 1002 999 differentiis
1021 937 1078 998 sita
1102 949 1192 1011 siant,
1218 956 1331 1021 genua.
1375 936 1463 998 ldem
1484 956 1563 999 vero
1578 933 1685 1020 signat
1704 938 1788 999 baee
1807 936 1885 997 deli·

566 1024 667 1102 nitio,
692 1030 779 1111 quod
801 1028 893 1090 etiam
910 1042 1021 1103 vetus3
1047 1032 1124 1093 liaeo
1141 1027 1321 1093 lmiustuodi
1338 1039 1403 1091 est:
1430 1030 1539 1091 Genus
1556 1040 1622 1107 est,
1643 1030 1732 1112 quod
1757 1032 1798 1092 de
1816 1030 1886 1111 plu·

542 1119 654 1187 tribus
677 1121 782 1201 speeie
805 1121 1024 1185 differentibus
1046 1123 1075 1185 in
1097 1145 1157 1199 eo,
1181 1124 1268 1206 quod
1289 1120 1450 1206 quidest,
1475 1120 1691 1202 praedieatnr;
1716 1121 1807 1184 velut
1822 1120 1888 1183 ani·

567 1213 630 1279 nal
652 1234 752 1297 genus
773 1217 813 1277 ad
838 1216 948 1296 plures
974 1238 1025 1279 res
1048 1216 1154 1301 speeie
1175 1214 1380 1288 differentes,
1403 1212 1436 1275 id
1459 1224 1524 1288 est,
1549 1216 1588 1276 ad
1606 1215 1768 1279 hominem
1791 1228 1887 1299 atque

568 1326 704 1389 equum,
738 1304 770 1369 in
799 1328 858 1383 eo,
891 1312 978 1391 quod
1007 1312 1081 1394 quid
1111 1322 1187 1385 est,
1223 1306 1436 1390 praedicatur.
1488 1308 1570 1370 Nam
1590 1307 1886 1390 interrogantibus:

568 1398 643 1483 quid
673 1411 721 1463 est
744 1402 840 1465 homo
864 1404 913 1465 vel
936 1404 1058 1485 equus?
1095 1402 1208 1467 animal
1231 1402 1359 1465 dieitur.
1417 1401 1498 1464 Item
1526 1401 1649 1465 formae
1670 1402 1888 1465 definitionem

567 1493 659 1559 talem
684 1494 786 1557 dedit:
809 1500 934 1559 Formo
955 1508 1007 1559 est
1025 1496 1138 1570 notio,
1161 1494 1261 1558 suites
1282 1492 1483 1581 dqfferentio
1500 1495 1548 1556 od
1567 1506 1670 1577 eaput
1691 1496 1834 1580 generis
1855 1507 1888 1557 et

526 1586 668 1669 aequari
676 1584 824 1676 flantem
846 1586 978 1678 referri
993 1602 1131 1673 potest5
1160 1600 1193 1653 et
1215 1599 1311 1653 reete.
1355 1590 1436 1651 nau
1454 1588 1480 1651 si
1504 1588 1628 1652 formae
1650 1611 1668 1651 a
1690 1612 1814 1673 genere
1834 1593 1888 1651 de·

568 1680 748 1754 ducuntur,
778 1682 902 1762 species
929 1704 1056 1745 neeesse
1079 1694 1129 1747 est
1151 1682 1333 1744 reserantur
1354 1683 1392 1743 ad
1415 1702 1529 1765 genus.
1586 1684 1621 1745 Si
1641 1682 1744 1767 igitur
1767 1683 1887 1765 princi·

567 1772 654 1855 pium
676 1776 833 1856 quoddam
860 1786 891 1837 et
919 1775 992 1839 lons
1015 1777 1138 1839 lormae
1161 1785 1262 1859 genus
1283 1785 1352 1850 est,
1386 1795 1515 1837 neeesse
1543 1786 1609 1848 est,
1644 1788 1679 1839 ut
1706 1777 1886 1839 intellectus

568 1862 691 1928 formae
714 1868 752 1927 ad
778 1866 984 1947 primordium
1006 1890 1116 1943 suum,
1154 1870 1278 1941 idest,
1313 1867 1475 1931 notionem
1506 1868 1650 1953 generis,
1686 1882 1885 1933 revertatur.

568 1958 752 2021 Intellectus
769 1959 849 2021 enirn
865 1960 999 2023 hominis
1014 1962 1160 2034 :refertur
1181 1961 1221 2023 ad
1236 1961 1367 2036 animal,
1391 1958 1530 2045 itemque
1552 1962 1625 2044 equi
1643 1972 1674 2024 et
1689 1974 1886 2025 ceterorum.

527 2051 740 2122 rsNotionem
768 2074 848 2121 vero
882 2056 1039 2135 appellat,
1078 2056 1167 2136 quod
1195 2053 1310 2118 Graeci
1337 2054 1464 2119 ἔννοιαν
1492 2056 1544 2117 vel
1569 2050 1741 2144 πρόληψιν
1767 2053 1888 2117 dicum.

569 2146 677 2209 Huius
700 2146 778 2207 liaeo
803 2158 850 2209 est
868 2148 1028 2211 delinitio:
1052 2149 1162 2214 Notio
1182 2159 1233 2210 est
1257 2146 1363 2209 insito
1387 2159 1420 2209 et
1442 2159 1521 2210 ante
1535 2159 1699 2231 percepta
1722 2148 1888 2231 cuiusque

556 2235 709 2329 formae
733 2239 887 2322 cognitio
910 2242 1127 2306 enodationis
1149 2240 1318 2322 indigens.
1364 2242 1456 2303 Haec
1472 2262 1551 2304 vero
1567 2239 1709 2304 delinitio
1728 2240 1805 2301 bine
1826 2254 1889 2300 tra·

569 2344 619 2395 cta
639 2344 704 2409 est,
729 2336 815 2416 quod
835 2334 931 2397 Plato
950 2336 1036 2399 ideas
1058 2336 1206 2419 quasdam
1225 2352 1293 2395 esse
1316 2333 1473 2413 ponebat,
1498 2330 1615 2408 idest,
1638 2332 1763 2414 speeies
1781 2332 1889 2395 incor-

569 2446 687 2507 poreas
714 2426 966 2513 substantiasque
995 2440 1176 2494 constantes
1207 2437 1239 2488 et
1267 2447 1326 2507 per
1354 2446 1389 2487 se
1423 2427 1463 2487 ab
1497 2425 1564 2488 aliis
1598 2438 1730 2488 natiuae
1766 2425 1889 2488 ratione

527 2536 559 2585 to
571 2516 748 2601 sepniatis,
774 2531 807 2582 ut
830 2522 893 2585 boe
915 2521 1017 2605 ipsum
1039 2526 1159 2599 hoino,
1194 2520 1309 2602 quibus
1327 2517 1553 2600 participantes
1571 2530 1697 2582 ceterae
1715 2540 1770 2580 res
1787 2516 1890 2582 bomi-

571 2634 626 2675 nes
656 2616 706 2676 vel
728 2613 868 2677 animalia
892 2614 1017 2678 fierent.
1061 2618 1107 2681 At
1131 2634 1210 2679 vero
1237 2612 1432 2676 Aristoteles
1455 2614 1557 2675 nullas
1585 2624 1678 2693 putat
1699 2625 1794 2674 extra
1821 2632 1889 2673 esse

498 2706 500 2715 ’
569 2707 781 2780 substantias,
806 2710 862 2769 sed
888 2706 1077 2791 intellectam
1099 2706 1331 2772 similitudinem
1354 2706 1563 2788 plurimorum
1585 2707 1670 2770 inter
1689 2725 1725 2766 se
1739 2705 1889 2767 differen-

569 2799 646 2863 tium
676 2800 910 2863 stslmtantialem
940 2822 1039 2886 genus
1069 2814 1161 2883 putat
1196 2821 1265 2865 esse
1293 2801 1345 2863 vel
1372 2801 1523 2881 speeiem.
1567 2802 1648 2865 ttam
1670 2820 1768 2883 quum
1791 2801 1889 2863 bomo

570 2904 666 2977 atque
687 2914 787 2977 equus
816 2892 964 2957 differant
992 2894 1237 2960 rationabilitate
1266 2906 1359 2976 atque
1380 2892 1672 2967 irrationabilitate,
1702 2895 1821 2967 borum
1843 2892 1890 2957 in·

527 3012 559 3061 ς,
570 2986 697 3049 tellecta
720 2986 891 3051 similitudo
913 2987 1007 3051 efficit
1029 3010 1143 3073 genus.
1201 2990 1283 3051 Nam
1306 2987 1478 3051 similitudo
1501 2987 1576 3071 equi
1597 2999 1628 3050 et
1651 2986 1790 3049 bominis
1813 2988 1889 3049 sub·

571 3079 724 3144 stantialis
746 3102 782 3143 ea
805 3091 872 3157 eat,
904 3082 992 3163 quod
1010 3092 1144 3166 uterque
1163 3082 1335 3145 substantia
1355 3093 1420 3155 est,
1452 3091 1586 3165 uterque
1604 3079 1777 3154 animatus,
1802 3091 1890 3141 rater-

571 3194 633 3258 qne
654 3174 830 3237 sensibilis:
860 3195 942 3256 quae
969 3172 1073 3239 innota
1103 3176 1240 3239 efficiunt
1268 3174 1394 3237 animal.
1438 3176 1499 3238 Est
1523 3196 1656 3258 namque
1677 3170 1792 3235 animal
1815 3176 1890 3235 sub-

570 3266 683 3331 stantia
706 3266 837 3329 animata
861 3266 1031 3333 sensibilia.
1075 3268 1181 3355 lgitur
1202 3268 1337 3331 bominis
1354 3282 1449 3352 atque
1471 3268 1545 3353 equi
1565 3266 1738 3331 similitudo
1753 3276 1804 3328 est
1825 3265 1890 3329 ani·

525 3370 531 3387 “
572 3361 650 3435 naal,
675 3363 762 3444 quod
783 3372 832 3424 est
852 3382 966 3445 genus.
1012 3362 1138 3426 Rursus
1160 3384 1257 3445 qmun
1280 3362 1377 3425 Plato
1393 3372 1488 3446 atque
1509 3360 1627 3427 Cicero
1648 3380 1784 3423 nurnero
1806 3359 1891 3421 aeci·

529 3475 560 3527 ap
574 3452 783 3537 dentibusque
804 3452 974 3530 distarent,
996 3456 1113 3519 horum
1133 3454 1322 3528 similitudo,
1347 3475 1427 3539 quae
1449 3466 1497 3518 est
1519 3452 1706 3529 humanitas,
1729 3453 1892 3517 intellecta

568 3557 668 3631 atque
690 3544 794 3611 animo
815 3546 971 3623 formata,
995 3548 1121 3631 species
1142 3560 1202 3612 est.
1246 3550 1340 3631 Ergo
1362 3548 1568 3611 communitas
1590 3548 1742 3631 quaedam
1766 3559 1799 3608 et
1821 3548 1891 3627 plu·

571 3638 725 3705 rimorum
748 3640 829 3703 inter
849 3661 884 3705 se
906 3642 1117 3706 differentium
1139 3640 1309 3706 similitudo
1331 3640 1422 3705 notio
1444 3652 1516 3704 est:
1540 3640 1629 3703 cuius
1644 3640 1785 3703 notionis
1808 3642 1891 3703 aliud

572 3744 677 3817 genus
694 3743 761 3811 est,
785 3733 869 3797 aliud
896 3734 1014 3800 lorma.
1058 3738 1123 3799 Sed
1144 3734 1293 3821 quoniam
1320 3733 1467 3797 similium
1489 3732 1696 3817 intelligentia
1718 3745 1768 3795 eat
1790 3736 1891 3797 omnis

572 3826 679 3903 notio,
717 3826 748 3891 in
769 3828 865 3891 rebus
889 3848 968 3893 vero
1002 3826 1154 3892 similibus
1176 3826 1350 3891 necessaria
1374 3838 1422 3889 est
1443 3827 1688 3891 differentiarum
1712 3823 1890 3903 diseretio,

529 3920 693 3987 etidcirco
710 3918 830 4005 indiget
851 3923 953 3985 adhinc
974 3920 1064 3987 notio
1086 3925 1219 4007 quadam
1242 3920 1432 3986 enodatione
1453 3942 1492 3984 ae
1512 3919 1801 3995 diuisione,·velut
1822 3922 1891 4003 ipse

571 4014 750 4079 intellectus
773 4014 911 4080 animalis
934 4016 993 4080 sibi
1014 4016 1082 4099 ipse
1104 4037 1168 4079 nou
1190 4014 1317 4077 strffieit.
1361 4014 1442 4080 Nam
1465 4034 1541 4077 mox
1562 4016 1683 4077 animus
1704 4015 1746 4075 ad
1760 4014 1891 4097 aliquod

571 4108 704 4183 animal,
742 4108 862 4186 idest,
896 4110 949 4195 vel
969 4108 1129 4174 hominem
1153 4108 1204 4172 vel
1226 4129 1360 4193 equum,
1395 4109 1560 4171 deducitur
1581 4106 1821 4191 inquirendum,
1859 4120 1890 4169 et

571 4202 707 4271 borninis
740 4203 829 4269 notio
861 4205 912 4269 vel
940 4206 980 4267 ad
1003 4202 1143 4269 'stallium
1165 4201 1217 4266 vel
1243 4204 1283 4264 ad
1305 4203 1473 4266 Platonem
1497 4202 1549 4265 vel
1570 4202 1610 4264 ad
1632 4200 1805 4284 quemlibet
1827 4200 1891 4264 sio·

574 4296 729 4381 gularium
759 4318 966 4379 personarum
989 4298 1142 4361 refertur.
1201 4296 1292 4375 Quae
1321 4318 1417 4379 quum
1441 4294 1482 4358 ita
1505 4296 1582 4371 sint,
1620 4293 1769 4377 quotiens
1791 4314 1891 4376 genus

531 4388 725 4455 todiriditur
746 4388 778 4452 in
800 4390 939 4467 formas,
974 4390 1089 4453 nullam
1120 4388 1328 4470 praetermitti
1355 4389 1535 4469 oportebit.
1592 4388 1757 4451 Estenim
1783 4386 1890 4450 sitiam

574 4480 625 4545 vel
648 4480 834 4558 marimum,
858 4482 884 4548 si
907 4504 967 4566 qna
990 4482 1180 4546 dividentem
1203 4481 1309 4545 forma
1332 4494 1530 4564 praetereat,
1556 4481 1677 4553 veluti,
1701 4481 1823 4565 siquis
1845 4482 1891 4543 ius

574 4573 716 4639 dividere
740 4575 839 4650 velit,
874 4576 905 4640 in
928 4578 1051 4661 legem,
1085 4598 1205 4641 morem
1228 4588 1323 4659 atque
1345 4576 1534 4658 aequitatem
1556 4596 1684 4637 necesse
1706 4586 1754 4637 est
1777 4576 1891 4657 partia·

573 4678 639 4731 tur.
683 4670 765 4732 Nam
795 4679 826 4731 et
854 4668 906 4732 lex
935 4682 966 4733 et
1000 4692 1068 4733 utos
1100 4681 1132 4733 et
1157 4669 1298 4755 aequitas
1320 4680 1352 4731 et
1373 4669 1497 4753 singula
1520 4680 1552 4730 et
1572 4668 1603 4731 in
1626 4690 1796 4732 commune
1816 4668 1891 4731 iuris

575 4760 734 4825 vocabulo
757 4761 897 4825 subiecta
920 4775 1006 4827 sumt.
1051 4762 1168 4847 Culpat
1193 4784 1271 4825 vero
1293 4764 1419 4826 illorsum
1441 4762 1617 4835 inaritiam,
1641 4761 1698 4844 qui
1718 4761 1801 4825 idem
1822 4784 1891 4843 spr-

532 4854 638 4923 tteies
661 4857 712 4917 vel
741 4856 860 4919 lormas
892 4869 1002 4938 putant
1024 4878 1116 4933 esse,
1154 4860 1239 4940 quod
1262 4870 1386 4939 partes,
1422 4856 1669 4938 couturbatique
1691 4876 1750 4919 eos
1772 4856 1889 4919 inscitia

575 4947 667 5027 dicit,
703 4952 789 5035 quod
821 4971 871 5012 res
900 4971 916 5011 a
947 4972 980 5013 se
1009 4950 1177 5033 plurimum
1208 4948 1390 5013 differentes
1416 4950 1563 5031 imperite
1591 4962 1686 5033 atque
1715 4948 1890 5030 improvide

1546 5092 1894 5113 Q

651 5168 696 5227 16·
712 5176 866 5240 praecepta
885 5168 964 5222 Eine.
