4434 5959
909 613 1002 679 ΗΒ.
1024 613 1090 679 tv.
1608 607 1670 676 tto

349 754 590 819 antecedentem
619 765 930 839 consequentemque
961 766 994 818 et
1023 764 1266 838 repugnantem.
1335 754 1511 820 connexae
1536 773 1671 836 namque

347 847 584 934 propositionis
606 868 667 910 una
689 869 764 931 pars
786 853 971 913 antecedens
991 860 1061 924 est,
1098 849 1158 912 alia
1180 868 1393 933 consequens.
1449 847 1669 931 Repugnantis

346 963 429 1008 vero
451 941 683 1024 propositionis
704 956 838 1026 utraque
860 953 1017 1026 repugnat
1039 963 1077 1005 ac
1097 941 1240 1006 dissidet.
1285 945 1397 1027 ltaque
1413 962 1575 1006 connexae
1592 962 1670 1022 pro·

346 1035 519 1120 positionis
541 1047 650 1118 partes
672 1040 861 1100 antecedens
875 1049 907 1099 et
922 1056 1119 1119 consequeus
1134 1048 1229 1111 suut,
1253 1035 1458 1121 repugnantis
1473 1055 1554 1098 vero
1573 1053 1670 1116 repu-

349 1141 486 1214 gnantes
509 1130 627 1212 [partes
649 1131 751 1212 sunt].
795 1132 865 1194 Nec
880 1131 957 1193 illud
970 1129 1208 1212 intelligentiam
1225 1134 1350 1206 turbet,
1375 1131 1461 1214 quod
1484 1128 1575 1202 ,dies
1594 1119 1695 1190 est''5

349 1235 381 1286 et
401 1222 484 1296 ,lux
505 1222 580 1284 est’'
604 1225 737 1307 quadam
760 1224 822 1286 sibi
840 1226 964 1288 ratione
986 1223 1203 1300 consentiunt,
1227 1223 1301 1286 item
1324 1223 1412 1296 „dies
1435 1221 1512 1285 est”
1536 1233 1568 1283 et
1589 1219 1670 1294 „lux

346 1339 411 1380 non
428 1315 501 1379 est''
534 1317 625 1400 quasi
655 1337 673 1378 a
702 1337 737 1380 se
764 1318 952 1381 dissentiunt
972 1327 1066 1401 atque
1089 1316 1284 1380 discordant.
1342 1318 1424 1380 Nam
1450 1335 1594 1380 connexa
1617 1324 1665 1376 est

345 1409 548 1492 propositio,
572 1409 620 1485 si,
644 1432 739 1494 quum
761 1411 846 1477 aliud
867 1410 1090 1482 antecesserit,
1116 1410 1202 1472 aliud
1224 1420 1454 1491 consequatur,
1480 1408 1553 1470 item
1568 1427 1667 1486 repu-

344 1525 466 1588 gnans,
490 1503 517 1565 si
539 1525 603 1567 troo
625 1505 732 1586 posito
754 1503 838 1569 falso
860 1505 945 1568 aliud
965 1503 1144 1567 inferatur:
1168 1505 1253 1587 qnod
1275 1524 1343 1566 esse
1366 1523 1429 1565 non
1452 1513 1583 1582 potest,
1608 1498 1668 1564 nisi

344 1596 379 1659 id
401 1595 450 1660 ris
471 1596 661 1661 conditionis
683 1596 807 1660 efficiat.
866 1598 942 1677 ero
968 1597 1053 1659 cirea
1080 1608 1188 1677 aperte
1217 1597 1469 1659 demonstratum
1493 1614 1560 1657 esse
1582 1595 1667 1658 arbi·
1681 1605 1710 1654 tt

346 1701 438 1765 troc,
463 1690 710 1754 conditionalem
736 1692 819 1752 bunc
841 1690 946 1755 locum
968 1689 1081 1754 vocari
1101 1701 1134 1751 et
1154 1701 1243 1752 recte
1265 1711 1359 1750 sunum
1381 1708 1452 1750 esse
1474 1707 1491 1749 a
1515 1689 1566 1750 M.
1587 1689 1667 1751 Tul·

346 1783 393 1848 lio
413 1783 632 1848 constitutum.
678 1783 850 1864 Quomodo
872 1805 952 1848 uero
974 1785 1029 1846 liat
1049 1785 1090 1845 ab
1112 1783 1366 1845 antecedentibus
1389 1793 1421 1844 et
1443 1779 1666 1866 consequenti-

347 1879 409 1940 bus
431 1888 463 1940 et
482 1878 735 1961 repugnantibus
756 1889 998 1962 argumentum,
1022 1876 1182 1958 posterius
1198 1876 1311 1941 dicam.
1355 1877 1418 1939 Sed
1433 1873 1580 1958 quioniam
1597 1871 1667 1934 nul·

347 1969 409 2033 lius
427 1969 587 2033 facultatis
615 1969 747 2034 alterius
769 1982 834 2046 est,
872 1970 947 2051 quid
967 1991 1124 2054 quamque
1153 1990 1220 2032 rem
1243 1969 1452 2052 consequitur
1474 1969 1525 2031 vel
1546 1969 1660 2051 cuique

352 2062 431 2147 qnid
459 2075 634 2147 repugnet,
667 2063 845 2146 inspicere,
879 2064 939 2126 nisi
967 2063 1147 2126 dialecticae
1169 2074 1307 2138 tantum,
1342 2075 1423 2146 quae
1453 2060 1544 2124 buim
1572 2080 1665 2143 quam
1680 2074 1712 2125 ¹⁵

348 2154 487 2218 maxime
507 2156 555 2218 rei
575 2156 719 2239 peritiam
734 2157 923 2239 profitetur,
945 2155 1068 2221 idcirco
1090 2157 1132 2236 ait
1154 2159 1238 2221 bunc
1258 2157 1363 2221 locum
1386 2175 1454 2218 esse
1476 2166 1575 2220 totum
1598 2155 1666 2216 dia·

347 2247 557 2312 lecticorum:
593 2249 648 2333 qui
671 2250 761 2312 etiam
781 2252 822 2312 als
840 2249 994 2313 adiunctis
1015 2251 1113 2334 longe
1135 2251 1280 2314 diuersus
1304 2259 1369 2326 est,
1401 2249 1553 2332 primum,
1580 2249 1669 2336 quod

345 2339 497 2404 adiuncta
520 2343 659 2422 prodere
680 2361 750 2405 sese
771 2355 866 2425 atque
888 2355 1048 2407 ostentare
1070 2343 1205 2406 invicem
1228 2353 1385 2424 possunt,
1410 2363 1474 2406 non
1491 2361 1570 2405 reru
1592 2362 1668 2423 per·

346 2433 446 2496 licere
476 2445 572 2518 atque
599 2434 730 2517 implere
763 2448 929 2512 naturam,
966 2436 1066 2500 veluti
1096 2436 1339 2500 ambulationem
1365 2443 1481 2518 pedum
1518 2435 1669 2518 strepitus

346 2525 478 2610 signare
500 2527 626 2610 quidem
648 2549 687 2590 ac
708 2527 892 2592 denuntiare
913 2540 1040 2611 potest,
1079 2529 1205 2593 efficere
1236 2547 1317 2592 vero
1340 2548 1404 2590 non
1426 2539 1544 2610 potest.
1602 2529 1711 2596 lte-ro

346 2641 412 2705 que
432 2619 516 2682 enirn
538 2619 781 2684 ambulationem
802 2621 897 2684 efficit
917 2625 1033 2703 pedum
1054 2621 1226 2703 strepitus,
1249 2642 1308 2684 nec
1330 2641 1409 2684 uero
1425 2643 1465 2682 ex
1480 2620 1669 2685 necessitate

348 2713 539 2791 ambulatio,
574 2725 609 2776 ut
630 2718 743 2796 pedum
764 2715 917 2797 strepitus
939 2715 998 2793 sit,
1033 2726 1234 2780 auctorest:
1270 2717 1326 2777 sed
1348 2735 1442 2797 saepe
1464 2715 1505 2778 ita
1528 2715 1669 2778 ambula·

350 2819 424 2882 tur,
448 2818 483 2870 ut
504 2807 608 2872 nullus
630 2810 744 2891 pedum
764 2808 917 2890 strepitus
938 2812 1141 2895 repudiatur,
1162 2829 1257 2890 saepe
1279 2830 1341 2872 nou
1365 2819 1484 2872 mutato
1507 2808 1581 2872 loco
1599 2829 1669 2870 mo-

350 2899 423 2966 veri
456 2903 553 2984 pedes
587 2921 625 2964 ae
651 2914 796 2984 strepere
830 2914 957 2983 praeter
983 2902 1225 2967 ambulationem
1258 2913 1387 2985 quierunt.
1452 2901 1578 2965 Idcirco
1606 2921 1670 2964 non

351 3015 478 3078 semper
511 2995 714 3058 inueniuntur
746 2997 909 3070 adiuncta,
949 2995 1184 3081 propositoque
1213 2995 1365 3071 termino,
1400 3015 1496 3078 quem
1526 2996 1711 3078 probasses

352 3087 593 3162 contendimus,
616 3109 710 3172 saepe
731 3110 771 3152 ex
791 3088 943 3153 adiunctis
964 3101 1149 3174 argumenta
1168 3089 1334 3165 deliciunt,
1359 3087 1430 3172 quia
1449 3085 1517 3169 ipsa
1539 3107 1668 3172 quoque

351 3180 539 3264 aliquotiens
556 3181 692 3244 delicere
714 3182 858 3246 videntur
878 3183 1035 3246 adiuncta.
1078 3183 1305 3248 Praecedentia
1328 3202 1405 3245 uero
1421 3193 1453 3244 et
1471 3201 1670 3263 consequen·

352 3274 396 3338 tia
417 3284 449 3336 et
476 3275 684 3360 repugnantia
719 3297 877 3359 nunquam
909 3278 1044 3339 desunt.·
1087 3277 1190 3340 Omne
1213 3275 1317 3352 euim,
1347 3273 1499 3360 quidquid
1519 3274 1550 3336 in
1572 3277 1669 3338 rebus

352 3379 418 3441 est,
441 3369 553 3442 babet,
576 3371 664 3450 quod
685 3389 719 3432 sc
734 3381 787 3432 aut
806 3379 957 3453 sequatur
977 3369 1162 3432 naturaliter
1184 3381 1237 3433 aut
1256 3370 1435 3450 praecedat.
1481 3368 1544 3431 Est
1562 3368 1667 3446 etiam,

352 3481 370 3524 a
394 3481 460 3543 quo
492 3471 621 3524 naturae
650 3461 832 3525 diversitate
860 3462 1025 3539 dissideat,
1063 3463 1163 3526 velrrti
1185 3461 1343 3526 hominem
1369 3458 1514 3546 sequitur
1543 3460 1713 3546 quidemst

350 3552 486 3627 animal,
516 3553 676 3634 praecedit
709 3575 789 3618 vero
826 3555 1043 3619 substantiam.
1102 3556 1245 3620 Dicimus
1276 3555 1382 3620 enimc
1413 3553 1448 3618 Si
1479 3556 1576 3618 bomo
1603 3565 1668 3630 est,

352 3646 469 3710 animal
490 3657 552 3709 est.
596 3646 811 3711 Substantiam
830 3669 910 3713 vero
933 3650 1113 3730 praecedit,
1137 3672 1233 3734 quum
1249 3647 1481 3734 proponimus:
1506 3645 1540 3710 Si
1555 3645 1670 3710 animal

352 3751 419 3814 est,
456 3739 630 3802 substantia
656 3753 717 3804 est.
776 3743 949 3826 Repugnat
976 3763 1054 3807 uero
1072 3755 1221 3819 mortuo,
1259 3765 1355 3828 quum
1377 3739 1596 3804 enuntiamus:
1636 3737 1671 3802 si

354 3832 468 3901 animal
493 3843 561 3908 est,
596 3845 754 3898 mortuum
775 3849 839 3898 non
871 3847 932 3898 cst.
983 3836 1174 3911 Praeterea,
1199 3856 1280 3920 quae
1308 3845 1380 3897 sttut
1406 3833 1568 3909 adiuncta,
1594 3843 1673 3894 tem-

353 3927 487 4008 poribus
519 3925 687 3989 distributa
714 3938 807 4001 stunt,
844 3938 879 3990 ut
899 3939 970 3989 ante
992 3949 1080 4004 reru,
1118 3949 1188 3990 eum
1218 3948 1255 3991 re
1277 3929 1330 3990 vel
1353 3937 1428 4009 post
1456 3946 1537 3988 rem.
1580 3925 1672 4004 Quae
1683 3946 1715 3997 ³⁵

355 4038 437 4081 vero
459 4030 531 4080 sum
550 4019 783 4095 antecedentia,
819 4022 1044 4105 consequentia
1067 4033 1099 4083 et
1121 4021 1347 4105 repugnantia,
1383 4017 1623 4104 quomodolibet
1641 4018 1672 4080 in

355 4109 555 4192 temporibus
575 4111 659 4185 sint,
682 4111 759 4174 nibil
781 4111 894 4174 relect.
947 4115 1027 4177 Nam
1046 4113 1155 4196 priora
1176 4133 1272 4195 saepe
1295 4112 1493 4194 temporibus
1517 4109 1673 4174 comitan-

353 4213 425 4278 tur,
449 4211 482 4265 ct
506 4201 704 4284 temporibus
724 4203 904 4284 posteriora
933 4209 1148 4288 praecedunt,
1180 4218 1232 4279 et,
1256 4227 1338 4291 quae
1360 4203 1452 4268 simul
1475 4203 1673 4284 temporibus

354 4305 445 4369 sunt,
475 4293 552 4358 alias
573 4298 785 4376 praecedunt,
823 4297 898 4360 alias
922 4319 1000 4368 uero
1022 4311 1279 4381 consequuntur,
1315 4310 1349 4360 ut
1371 4295 1517 4380 superius
1542 4317 1671 4382 quoque

354 4407 451 4469 saepe
482 4387 632 4450 diximus.
693 4388 861 4471 Amplius,
897 4412 979 4473 quae
1007 4393 1223 4456 antecedentia
1257 4404 1329 4455 sum
1363 4401 1396 4454 et
1431 4391 1716 4474 consequentiam

353 4479 536 4562 relinquere
572 4501 642 4544 sese
672 4502 735 4545 uon
778 4493 929 4563 possunt,
963 4505 1022 4548 nec
1056 4485 1118 4548 sibi
1160 4485 1369 4568 repugnantia
1413 4483 1605 4558 cobaerere,
1643 4497 1674 4548 et

353 4582 427 4637 stunt
455 4574 634 4636 necessario
661 4573 786 4638 sibimet
813 4595 957 4640 connexa
987 4580 1037 4641 vel
1065 4579 1260 4654 inconnexa3
1298 4600 1378 4664 quae
1408 4595 1487 4643 vero
1514 4589 1588 4640 sunt
1619 4581 1675 4642 ad·

348 4664 485 4739 iuncta,
523 4666 597 4728 nibil
637 4668 779 4730 obtinent
817 4669 1033 4744 necessitatis,
1070 4672 1143 4754 quia
1172 4684 1205 4736 et
1238 4673 1329 4758 iungi
1361 4675 1486 4740 sibimet
1521 4686 1552 4738 et
1590 4693 1607 4736 a
1640 4693 1675 4736 se

351 4757 497 4839 separari
518 4770 651 4842 queunt.
708 4759 797 4840 Quae
828 4783 925 4845 quum
954 4763 999 4826 ita
1029 4763 1108 4839 sint,
1139 4767 1283 4850 quaestio
1313 4768 1447 4834 difficilis
1471 4770 1675 4833 vehementer

354 4851 516 4915 oboritur.
571 4852 710 4916 Videtur
739 4853 819 4916 enim
846 4854 947 4919 minus
978 4855 1170 4922 intuentibus
1196 4859 1272 4923 nibil
1294 4860 1346 4924 bic
1370 4862 1461 4925 locus
1484 4862 1611 4924 differre
1635 4863 1674 4923 ab
1685 4879 1717 4929 tt

353 4943 393 5008 iis
423 4941 554 5026 [locis],
585 4945 640 5029 qui
663 4944 742 5009 dicti
770 4959 841 5008 stunt
871 4949 922 5010 uel
955 4969 1113 5034 agenere
1136 4952 1186 5014 vel
1210 4973 1226 5014 a
1249 4953 1354 5035 specie
1377 4954 1426 5016 vel
1450 4975 1467 5016 a
1490 4952 1673 5019 contrariis.

356 5169 405 5206 m
432 5081 468 5209 bn
477 5087 578 5209 partes
603 5085 681 5154 sunt]
707 5099 764 5136 om.
795 5081 874 5136 Eine.
902 5085 979 5140 dass.
1029 5095 1075 5143 10·
1094 5089 1152 5156 vis]
1175 5089 1259 5142 Parte.
1281 5117 1315 5132 -
1336 5094 1381 5142 ins
1399 5095 1495 5150 cereri.
1541 5091 1587 5152 46.
1606 5091 1677 5142 locta

408 5191 416 5209 .
470 5173 513 5213 n.
