4434 5959
513 594 576 660 809
1048 596 1285 665 sommus

511 738 583 823 quis
613 759 677 803 non
699 738 812 803 iratus.
870 740 934 804 Sed
955 748 1076 817 tamen,
1112 737 1140 802 sl
1161 740 1201 802 de
1223 737 1357 823 singulis
1382 738 1583 823 inquiratur,
1620 760 1692 805 enm
1714 760 1835 807 eoam·

511 832 638 908 buisse,
662 834 715 917 qui
738 832 873 910 amavit,
898 845 928 897 et
951 834 1087 915 pallere,
1122 831 1178 917 qui
1199 832 1304 907 timet,
1329 844 1362 896 et
1379 833 1551 912 occidisse,
1576 832 1632 924 qui
1652 834 1750 898 luerit
1771 836 1835 899 ira·

511 935 578 1001 tus,
603 926 672 990 veri
688 926 788 990 simile
804 938 871 1001 est,
896 948 960 991 non
976 929 1063 1011 quod
1084 927 1127 989 ita
1145 946 1276 989 necesso
1292 929 1352 1003 sit,
1374 932 1430 992 sed
1447 928 1520 1013 quia
1543 952 1584 994 ex
1604 930 1717 997 ricinis
1732 930 1836 995 vicina

513 1019 706 1102 colligimus.
764 1022 846 1082 Nam
876 1024 962 1102 quod
994 1024 1032 1083 ad
1057 1021 1236 1101 exemplum
1258 1019 1371 1083 attinet
1397 1021 1489 1084 husius
1517 1026 1718 1108 argrsmenti,
1756 1028 1836 1087 haec

484 1113 683 1177 ssimitimao
713 1125 773 1177 cst.
827 1113 949 1195 Capitis
978 1113 1143 1177 diminutio
1176 1123 1223 1175 est
1257 1112 1378 1195 prioris
1405 1126 1505 1178 status
1534 1120 1741 1198 permutatio.
1796 1118 1836 1181 lt

511 1206 615 1270 multis
641 1206 713 1269 lieri
735 1206 836 1270 modis
858 1208 959 1282 solet,
999 1208 1049 1270 vel
1070 1210 1203 1270 maxima
1227 1208 1278 1270 rel
1296 1209 1396 1271 media
1419 1210 1467 1271 vel
1493 1210 1631 1275 minima.
1690 1211 1836 1275 Maxima

512 1312 582 1376 est,
617 1322 713 1383 quum
735 1310 767 1363 et
789 1301 917 1363 libertas
937 1312 967 1364 et
988 1300 1100 1364 civitas
1124 1299 1305 1376 amittitur,
1328 1310 1363 1364 nt
1383 1304 1586 1384 deportati03
1609 1304 1709 1369 media
1732 1324 1833 1381 vero,

511 1392 542 1457 iu
566 1414 627 1477 qua
644 1392 756 1455 civitas
775 1392 946 1470 amittitur,
970 1395 1124 1457 retinetur
1145 1394 1294 1471 libertas,
1319 1404 1353 1455 ιιι
1372 1394 1402 1457 in
1421 1396 1554 1460 Latinas
1572 1398 1714 1463 colonias
1729 1408 1835 1461 trans·

513 1486 680 1568 migratio;
704 1486 850 1563 minima,
882 1509 977 1569 qtutm
999 1508 1057 1550 uec
1085 1486 1197 1549 civitas
1228 1506 1287 1549 nee
1306 1487 1438 1552 libertas
1458 1492 1630 1568 amittitur,
1653 1494 1710 1555 sed
1731 1502 1834 1554 status

470 1578 637 1660 ltprioris
666 1579 828 1660 qualitatis
866 1580 1070 1657 immutatur,
1109 1580 1198 1643 velut
1226 1580 1412 1661 adoptatio,
1446 1594 1501 1646 aut
1535 1586 1729 1669 quibuslibet
1765 1584 1835 1648 aliis

512 1674 611 1737 modis
633 1674 725 1755 prior
756 1686 856 1736 status
888 1684 1008 1737 retenta
1032 1673 1158 1737 civitate
1182 1674 1324 1755 potuerit
1345 1673 1519 1742 immutari.
1572 1678 1730 1742 Mulieres
1752 1698 1835 1741 vero

511 1767 642 1849 antiquo
670 1767 739 1830 iure
769 1767 865 1830 tutela
897 1779 1052 1849 perpetua
1080 1766 1275 1830 continebat.
1326 1768 1532 1833 Recedebant
1559 1792 1639 1835 vero
1666 1793 1682 1834 a
1716 1772 1835 1835 tutoris

510 1870 688 1943 potestate,
723 1882 804 1945 quac
829 1862 860 1924 in
883 1882 1006 1925 manum
1033 1859 1094 1923 viri
1124 1860 1363 1935 convenissent;
1393 1860 1502 1947 itaque
1526 1864 1624 1928 liebst
1644 1864 1690 1927 eis
1713 1865 1834 1948 prioris

510 1964 608 2017 status
639 1953 853 2035 permutatio,
888 1966 918 2016 et
949 1966 1016 2017 erat
1041 1952 1145 2036 capite
1166 1952 1335 2029 diminuta,
1370 1976 1453 2036 quae
1482 1955 1542 2019 viri
1570 1958 1774 2022 convenisset
1800 1957 1835 2020 in

468 2060 647 2109 tsmanum.
693 2047 853 2127 Quaedam
872 2047 988 2131 igitur,
1013 2068 1099 2133 quae
1117 2066 1151 2108 se
1173 2060 1332 2129 nunquam
1354 2047 1457 2127 capite
1480 2048 1692 2124 diminuisset,
1718 2050 1832 2126 idest,

510 2161 591 2223 quae
610 2139 640 2203 in
663 2160 784 2202 mantum
807 2139 868 2221 viri
890 2141 1014 2203 minime
1046 2139 1266 2215 convenisset,
1300 2140 1367 2202 sine
1389 2142 1506 2204 tutoris
1528 2144 1718 2207 attctoritate
1736 2156 1834 2206 testa·

510 2242 646 2297 tuentum
670 2232 761 2295 lecit.
806 2233 993 2313 Quaeritur,
1023 2254 1063 2296 an
1085 2234 1256 2295 secuudum
1282 2232 1349 2294 eius
1366 2235 1489 2296 tabulas
1511 2256 1553 2298 ex
1573 2240 1680 2303 edicto
1700 2251 1835 2322 praeto·

509 2326 555 2389 ris
581 2328 694 2389 debeat
724 2325 791 2389 dari
814 2328 988 2409 possessio.
1047 2328 1112 2389 Hic
1138 2326 1299 2389 subiectus
1334 2326 1459 2410 quidem
1487 2330 1660 2395 terminus:
1695 2331 1834 2395 mulieris

509 2441 668 2505 utinquam
695 2419 798 2501 capite
820 2420 991 2483 diminutae
1009 2419 1151 2492 talutlae;
1174 2418 1372 2501 praedicatus
1394 2441 1494 2486 veroa
1516 2424 1729 2506 possessionis
1755 2445 1835 2488 eon·

467 2514 627 2577 secessio.
680 2514 820 2577 Sumitur
841 2534 922 2599 ergo
953 2516 993 2577 ab
1017 2511 1170 2576 adiunctis
1195 2525 1417 2595 argumentum
1443 2515 1507 2579 boc
1538 2520 1657 2581 niodo:
1704 2518 1836 2581 Natasi

510 2606 681 2670 secundum
706 2604 845 2669 mulieris
869 2608 993 2669 tabulas
1018 2626 1178 2690 nunquam
1208 2604 1314 2688 capite
1335 2605 1503 2671 diminutae
1529 2613 1693 2692 possessio
1715 2616 1832 2689 detur,

509 2700 586 2763 nihil
612 2719 725 2763 caussae
749 2710 814 2779 est,
838 2721 895 2764 cur
920 2720 984 2763 non
1011 2702 1183 2763 sectandum
1212 2701 1421 2782 puerulorum
1451 2724 1582 2787 quoque
1607 2714 1640 2768 et
1664 2727 1834 2770 servorum

509 2794 632 2857 tabulas
654 2813 695 2856 ex
720 2794 824 2857 edicto
848 2792 1006 2875 praetoris
1027 2793 1190 2873 possessio
1213 2792 1429 2874 permittatur.
1485 2796 1571 2876 Quid
1596 2800 1678 2861 enim
1700 2799 1835 2863 officere

508 2897 635 2969 potest,
673 2908 713 2949 ne
740 2888 911 2950 secundum
943 2884 1081 2949 mttlieris
1112 2908 1270 2972 nisuquam
1293 2887 1397 2971 capite
1417 2888 1588 2955 diminutae
1609 2893 1735 2956 tabulas
1757 2914 1838 2975 pos·

466 2990 498 3040 ιε
509 2980 611 3045 sessio
634 2978 819 3044 deleratur?
851 2981 891 3044 Id
915 2979 1055 3053 scilicet,
1084 2982 1173 3064 quod
1193 3001 1253 3057 es,
1282 3004 1363 3065 quae
1386 2993 1605 3047 testamentum
1628 2986 1833 3063 coniecerat,

508 3074 557 3137 sui
579 3096 642 3139 non
666 3075 763 3138 luserit
781 3073 878 3149 iuris,
914 3075 1001 3158 quod
1022 3071 1104 3159 idem
1133 3085 1164 3136 ct
1195 3077 1235 3138 de
1255 3074 1364 3158 pueris
1388 3089 1419 3138 et
1442 3078 1480 3139 de
1501 3078 1602 3141 serris
1623 3078 1686 3142 dici
1711 3091 1834 3161 potest.

508 3168 643 3233 Illorum
675 3170 755 3231 enim
789 3181 893 3243 actas,
928 3168 1055 3230 illorum
1086 3167 1229 3231 conditio
1260 3169 1293 3231 in
1323 3170 1451 3231 alterius
1481 3171 1540 3234 sita
1573 3184 1620 3234 est
1657 3184 1832 3255 potestate.

507 3261 705 3343 Adiungitur
733 3282 834 3345 ergo:
873 3263 907 3325 Si
929 3262 1100 3324 sectandum
1125 3258 1282 3336 mulieris,
1317 3282 1399 3345 qnae
1421 3264 1452 3325 in
1474 3284 1535 3327 suo
1553 3263 1622 3328 iure
1641 3286 1705 3329 non
1728 3278 1831 3339 esset,

469 3376 472 3383 ·
508 3356 632 3417 tabulas
657 3354 820 3435 possessio
848 3356 962 3430 detur,
998 3354 1168 3415 sectiodum
1196 3354 1405 3435 puerulorum
1441 3376 1570 3440 quoqne
1605 3370 1637 3421 et
1660 3379 1833 3423 servorum

466 3470 498 3521 an
509 3448 633 3511 tabulas
655 3446 888 3528 possessionem
919 3444 1006 3521 dari,
1044 3446 1100 3530 qui
1118 3445 1168 3508 sni
1189 3446 1265 3510 iuris
1286 3448 1411 3511 minime
1431 3450 1514 3526 siut,
1552 3454 1680 3535 quando
1704 3452 1833 3536 quiden

508 3540 554 3603 illi
576 3539 634 3602 snb
662 3536 796 3613 tutoris,
821 3537 867 3601 illi
888 3550 959 3601 sunt
984 3541 1044 3601 sub
1072 3537 1189 3602 domiui
1208 3551 1377 3622 potestate.
1409 3543 1599 3607 Proximum
1623 3564 1759 3629 namque
1784 3555 1834 3607 est

508 3634 572 3709 rei,
597 3636 639 3695 de
662 3652 723 3716 qua
742 3631 925 3715 quaeritur,
964 3635 1051 3718 quod
1073 3632 1141 3697 eius
1163 3644 1212 3695 est
1232 3656 1432 3720 consequens
1456 3648 1489 3699 et
1513 3651 1627 3720 postea
1652 3637 1832 3701 exsistens:

509 3738 541 3791 ut
568 3728 738 3789 secundum
769 3745 936 3790 servorum
972 3746 1214 3811 puerorumque
1243 3728 1366 3791 tabulas
1400 3732 1559 3794 bonorum
1586 3730 1748 3812 possessio
1776 3734 1835 3793 de·

508 3832 578 3897 tur,
602 3820 630 3883 si
651 3820 746 3893 illu'd,
777 3822 865 3902 quod
884 3831 931 3882 est
952 3818 985 3881 in
1004 3820 1202 3901 quaestione,
1228 3824 1428 3886 conceditur.
1472 3823 1645 3905 Quaeritur
1666 3823 1769 3899 esaim,
1792 3844 1833 3886 an

466 3916 677 3992 sesecundum
701 3912 839 3975 mulieris
869 3912 991 3975 tabulas
1020 3934 1178 3997 nunquam
1200 3914 1304 3996 capite
1326 3915 1496 3980 disninutae
1529 3915 1692 3998 possessio
1718 3919 1833 3979 detur:

508 4030 600 4092 quant
622 4028 689 4069 rem
714 4004 932 4089 consequitur,
952 4017 984 4067 ιιι
997 4008 1018 4081 ,’
1030 4006 1057 4068 si
1074 3998 1107 4073 id
1127 4006 1202 4083 liat,
1230 4010 1402 4072 secundum
1417 4030 1586 4073 servornm
1603 4030 1733 4094 qttoque
1753 4030 1835 4093 pne·

507 4122 680 4182 roremque
702 4098 826 4163 tabulas
848 4097 1024 4162 deseratur.
1069 4102 1166 4181 Quod
1187 4100 1262 4185 quia
1282 4101 1353 4164 lieri
1372 4122 1437 4165 non
1460 4113 1612 4185 oportet,
1636 4124 1676 4166 ue
1697 4106 1744 4166 rei
1760 4104 1834 4188 qui·

507 4198 576 4259 dem
600 4193 818 4279 praecedentis
847 4192 1001 4257 exsistere
1023 4193 1151 4258 debebit
1171 4194 1367 4278 exemplum.
1421 4196 1492 4260 Nec
1521 4208 1626 4259 umen
1652 4198 1833 4261 necessaria

507 4302 555 4353 est
577 4286 783 4360 consecutio,
806 4288 863 4348 scd
885 4283 1001 4349 vicina.
1054 4288 1135 4351 Nam
1158 4287 1227 4351 lieri
1249 4301 1378 4371 potest,
1403 4302 1437 4353 ut
1455 4289 1488 4353 id
1513 4290 1686 4373 recipiatur
1705 4291 1829 4367 solum,

463 4383 677 4454 insecundum
697 4378 837 4441 mulieris
862 4381 985 4443 tabulas
1008 4381 1244 4463 possessiouem
1266 4383 1354 4459 dari,
1387 4404 1453 4447 non
1476 4385 1631 4460 veroid,
1661 4396 1697 4447 ut
1717 4405 1833 4447 secun-

506 4479 579 4540 dnm
602 4474 726 4537 tabulas
743 4492 924 4567 servorum
937 4474 987 4537 vel
1004 4495 1179 4557 puerorum
1201 4475 1362 4559 possessio
1385 4479 1592 4541 concedatur.
1636 4479 1698 4542 Sed
1717 4478 1833 4560 proxi·

507 4592 589 4633 ιιιιιιιι
610 4579 677 4642 est,
701 4579 754 4641 ut,
779 4566 833 4648 qui
855 4590 938 4631 ortuo
959 4570 1024 4632 hoc
1041 4566 1185 4651 recepit,
1208 4569 1371 4651 posterius
1388 4569 1467 4633 illud
1488 4570 1644 4634 admittat.
1688 4572 1750 4635 Est
1771 4570 1833 4654 igi-

506 4676 558 4726 tur
580 4670 799 4745 argumentum
823 4663 862 4723 ab
883 4661 1053 4738 adiunctis,
1090 4661 1124 4725 id
1144 4673 1210 4740 est,
1236 4665 1276 4725 ab
1298 4682 1361 4738 eo,
1386 4666 1474 4749 quod
1496 4664 1527 4726 iu
1549 4664 1622 4747 ipso
1640 4666 1770 4740 haeret,
1794 4666 1833 4728 de

507 4770 572 4833 quo
595 4745 777 4833 quaeritura
802 4756 850 4807 est
870 4758 974 4809 autem
996 4747 1141 4831 quaestio
1165 4748 1204 4809 de
1226 4746 1365 4811 mulieris
1391 4767 1551 4833 nunqnam
1573 4749 1678 4831 capite
1699 4750 1834 4813 diminu-

581 4932 610 4987 5.
632 4924 716 4983 Conl.
737 4925 803 4981 Gali
832 4930 924 4981 lustlt.
944 4926 993 4981 ttb.
1014 4928 1037 4982 1.
1056 4930 1097 4995 §b-
1118 4931 1274 4987 159-l62.
1321 4934 1367 4985 10.
1385 4887 1569 5000 immutatur!
1590 4932 1657 4985 veo.
1678 4958 1717 4973 ·-·
1734 4938 1832 4987 lm·

506 5008 602 5057 uultur
629 5008 725 5058 ceteri.
774 5012 817 5060 tt.
838 5002 920 5059 conl.
939 5004 1004 5059 Gall
1026 5005 1120 5061 lussit.
1153 5002 1202 5057 ttb.
1222 5004 1245 5057 1.
1273 5005 1298 5075 b.
1327 5004 1392 5063 lb'l.
1430 5005 1532 5059 suern
1551 5001 1587 5059 sd
1606 5004 1679 5081 Tap.
1698 5024 1761 5083 esp.
1782 5014 1828 5065 ιι.

506 5080 531 5147 b.
550 5082 596 5137 116.
649 5085 693 5141 50.
713 5078 835 5151 quaodo]
858 5080 936 5135 Elias.
958 5108 994 5123 -
1012 5084 1126 5133 uoniam
1143 5076 1214 5135 Edd.
