4434 5959
558 616 619 682 rna
1064 572 1371 688 merouruos

556 755 790 823 a‘contiteatur
809 757 1003 837 ininrlersm,
1036 771 1253 846 pegumentum
1278 756 1445 843 probabile
1471 760 1528 827 ilts
1563 758 1601 825 Bi
1620 758 1731 845 igitur
1747 760 1864 825 inimi·

523 929 527 936 ι
555 871 617 916 cass
626 848 729 944 ficit,
753 852 888 917 oceidit.

638 947 714 1010 Hoc
750 944 792 1009 ds
826 966 951 1031 genera
985 946 1045 1031 qni
1077 944 1275 1037 diligentiam
1310 945 1593 1011 considerandum
1631 957 1861 1029 putauerunt,

556 1059 659 1124 pnsum
678 1039 768 1102 idem
785 1038 865 1121 een]
909 1039 1122 1105 Ratiocinatio
1148 1051 1195 1104 est
1212 1040 1309 1125 igitur
1327 1040 1430 1103 oratio
1450 1061 1510 1123 per
1532 1062 1565 1103 se
1587 1039 1713 1123 cognita
1744 1063 1780 1103 se
1804 1062 1862 1103 sara

531 1130 589 1195 avi
611 1143 641 1194 et
656 1121 777 1195 ratione
791 1132 934 1207 firmata,
958 1153 997 1196 ea
1013 1154 1047 1195 re
1069 1136 1214 1199 contessa
1234 1146 1388 1216 surruptum
1405 1134 1442 1195 ari
1463 1135 1555 1196 fldem
1579 1132 1745 1215 prolerens
1765 1156 1863 1216 argn-

557 1237 706 1289 mentum.
750 1225 893 1301 Vcrum,
922 1238 954 1287 ut
976 1226 1128 1302 diximus,
1161 1228 1239 1289 haec
1265 1227 1367 1290 oratio
1390 1238 1437 1290 est
1462 1227 1621 1308 pertinens
1646 1228 1684 1289 ad
1709 1226 1862 1311 syllogis-

556 1339 640 1381 mos.
694 1316 957 1401 syllogismorum
990 1332 1091 1381 autem
1124 1320 1209 1381 multi
1242 1320 1397 1404 qrrinque,
1439 1319 1526 1383 turriti
1553 1318 1703 1401 plurimas
1732 1332 1859 1401 partes,

557 1412 645 1475 atttriti
674 1411 801 1493 (inquit)
832 1423 897 1475 tres
925 1433 995 1475 esse
1024 1412 1186 1477 dixerunt:
1205 1416 1276 1475 >scri
1299 1423 1524 1495 utrorumque,
1559 1412 1678 1497 inquit,
1717 1412 1862 1475 rationes

558 1506 707 1567 debemus
728 1504 901 1587 inspicere,
939 1504 1010 1588 qrria
1034 1516 1063 1568 et
1090 1508 1196 1568 brevis
1219 1504 1370 1586 inspectio
1393 1517 1439 1567 est
1464 1516 1494 1566 et
1522 1506 1643 1567 oratori
1668 1526 1719 1567 rea
1750 1526 1862 1569 neccs-

516 1596 651 1661 ttssris.
696 1598 786 1679 Opus
812 1598 953 1681 qrrislem,
977 1598 1093 1680 ineptit,
1119 1611 1322 1680 utrorpuupre
1348 1598 1509 1660 consimile
1535 1609 1594 1663 est.
1639 1600 1718 1661 iiam
1742 1598 1861 1661 aiteru-

558 1704 641 1755 trum
665 1703 696 1754 et
716 1693 964 1773 propositionem
991 1694 1085 1754 babet
1107 1706 1139 1754 et
1159 1694 1420 1774 approbationem
1443 1690 1673 1774 propositionis
1694 1704 1725 1754 et
1750 1713 1863 1755 rrrrsus

559 1784 801 1866 assumptionem
820 1798 849 1847 et
868 1786 1128 1866 approbationem
1153 1786 1373 1866 assumptionis
1396 1798 1427 1849 et
1449 1787 1692 1849 conclusionem.
1723 1786 1859 1858 Verum,

557 1878 677 1966 inquit,
701 1878 754 1961 qui
776 1878 990 1962 syllogismum
1014 1883 1043 1941 in
1067 1880 1202 1962 ‹psirupre
1230 1891 1334 1959 partes
1358 1879 1517 1955 dividunt,
1542 1882 1597 1940 has
1622 1877 1761 1961 singulas
1783 1898 1862 1958 par·

557 1982 606 2035 tes
636 1983 816 2045 nttttteranl3
851 1984 883 2035 ut
911 1972 1089 2054 propositio
1123 1994 1181 2033 urm
1216 1993 1288 2053 pars
1322 1972 1377 2047 sit,
1413 1972 1599 2053 approbatio
1631 1971 1863 2053 propositionis

517 2066 676 2138 ¹'alteru
706 2066 747 2127 ita
771 2076 800 2126 et
822 2063 853 2127 in
876 2075 1088 2145 assrrsuptrone
1118 2076 1147 2127 et
1170 2066 1399 2147 approbatione
1420 2064 1658 2149 assumptionis,
1693 2075 1725 2125 ut
1751 2063 1862 2146 qrsinta

558 2178 634 2240 pars
656 2159 694 2220 sit
720 2156 895 2221 conclusio.
939 2156 991 2220 Illi
1013 2170 1126 2234 autem,
1150 2159 1202 2242 qui
1225 2172 1289 2220 tres
1309 2168 1413 2239 partes
1435 2157 1465 2219 in
1481 2158 1669 2239 syllogismis
1691 2178 1758 2223 esse
1781 2178 1863 2220 con·

558 2254 707 2326 tendrmt,
741 2249 991 2333 propositionem
1021 2262 1049 2312 et
1081 2251 1341 2332 approbationem
1371 2250 1597 2332 propositionis
1626 2272 1714 2313 arnam
1739 2264 1860 2332 partem

558 2354 740 2407 nsrrrrcrant:
765 2363 875 2405 rursus
896 2344 1136 2423 assumptionem
1160 2355 1192 2407 et
1214 2342 1708 2425 approbationemassumptionis
1730 2345 1860 2406 alteram

558 2448 679 2520 partem
709 2448 891 2498 numerant:
929 2436 1051 2497 tertiam
1075 2459 1153 2523 sero
1184 2434 1431 2501 conclusionem.
1474 2438 1521 2501 Ita
1547 2450 1751 2519 utrorumque
1778 2456 1862 2518 opus

516 2529 676 2604 ²⁰similc,
711 2532 765 2590 scd
788 2527 817 2591 iu
844 2528 989 2591 membris
1008 2529 1114 2610 operis
1137 2552 1284 2593 narrncrus
1310 2530 1465 2594 «literana.
1519 2531 1584 2593 Iam
1612 2551 1686 2593 sero
1705 2531 1863 2613 quinque·

557 2623 666 2706 pertiti
687 2621 859 2704 syllogismi
876 2621 943 2685 sire
962 2622 1107 2707 tripertiti
1131 2624 1159 2687 in
1184 2624 1260 2707 ipsis
1282 2623 1369 2686 libris
1395 2624 1537 2706 eresripla
1563 2623 1737 2706 poterimus
1759 2644 1864 2705 agno·

558 2736 660 2779 scere.
705 2716 827 2777 Verum
850 2716 998 2797 qsraedam
1028 2731 1195 2797 praecepta
1224 2717 1256 2783 in
1277 2718 1324 2780 bis
1352 2718 1494 2799 partibus
1516 2718 1616 2796 posita
1637 2715 1861 2797 intelligamus.

558 2807 767 2889 Propositio,
800 2807 917 2891 inquit,
955 2810 1107 2892 generalis
1129 2808 1160 2871 in
1185 2830 1244 2874 suo
1264 2831 1333 2873 esse
1353 2814 1444 2872 debet
1463 2821 1493 2873 st
1516 2809 1566 2885 id,
1591 2811 1676 2891 qtrnd
1700 2828 1863 2871 assumen-

558 2904 628 2967 slum
648 2902 677 2963 iu
700 2921 734 2962 sc
757 2911 822 2973 est,
847 2901 1024 2963 necessario
1043 2901 1215 2965 currimns.
1261 2902 1464 2985 Approbatio
1490 2902 1555 2963 eius
1581 2900 1685 2963 miultis
1707 2902 1813 2965 serbis
1831 2911 1863 2963 et

515 2994 690 3059 arrives-sis
713 2994 884 3056 rationibus
915 2995 1054 3057 iacienda
1083 3008 1143 3060 est.
1197 2995 1382 3075 Assttnrptio
1412 3014 1489 3057 vero
1513 3016 1552 3056 ex
1578 2993 1607 3056 si
1630 2993 1863 3074 propositionis

558 3088 705 3171 capienda
722 3097 784 3159 esta
808 3097 842 3147 ut
861 3087 938 3149 baec
958 3090 1131 3169 assumptio
1153 3099 1218 3152 est:
1242 3088 1339 3154 Nihil
1356 3099 1470 3151 aretem
1490 3087 1608 3149 melissa
1625 3106 1728 3169 pisam
1749 3084 1863 3148 omnia

522 3252 527 3259 ,
558 3181 705 3246 mundns
723 3178 999 3245 administratur.
1045 3182 1134 3244 Haec
1155 3181 1326 3262 assumptio
1346 3202 1386 3241 rx
1405 3180 1435 3242 ri
1454 3178 1683 3260 propositionis
1702 3190 1863 3257 asssrmpta

558 3286 625 3338 ests
664 3294 743 3357 qrrae
765 3284 813 3335 est
840 3273 920 3335 enim
947 3272 1150 3354 propositio?
1185 3274 1314 3339 Melius
1341 3284 1569 3347 occurentem,
1607 3292 1693 3361 quoe
1718 3271 1864 3335 oonsilio

556 3378 744 3452 geruntur,
766 3386 867 3449 qnam
888 3388 974 3451 qnos
996 3367 1067 3433 aine
1085 3367 1229 3431 consilio
1245 3366 1539 3431 administrantur.
1580 3364 1723 3436 Deinde,
1746 3363 1862 3445 inquit,

515 3460 648 3525 suetiam
673 3458 894 3540 assumptionis
916 3460 1105 3541 approbatio
1130 3460 1231 3523 urrrltis
1253 3459 1426 3523 rationibus
1442 3458 1583 3521 iacienda
1605 3469 1664 3520 est.
1708 3458 1865 3521 Extrema

558 3550 722 3615 conclusio
745 3562 810 3627 est,
835 3574 914 3637 qrrac
939 3565 1089 3636 qtsattunr
1111 3554 1210 3617 modis
1231 3554 1284 3627 fin
1307 3574 1388 3638 qrros
1410 3556 1521 3615 rrrodos
1536 3552 1598 3617 aiio
1614 3551 1642 3613 in
1660 3551 1732 3613 loeo
1755 3560 1866 3613 osten-

557 3646 685 3719 demus,
709 3664 804 3725 quum
826 3646 864 3707 de
887 3644 1037 3725 bipertito
1059 3648 1244 3733 syllogismo
1266 3646 1462 3729 coeperimus
1485 3648 1601 3709 habere
1622 3654 1801 3706 tractatum·

639 3736 954 3821 Quinquepertitom
972 3738 1081 3821 igitur
1094 3742 1156 3803 iroe
1173 3752 1277 3823 praeto
1288 3751 1412 3824 putant
1431 3760 1503 3803 esne
1517 3732 1865 3821 argumentationem]

558 3828 621 3909 Qui
642 3828 768 3911 (inqrsit)
801 3828 1087 3913 quinquepertitam
1116 3832 1222 3895 dieunt
1252 3854 1321 3896 esso
1342 3830 1667 3915 argumentationem,
1700 3830 1763 3890 boc
1784 3826 1865 3889 alia·

515 3934 548 3986 ts
558 3932 653 3997 runt,
677 3924 762 4005 qnod
784 3942 879 4005 supra
901 3922 1109 3998 ostendimus3
1130 3926 1162 3987 id
1181 3938 1245 4002 est,
1269 3929 1408 4008 separari
1423 3924 1672 4006 propositionem
1689 3923 1728 3982 ab
1742 3940 1865 4001 appro-

557 4012 686 4079 batione
707 4036 763 4079 sua
795 4026 825 4077 et
847 4035 957 4078 rursus
980 4016 1222 4097 assumptionem
1246 4020 1285 4081 ab
1307 4016 1539 4102 approbatione
1560 4036 1628 4078 aua.

640 4108 709 4192 Qui
725 4120 838 4171 nutem
857 4108 1066 4192 tripertitam
1089 4132 1162 4173 esse
1183 4111 1314 4193 dicunt]
1339 4110 1431 4184 'Illi,
1456 4108 1575 4191 inquit,
1598 4106 1653 4190 quii
1674 4104 1866 4187 tripertitam

558 4204 860 4287 argumentationem
883 4224 951 4266 esse
973 4205 1188 4279 contendunt,
1219 4206 1330 4267 eodem
1352 4205 1447 4267 musio
1471 4202 1593 4286 quidem
1615 4210 1747 4263 tractant
1769 4220 1868 4283 argn-

559 4296 792 4360 mentationem.
836 4298 916 4360 Nam
937 4306 968 4359 et
989 4296 1227 4378 propositiones
1250 4300 1365 4361 habent
1386 4308 1417 4358 et
1440 4292 1687 4378 approbationes
1709 4303 1741 4355 et
1755 4312 1867 4355 rrrrsns

516 4411 549 4460 so
559 4393 786 4473 assumptiones
816 4410 886 4452 cum
918 4388 1199 4471 approbationibus
1231 4390 1313 4453 suis:
1345 4388 1401 4452 sed
1429 4390 1505 4451 hace
1526 4386 1599 4450 bina
1621 4396 1812 4449 connectunt
1833 4396 1868 4447 et

527 4534 532 4541 .
558 4484 692 4547 reddunt
714 4482 858 4568 singulm
880 4494 915 4546 ut
936 4483 1184 4567 propositionem
1207 4503 1277 4545 eum
1299 4482 1530 4563 approbatione
1550 4500 1605 4541 arra
1620 4479 1710 4541 simul
1731 4476 1866 4561 iungant

633 4642 678 4692 st.
696 4635 877 4705 atterutrum]
898 4632 966 4689 cod.
985 4635 1048 4688 Bas.
1069 4659 1106 4675 ··
1125 4631 1424 4689 dissonantiam.

633 4714 677 4767 21.
698 4734 731 4750 ··
749 4726 916 4777 cognoscere
937 4709 986 4761 Cel.
1007 4711 1069 4761 iias.

633 4786 678 4841 26.
696 4781 779 4834 Naar
792 4792 886 4835 aretem
903 4784 1000 4834 meiius
1017 4800 1098 4854 qnam
1118 4785 1186 4854 oen]
1209 4780 1361 4853 Legebatur
1378 4780 1464 4834 olim:
1483 4776 1555 4831 mast
1570 4790 1663 4832 antem
1681 4780 1778 4832 melissa
1794 4796 1867 4832 eon-

557 4856 642 4923 estro,
670 4875 751 4928 quam
768 4864 820 4909 cet.
840 4857 886 4910 sesi
906 4857 1059 4911 assentienti
1086 4855 1167 4911 boile
1194 4857 1300 4930 parebit
1320 4868 1464 4931 perperam
1485 4859 1617 4907 intrusum
1636 4852 1719 4909 fnisse
1739 4850 1774 4911 rei
1793 4871 1866 4905 enn-

557 4934 630 4985 aas.
648 4938 730 4989 csse.
767 4930 870 5003 (Habet
888 4933 1107 4985 eenamcenam
1127 4930 1194 4986 cod.
1212 4932 1289 4993 Bran
1316 4935 1360 4985 sed
1381 4936 1404 4985 st
1423 4946 1465 4984 eu
1484 4943 1499 4981 a
1521 4929 1664 4983 Victorino
1684 4934 1767 5003 tpsn,
1799 4944 1865 4983 sane

558 5010 583 5062 ia
602 5010 725 5081 eorrupit
743 5006 885 5060 Ciceronis
905 5010 1155 5061 ratiocinationem.
1175 5007 1240 5071 Os.)

632 5086 679 5143 55,
699 5086 830 5150 separari
844 5086 1061 5152 propositionem
1079 5080 1115 5132 ab
1134 5081 1343 5153 approbativae]
1376 5084 1522 5157 Perpetem
1546 5078 1651 5135 editum
1675 5092 1734 5132 erar
1749 5083 1864 5151 parari.

558 5156 643 5213 Care.
682 5153 929 5228 (separarentur
949 5156 1018 5213 cos.
1037 5154 1090 5209 lias
1121 5152 1197 5227 ase.)
