4434 5959
902 637 994 700 LlB.
1016 637 1047 700 1.
1589 635 1627 696 tt

405 779 458 842 Eo
488 775 675 840 studiosius
702 787 735 839 et
762 777 831 839 illis
864 776 1088 840 resistendum
1097 775 1183 868 sitit
1210 789 1243 840 et
1264 775 1486 861 reipublicae
1507 797 1626 841 consu·

333 871 475 951 lendum]
533 871 598 933 llio
627 889 755 954 quoqne
784 871 949 932 honestum
973 879 1066 952 atque
1088 870 1164 933 utile
1185 871 1333 937 servavit.
1377 871 1553 934 Honestum
1578 881 1627 934 est

332 962 402 1026 enim
425 964 580 1048 improbis
607 963 774 1038 resistere3
807 963 883 1026 utile
906 963 1169 1045 rempublicam,
1199 963 1230 1028 in
1252 986 1312 1049 qua
1338 963 1402 1042 sis,
1435 965 1550 1026 habere
1572 965 1625 1025 de·

332 1057 451 1121 lettsam.

401 1151 504 1234 Quod
523 1163 678 1216 nostrum
697 1151 794 1214 illurn
814 1169 883 1212 non
891 1146 1004 1239 sugit
1017 1151 1193 1230 Catonem]
1236 1153 1407 1226 Nostrum,
1430 1149 1462 1212 id
1480 1161 1538 1226 est,
1556 1149 1650 1216 llo-s

332 1265 456 1306 mount.
500 1245 583 1307 Nam
598 1244 804 1325 reprehensio
822 1242 874 1305 illa
893 1243 1039 1325 superior
1060 1243 1232 1324 sapientum
1248 1256 1342 1329 atque
1359 1242 1571 1327 eloquentium
1586 1243 1626 1306 de

331 1339 517 1399 Graecorum
538 1337 733 1419 principibus
753 1336 837 1399 iacta
859 1345 923 1410 est,
955 1338 1040 1418 quod
1067 1334 1090 1398 ii
1112 1336 1234 1400 disertis
1256 1359 1293 1400 ac
1314 1337 1469 1400 dicacibus
1492 1335 1626 1400 bomini·

331 1429 381 1490 bus
396 1430 489 1492 facile
506 1453 574 1493 rem
594 1431 752 1513 publicam
771 1429 940 1491 cesserint:
978 1449 1060 1491 nunc
1077 1451 1156 1494 vero
1178 1431 1264 1494 vonit
1285 1434 1323 1494 ad
1340 1429 1519 1504 Romanos,
1543 1449 1624 1512 quos

332 1523 457 1584 ostendit
476 1523 519 1585 ita
539 1523 695 1604 sapientes
724 1533 818 1606 atque
839 1521 1025 1606 eloquentes
1045 1521 1161 1600 itlisse,
1193 1536 1228 1588 ut
1254 1545 1410 1608 nunquam
1431 1543 1498 1584 rent
1521 1521 1625 1602 publi·

331 1633 388 1674 eam
417 1617 635 1690 deseruerint;
672 1636 773 1702 neque
809 1614 979 1699 quidquam
1013 1615 1076 1678 illis
1104 1626 1223 1680 tantum
1256 1617 1380 1680 disertis
1417 1613 1622 1679 concessisse.
1636 1629 1667 1678 ttt

333 1705 415 1783 Quod
436 1729 533 1792 quum
555 1709 650 1785 lacit,
683 1708 851 1791 praeponit
874 1707 1006 1772 Graecis
1030 1710 1213 1785 Romanos,
1249 1732 1344 1794 seque
1365 1731 1425 1791 per
1447 1709 1622 1772 Romanos.

332 1802 442 1864 Verum
460 1802 603 1882 exempla
621 1823 716 1886 quum
738 1799 948 1884 proferimus,
972 1821 1035 1864 non
1057 1823 1152 1865 unum
1171 1804 1317 1886 aliquod,
1341 1805 1395 1866 sed
1415 1823 1505 1884 quam
1529 1800 1625 1864 multa

332 1915 504 1976 pmsntnns,
527 1905 717 1956 tamencum
739 1897 855 1957 decore
875 1894 1023 1975 proferre
1046 1896 1216 1960 debemus:
1240 1908 1274 1961 ut
1299 1918 1380 1958 nuuc
1399 1895 1515 1959 Cicero
1538 1913 1625 1957 com·

335 1999 497 2051 memorato
516 1985 641 2051 Catone
659 1987 761 2050 statim
777 1987 855 2050 alios
871 1985 1012 2061 subiicit,
1035 1986 1126 2050 simul
1141 1991 1226 2072 quod
1245 1989 1276 2052 itt
1299 1991 1516 2054 Romanorum
1536 1987 1625 2048 laude

333 2079 412 2142 nnius
431 2079 566 2143 bominis
586 2081 729 2163 quamvis
751 2078 874 2163 egregii
895 2100 959 2142 non
980 2079 1093 2142 sufficit
1114 2083 1305 2163 exemplum.
1636 2097 1666 2146 ts

400 2175 532 2256 Quibus
553 2175 591 2236 in
610 2175 799 2240 hominihus
820 2184 895 2235 erut
919 2193 1051 2238 memma
1071 2175 1180 2238 uirtus
1202 2188 1235 2238 et
1255 2197 1390 2239 summa
1407 2176 1531 2245 uirtsste
1551 2193 1631 2236 am·-

330 2261 476 2350 ph'ficitto
500 2269 709 2332 musoritae:
739 2281 773 2331 et
796 2287 883 2351 quoe
901 2266 955 2328 his
981 2265 1085 2328 rebus
1110 2283 1309 2334 ornamento
1339 2283 1372 2333 et
1396 2269 1448 2332 rei
1470 2265 1626 2350 publicae

332 2361 496 2443 praesidio
516 2373 623 2436 esset,
654 2358 859 2446 eloquentia]
908 2358 1069 2420 Virtutem
1093 2358 1125 2421 in
1151 2360 1271 2424 artibus
1290 2383 1416 2443 semper
1443 2358 1625 2442 sapientiam
1694 2379 1698 2385 ·

331 2455 520 2536 accipiamus.
564 2456 686 2518 Verum
714 2456 838 2536 sapiens
860 2462 954 2534 atque
976 2450 1126 2533 eloquens
1148 2453 1265 2518 hahere
1292 2458 1385 2518 debet
1409 2455 1511 2528 illam,
1543 2471 1625 2536 quae

333 2559 420 2611 totam
447 2544 549 2610 efficit
581 2547 811 2611 auctoritatem.
865 2545 978 2627 ltaque
998 2543 1025 2606 si
1054 2547 1182 2607 accedat
1206 2548 1378 2630 sapientia,
1416 2545 1667 2628 amplificaturttt

271 2720 272 2725 ἵ
332 2638 499 2704 auctoritas.
543 2638 577 2702 si
597 2640 645 2702 bis
665 2641 789 2704 duobos
811 2635 978 2701 accesserit
998 2636 1199 2718 eloquentia,
1231 2641 1310 2715 erit,
1336 2640 1391 2726 qui
1409 2643 1486 2702 haec
1509 2650 1624 2720 potue·

332 2731 367 2795 tit
382 2735 518 2808 babere,
550 2734 732 2815 perfectus:
762 2744 797 2794 ut
813 2732 865 2792 bic
882 2729 1052 2793 maioribus
1074 2733 1211 2807 nostris,
1236 2733 1374 2812 Catoni,
1397 2733 1511 2796 Laelio
1529 2743 1624 2815 atque

333 2827 391 2890 aliis
408 2827 538 2890 tradidit
557 2829 764 2910 sapientiam,
788 2824 1023 2899 auctoritatem,
1047 2824 1269 2909 eloquentiam.

271 2962 272 2967 κ
401 2924 516 3004 Quare
538 2941 613 2983 meo
631 2921 768 3006 quidem
787 2917 918 2998 onintn]
965 2915 1167 2982 Meminimus
1186 2921 1217 2982 in
1237 2921 1297 2984 hac
1312 2919 1510 3005 praefatione
1532 2925 1624 3000 quat·

331 3022 395 3075 tttot·
412 3013 535 3076 theseis
555 3034 635 3076 esse.
680 3012 890 3096 Principalem
912 3009 1014 3084 illam,
1051 3029 1118 3072 esse
1140 3011 1327 3096 iungendam
1352 3010 1549 3096 eloquentiae
1573 3022 1666 3072 sa·t⁵

332 3105 479 3188 pientism.
522 3104 696 3170 Secundam
724 3107 826 3182 illam,
859 3123 923 3167 non
953 3101 1083 3163 multum
1112 3108 1263 3186 prodesse
1290 3107 1337 3170 rei
1357 3105 1501 3189 publicae
1523 3102 1623 3166 solam

331 3197 514 3280 sapientiam,
534 3209 637 3263 tamen
660 3202 824 3283 prodesse.
868 3196 1006 3260 Tertiam
1023 3193 1126 3271 illam,
1150 3219 1304 3284 nunquam
1325 3198 1454 3264 omnino
1472 3197 1623 3278 eloquen·
1679 3267 1685 3280 ⁸

332 3291 395 3353 tiam
413 3292 513 3354 solam
534 3295 687 3375 prodesse
707 3294 754 3356 rei
776 3290 938 3374 publicae,
968 3286 1095 3350 nimium
1116 3292 1229 3354 obesse
1253 3293 1452 3376 plerumque.
1503 3291 1621 3354 Postea

331 3387 363 3447 de
378 3384 498 3470 origum
516 3386 715 3470 eloquentiae
734 3383 879 3450 disseruit
891 3393 947 3467 et,
976 3401 1057 3466 quae
1076 3382 1144 3446 eius
1165 3385 1248 3447 circa
1270 3398 1357 3449 actus
1379 3396 1488 3448 natura
1511 3379 1619 3456 luerit,

332 3476 490 3558 disputarit
510 3481 727 3564 ostenditque,
749 3478 854 3562 primo
868 3475 1077 3559 eloquentiam
1092 3477 1267 3558 profuisse,
1289 3479 1347 3543 sed
1365 3475 1510 3561 quamdiu
1525 3473 1664 3544 fueritso

332 3568 413 3632 nista
426 3571 608 3652 sapientiae.
652 3574 751 3650 Post,
776 3574 903 3637 eandem
922 3568 1129 3652 eloquentiam
1149 3571 1309 3654 repudiata
1325 3570 1474 3653 sapientia
1490 3569 1623 3632 maxima

332 3663 480 3748 naufragia
501 3664 643 3728 intnlisse
674 3666 720 3728 rei
748 3665 894 3749 publicae
924 3682 1135 3747 magnumque
1167 3662 1279 3728 exinde
1302 3665 1406 3728 odium
1430 3675 1523 3745 atque
1542 3660 1622 3723 inri-

334 3756 399 3818 diatn
415 3757 627 3821 contraxisse.
669 3761 720 3822 Ne
745 3759 816 3841 quis
834 3777 915 3842 ergo
932 3755 1087 3818 existimet
1107 3757 1319 3841 eloquentiam
1338 3777 1463 3838 semper
1484 3773 1553 3817 esse
1568 3751 1621 3816 fu·

334 3847 478 3930 giendam,
500 3849 619 3936 quippe
641 3852 734 3914 multa
754 3853 950 3916 incommoda
968 3871 1028 3933 per
1048 3851 1129 3912 banc
1149 3851 1317 3935 contigisse
1336 3848 1542 3923 monstrarit,
1564 3866 1620 3909 ne·

334 3943 456 4006 cessario
477 3955 589 4024 quarta
611 3946 689 4007 baec
702 3947 805 4010 thesis
826 3957 894 4019 est,
916 3946 1102 4007 studendum
1121 3943 1336 4028 eloquentiae,
1360 3944 1417 4006 sed
1430 3961 1508 4026 quae
1524 3939 1619 4003 mixta
1630 3957 1662 4008 ³⁵

334 4033 365 4094 sit
382 4035 559 4118 sapientiae.
602 4039 647 4102 Et
666 4049 713 4102 est
731 4040 783 4100 hic
796 4036 886 4124 quasi
907 4035 1102 4100 exhortatio.
1146 4037 1183 4100 ln
1203 4034 1423 4099 exhortatione
1440 4054 1520 4099 vero
1542 4031 1622 4094 deli·

334 4125 488 4192 berationis
516 4141 686 4212 praecepta
713 4143 891 4194 servantur.
935 4133 1105 4194 Tractatur
1126 4129 1259 4205 utilitas,
1286 4139 1440 4192 tractatur
1458 4128 1619 4201 honestas,

333 4227 469 4284 narratur
488 4222 650 4306 possibile.
702 4223 829 4288 Utilitas
851 4242 954 4305 porro
981 4223 1105 4286 duobus
1135 4221 1303 4306 generibus
1323 4217 1619 4303 comprehenditttr;

333 4311 353 4372 si
371 4314 444 4375 nala
460 4315 668 4396 repellamus,
690 4315 718 4379 si
737 4336 892 4398 prospera
915 4336 1156 4400 consequamur.
1207 4316 1299 4400 Ergo
1323 4316 1375 4378 blo
1398 4322 1515 4374 tractat
1535 4309 1621 4374 utili-

333 4413 413 4467 tatem
433 4410 474 4470 ab
495 4419 651 4493 utroque,
675 4420 707 4472 et
723 4408 828 4492 primo
846 4419 882 4472 ut
904 4411 984 4473 mala
1000 4409 1206 4491 repellantur.
1229 4408 1296 4472 Sed
1316 4429 1357 4471 eo
1379 4403 1616 4480 uehementius,
1632 4429 1664 4482 ss

333 4492 434 4579 hqoit,
455 4500 661 4564 studendum
681 4513 732 4566 est
756 4502 981 4587 eloquentiae,
1005 4522 1047 4564 ne
1065 4501 1148 4565 moli
1171 4522 1298 4585 magno
1320 4521 1398 4563 curn
1417 4497 1620 4563 detriutento

333 4587 481 4656 beorum
504 4605 539 4658 et
561 4596 734 4659 communi
757 4597 910 4660 omniunt
930 4595 1081 4678 pernuie
1103 4595 1291 4678 plurimum
1311 4592 1455 4678 possint.
1497 4590 1619 4656 Deinde

333 4687 405 4762 qnod
424 4687 507 4750 bona
528 4699 781 4772 consequunturz
816 4691 931 4774 Quum
946 4689 1171 4771 praesertim,
1202 4687 1323 4773 inquit,
1344 4689 1408 4751 hoe
1425 4705 1530 4748 unum
1551 4685 1616 4762 sit,

394 4847 435 4928 iit.
451 4875 544 4939 illast,
576 4893 645 4946 pune
672 4883 762 4928 totnns
790 4873 887 4948 efficit
909 4881 1120 4946 anctoritatem]
1165 4877 1198 4930 ln
1220 4874 1393 4950 praecedenti
1415 4875 1535 4930 editione
1557 4886 1620 4946 poss

334 4939 363 4998 ῐό
376 4945 464 5018 ejficu
481 4953 608 5024 apposita
628 4964 686 5003 erat
704 4949 882 5022 hypostignte
901 4953 956 5005 hoe
978 4950 1080 5005 modo:
1105 4952 1197 5018 illem,
1222 4969 1292 5022 piane
1312 4960 1402 5005 toturn
1423 4947 1534 5024 efficit,
1564 4966 1620 5000 au-

336 5025 485 5078 steritatem.
524 5023 577 5078 Sed
600 5025 764 5079 basileensis
785 5025 916 5078 editionis
936 5031 1186 5098 interpunctionem
1208 5030 1296 5079 secuti
1316 5043 1417 5080 sumus.
1437 5031 1518 5080 Cara.

394 5099 436 5154 ii.
452 5107 557 5168 quartat
575 5098 659 5168 hose]
680 5100 727 5152 stc
745 5100 797 5155 cd.
819 5101 882 5154 Bas.
901 5121 939 5157 ::
955 5100 1022 5152 lance
1041 5109 1144 5170 qttartn
1165 5099 1235 5154 edd.
1254 5100 1307 5154 Os.

393 5171 436 5228 dd.
452 5175 672 5244 consequentur]
693 5173 749 5228 Sis.
767 5173 818 5229 ed.
837 5176 899 5230 Bas.
918 5205 955 5220 —
973 5181 1173 5248 consequantur
1192 5173 1262 5232 Edd·
1281 5174 1333 5228 Ott.

401 5273 524 5318 suam.
539 5291 563 5318 ι.
578 5275 623 5318 ca..
639 5276 685 5316 ru
699 5277 725 5316 v,
739 5279 759 5318 t.
1349 5247 1369 5310 2
