4434 5959
563 617 604 680 u
1068 615 1353 685 vrcuontuus
1412 573 1417 588 ’

555 755 635 834 sene
650 777 742 838 quum
758 756 930 840 miseritur,
953 768 1057 820 utrum
1078 757 1131 820 fur
1145 781 1183 822 an
1198 759 1370 844 sacrilegus
1383 759 1439 836 sit,
1463 760 1496 824 id
1518 761 1698 845 quaer-intr,
1723 783 1860 846 quonam

563 850 659 933 magis
682 851 807 914 crimine
829 854 1018 916 accusandus
1040 850 1103 916 sit?
1136 852 1198 915 Sed
1219 854 1282 917 hoc
1302 854 1449 928 interest,
1478 857 1564 937 quod
1583 856 1615 917 in
1629 857 1710 934 fine
1731 857 1860 920 erimina

560 954 693 1028 utraque
721 943 902 1028 iunguntur.
957 949 1032 1011 Non
1054 951 1135 1012 enim
1164 969 1258 1031 quum
1289 946 1475 1031 sacrilegum
1505 947 1594 1024 dico,
1630 949 1731 1012 iurem
1758 970 1858 1034 nego.

560 1036 599 1099 ln
619 1039 841 1101 translatione
869 1061 947 1103 vero
969 1062 1033 1106 uno
1055 1055 1104 1106 est
1125 1043 1315 1107 accusandus
1337 1039 1484 1116 cristine,
1515 1040 1581 1103 sive
1602 1040 1676 1117 illo,
1701 1045 1787 1126 quod
1810 1043 1861 1106 in-

535 1131 731 1206 stertimus,
754 1131 822 1194 sire
842 1131 916 1210 illo,
940 1137 979 1196 sd
1001 1140 1085 1218 quod
1108 1158 1179 1200 reus
1201 1135 1366 1198 transferri
1386 1134 1524 1214 postulat
1546 1134 1711 1198 actionem.

641 1227 752 1308 Atque
783 1228 906 1290 harum
930 1229 1080 1312 aliquam
1107 1233 1142 1294 in
1174 1249 1271 1294 omne
1301 1248 1425 1290 causae
1450 1227 1570 1310 genus]
1615 1227 1711 1303 Sive,
1734 1226 1856 1312 inquit,

557 1315 589 1378 in
616 1315 784 1392 iudiciali,
815 1319 934 1382 sivein
958 1322 1186 1398 deliberativa,
1211 1322 1277 1384 sive
1299 1320 1330 1383 in
1351 1320 1642 1384 demonstratione
1663 1342 1788 1383 neccsse
1810 1335 1861 1384 est

558 1410 611 1472 aut
638 1410 895 1475 coniecturalem
925 1426 978 1476 ant
1005 1415 1219 1492 definitivam
1250 1425 1301 1476 aut
1322 1416 1514 1500 generalem
1543 1425 1595 1476 aut
1620 1415 1859 1477 translativam

556 1501 694 1566 incidere
716 1505 982 1570 constitutionem.
1025 1510 1108 1583 Ubi,
1140 1507 1258 1591 inquit,
1290 1509 1401 1569 harum
1423 1507 1506 1568 nttlla
1527 1505 1623 1568 fuerit
1643 1506 1787 1582 inventa,
1811 1506 1857 1568 ibi

516 1597 639 1659 tonsilla
661 1607 708 1658 est
728 1598 958 1663 controversia.
1013 1597 1120 1680 Quane
1141 1608 1197 1663 dee
1218 1621 1311 1663 caussa
1333 1620 1401 1662 esse
1426 1599 1588 1662 iudicanda
1613 1611 1672 1662 est.
1716 1599 1749 1678 Si
1773 1599 1856 1660 enan

556 1689 739 1755 constitutio
759 1695 840 1755 trulla
868 1705 933 1768 cst,
970 1717 1063 1758 unum
1084 1697 1166 1758 leurs
1193 1695 1320 1756 recedat
1344 1704 1483 1780 oportet.
1538 1694 1576 1755 ld
1600 1693 1679 1754 enim
1709 1702 1852 1766 constat,

557 1785 643 1865 quod
665 1783 809 1869 utrinque
842 1787 937 1850 latere
969 1800 1176 1851 concurrente
1204 1787 1344 1849 fulcitur.
1402 1786 1503 1870 Igitur
1528 1783 1555 1849 si
1584 1785 1765 1849 constitutio
1789 1805 1854 1849 non

554 1875 631 1952 erit,
655 1898 713 1939 uec
733 1899 823 1940 causa
846 1901 914 1944 esse
934 1881 1097 1944 iudicanda
1119 1892 1180 1944 est.
1223 1883 1282 1944 Est
1299 1878 1377 1943 enim
1400 1891 1558 1966 asystata
1578 1877 1807 1943 controversia.

636 1972 687 2034 Ac
703 1967 805 2060 faeti
832 1973 966 2056 quidem
990 1971 1276 2038 controversiain
1297 1973 1411 2036 omnia
1431 1984 1586 2056 tempora
1604 1983 1715 2054 potest
1734 1970 1853 2034 distri·

513 2063 623 2146 15lru1]
666 2065 759 2126 Nsrnc
787 2077 954 2147 postquam
976 2067 1214 2130 constitutiones
1244 2077 1275 2128 et
1303 2067 1395 2128 rebus
1420 2077 1451 2128 et
1482 2064 1656 2128 nominibus
1682 2063 1850 2140 indicavit,

553 2167 588 2220 ut
613 2158 668 2220 has
695 2157 886 2220 manifestius
908 2180 1081 2242 agnoscere
1101 2161 1276 2242 possimus,
1312 2159 1420 2222 iisdem
1449 2159 1580 2222 statibus
1612 2159 1755 2237 exempla
1774 2177 1854 2236 sup·

551 2249 655 2332 ponit.
697 2251 749 2312 Aa
767 2247 868 2340 faeti
891 2252 1026 2336 quidem
1046 2252 1291 2328 controuersia,
1330 2251 1447 2335 inquit,
1484 2251 1520 2313 in
1554 2251 1669 2315 omnia
1695 2261 1851 2331 tempora

552 2342 726 2405 diuiditur.
770 2345 813 2407 Et
830 2365 925 2425 supra
944 2344 1095 2423 diximus,
1134 2367 1228 2429 quum
1250 2348 1288 2407 de
1311 2343 1397 2408 iacto
1418 2345 1457 2408 sit
1482 2343 1643 2427 quaestio,
1680 2341 1850 2405 coniectu·

553 2457 630 2498 ram
651 2436 772 2500 vocari.
825 2439 917 2523 Ergo
938 2439 1011 2502 huic
1031 2441 1244 2504 coniecturae
1264 2439 1323 2500 tria
1348 2449 1491 2519 tempora
1516 2437 1671 2520 assignet,
1695 2434 1850 2516 praeteri-

508 2558 541 2607 20
552 2541 627 2605 tum,
649 2550 806 2611 praesens,
828 2533 979 2595 futurum.
1002 2533 1097 2613 Quod
1112 2534 1234 2616 quidem
1250 2531 1399 2612 exemplis
1415 2533 1521 2594 docet.
1544 2532 1607 2592 Sed
1622 2530 1684 2592 hoc
1698 2528 1779 2590 scire
1793 2529 1850 2588 de-

550 2625 680 2698 bemus,
715 2625 827 2686 nttssatn
850 2646 915 2688 rem
938 2627 969 2688 in
992 2625 1160 2702 iudicium,
1197 2624 1317 2699 idest,
1354 2624 1386 2687 in
1413 2623 1555 2686 iudiciale
1583 2643 1699 2706 genus,
1736 2623 1849 2682 cadere

526 2738 644 2801 ⁴posse
662 2716 721 2780 nisi
742 2719 780 2780 de
800 2719 985 2800 praeterito.
1030 2720 1143 2784 Omnia
1157 2717 1238 2782 enim
1260 2726 1444 2800 argumenta
1466 2738 1529 2781 non
1553 2717 1591 2778 de
1613 2713 1744 2786 futuris,
1768 2733 1849 2793 quae

548 2811 768 2886 incertumst,
792 2815 847 2874 sed
872 2815 910 2875 de
929 2812 1107 2894 praeteritis
1129 2811 1331 2897 colliguntur.
1374 2812 1486 2891 Itaque
1507 2809 1715 2880 coniectura,
1738 2825 1848 2884 quam-

548 2925 639 2988 quam
659 2906 773 2967 habeat
793 2902 854 2968 tria
875 2917 1037 2987 tempora,
1073 2918 1176 2968 tamen
1196 2903 1376 2988 principalis
1399 2923 1468 2966 esse
1489 2924 1553 2966 non
1574 2911 1697 2984 potest,
1727 2895 1787 2960 nisi
1806 2900 1847 2961 de

505 3033 537 3082 ts
546 2998 718 3080 praeterito
739 2997 790 3061 sit.
834 2997 886 3061 De
909 2999 1068 3081 praesenti
1094 3019 1173 3063 veno
1198 2999 1251 3064 vel
1271 3000 1309 3061 de
1329 2998 1438 3060 lutura
1465 2995 1601 3059 incidere
1618 3003 1750 3076 possunt
1771 3001 1847 3072 post

546 3103 673 3155 statum
694 3091 786 3155 alitum
813 3091 1031 3175 principalem.
1087 3093 1180 3178 Ergo
1212 3113 1271 3156 nec
1290 3093 1372 3155 hanc
1391 3089 1621 3154 coniecturam
1640 3085 1846 3170 principalem

547 3203 616 3247 esse
636 3205 732 3266 posse
752 3188 927 3250 credamus.
1465 3177 1469 3186 ’
1846 3227 1850 3234 -

627 3280 765 3342 Bonane
792 3278 908 3341 animo
931 3279 1001 3342 sint
1027 3299 1114 3362 erga
1143 3281 1309 3361 populum
1338 3279 1531 3342 Romanum
1561 3271 1762 3356 Fregellana]
1805 3271 1846 3335 ln

545 3369 608 3433 hoc
627 3372 762 3433 themate
778 3372 1005 3435 demonstratio
1020 3371 1212 3434 continetur.
1256 3373 1336 3434 Nam
1358 3367 1552 3434 describendi
1572 3366 1663 3432 nobis
1676 3377 1749 3429 sunt
1764 3366 1790 3430 F
1792 3385 1846 3428 re·

369 3458 376 3474 ’
411 3493 434 3551 '.
503 3494 535 3546 3⁰
547 3461 677 3546 gellani,
700 3462 755 3544 qni
774 3482 898 3544 semper
919 3466 1105 3526 videbantur
1126 3463 1263 3528 adversi.
1306 3463 1418 3545 Itaque
1440 3464 1527 3546 quod
1546 3461 1606 3524 ait:

628 3554 667 3618 Si
687 3555 938 3639 Karthaginem
958 3556 1195 3640 reliquerimus
1213 3556 1431 3631 incolumem,
1455 3576 1535 3618 num
1551 3553 1633 3638 quid
1652 3551 1697 3615 sit
1717 3551 1846 3615 incom-

544 3647 637 3710 modi
659 3648 708 3710 ad
732 3670 804 3711 rem
831 3649 1002 3730 publicam
1034 3649 1295 3732 perventulum]
1348 3660 1379 3712 et
1413 3649 1464 3712 ute
1494 3644 1711 3712 deliberativa
1738 3655 1846 3726 potest

545 3761 626 3803 esse.
683 3741 847 3805 Deliberat
868 3753 1012 3816 senatus,
1046 3764 1084 3805 an
1106 3741 1297 3828 Karthagini
1323 3751 1444 3826 parcat.
1492 3741 1585 3825 Ergo
1615 3738 1688 3802 nihil
1709 3738 1742 3801 in
1763 3737 1845 3800 iudi-

544 3833 625 3896 cium
648 3832 707 3897 nisi
729 3836 766 3896 de
786 3835 960 3916 praeterito
982 3834 1075 3898 cadit.

502 3961 533 4011 35
625 3927 786 3992 Nominis
814 3928 1046 3992 controuersia
1067 3943 1119 3994 est
1139 3951 1244 4016 quaem
1264 3931 1305 3994 ds
1315 3927 1425 4017 facto
1444 3927 1618 4000 conuenit,
1644 3936 1686 3988 ‘et
1707 3923 1843 4008 queaeri-

541 4031 600 4083 tur
619 4020 667 4096 ἰᾶ,
700 4021 792 4105 qnod
805 4020 952 4113 sactum
977 4021 1041 4097 sit,
1064 4044 1131 4106 quo
1159 4023 1293 4088 nomine
1320 4026 1521 4108 appelletur.
1564 4023 1641 4103 Quo
1661 4018 1697 4080 in
1717 4037 1842 4100 genere

540 4133 674 4178 necesse
694 4128 763 4191 est,
786 4114 864 4197 cet]
906 4117 1000 4179 Nunc
1021 4118 1060 4178 dc
1074 4117 1155 4194 sene
1175 4128 1307 4180 tractat:
1340 4137 1444 4201 quum
1463 4113 1628 4188 nominis,
1650 4110 1768 4194 inquit,
1791 4121 1842 4172 est

616 4279 642 4325 t.
659 4274 690 4319 in
700 4267 778 4340 fine]
799 4267 832 4323 ld
851 4285 912 4335 est,
932 4274 961 4324 in
979 4279 1059 4322 statu
1078 4271 1236 4344 definitivo.
1255 4276 1337 4327 Carr.

616 4346 646 4401 8,
665 4344 835 4415 generalem]
873 4345 933 4398 lloc
953 4361 1014 4410 est,
1032 4354 1140 4398 statum
1159 4349 1313 4418 qrealttats's,
1331 4364 1361 4400 nr
1381 4347 1528 4400 liberorum
1548 4343 1640 4416 vulqus
1659 4341 1734 4412 loqui
1754 4353 1838 4394 amat.

541 4415 623 4470 carr.
642 4419 708 4483 (Pro
721 4418 788 4472 Edd.
795 4419 943 4492 finitivam
961 4418 1022 4472 dedi
1042 4439 1056 4472 e
1076 4421 1125 4475 cd.
1139 4423 1200 4476 Bas.
1213 4419 1405 4495 definitivam,
1425 4436 1454 4474 nt
1467 4438 1508 4475 ess
1521 4417 1592 4474 inira
1604 4418 1757 4487 aliquoties.
1772 4416 1841 4480 Os.)

617 4499 662 4548 11.
681 4511 764 4544 unum
782 4495 869 4562 lutus]
890 4495 1017 4567 intellige
1036 4495 1148 4550 alterum
1169 4496 1337 4570 ttugsostum
1356 4511 1471 4570 partem.
1500 4498 1582 4551 Care.

614 4564 684 4620 thid.
701 4571 823 4636 comtes]
844 4568 1045 4636 συνίσταται,
1074 4570 1128 4624 hoc
1147 4587 1205 4638 esc,
1237 4575 1387 4626 consistere
1413 4585 1503 4644 poten
1521 4566 1658 4642 quoddam
1677 4579 1842 4619 messover-

540 4646 597 4696 stae
615 4657 709 4714 genus.
746 4645 828 4696 csse.

614 4721 658 4777 tl·
675 4721 820 4788 asystata]
840 4714 1014 4782 ‹iminrasor
1031 4719 1151 4790 ζήτησις
1169 4717 1213 4772 rel
1230 4715 1403 4778 ἀσύστατον
1420 4715 1560 4796 ζήτημα,
1579 4728 1609 4770 ut
1627 4717 1749 4787 loquitur
1768 4711 1844 4766 lier-

539 4806 666 4863 mogenes
686 4796 714 4844 tn
733 4791 864 4863 opusculo
884 4792 1060 4845 dentalibus.
1103 4795 1186 4848 Cara.

614 4867 659 4922 16.
678 4870 839 4934 agnoscere]
867 4865 914 4919 sic
932 4865 983 4922 Cd.
1004 4859 1066 4920 tts's.
1084 4895 1122 4911 -
1139 4885 1307 4937 cognoscere
1325 4867 1395 4924 Edd.
1417 4865 1470 4921 Oa.

612 4943 658 4998 80.
677 4941 773 5011 ltaque
790 4939 865 5012 quod
880 4943 934 5008 att]
957 4943 1002 4994 sle
1020 4941 1070 4996 cd.
1088 4942 1152 4996 Bas.
1171 4971 1207 4986 -·
1225 4945 1271 4995 Ita
1288 4951 1318 4994 et
1335 4942 1409 5014 quod
1426 4948 1467 4994 ait
1484 4938 1555 4996 Edd.
1573 4941 1627 4995 On.

612 5020 657 5076 57.
677 5014 711 5066 de
723 5013 798 5088 fine]
818 5010 900 5093 ὅρῳ,
919 5013 949 5070 id
968 5031 1030 5080 est,
1056 5014 1214 5071 delinitione
1242 5035 1290 5071 sen
1317 5025 1397 5070 statu
1422 5015 1589 5088 definitivo,
1621 5017 1667 5084 qnt
1687 5025 1769 5082 saepe
1788 5009 1844 5066 τοῦ

531 5085 607 5162 finis
623 5095 735 5142 nomtne
755 5091 911 5162 designatur
929 5089 1001 5162 apud
1019 5091 1161 5147 Rhetores.
1200 5091 1278 5148 Unde
1296 5096 1450 5146 necessaris
1470 5107 1525 5144 non
1544 5105 1586 5142 est
1604 5085 1760 5142 emendatio
1773 5101 1845 5158 pro-

537 5169 628 5238 posita
647 5180 663 5216 s
682 5163 844 5218 doctissimo
863 5163 1007 5233 Mailleto,
1026 5169 1074 5236 qut
1093 5167 1182 5240 legere
1202 5165 1340 5222 indebat:
1359 5165 1533 5242 definitione.
1550 5165 1633 5220 carr.
