4434 5959
981 1238 1357 1307 NOBILISSIMO
1393 1241 1534 1309 VIRO

647 1409 842 1487 GASP.
887 1411 1058 1488 ΤΑΙΟ
1102 1409 1487 1522 comneno
1527 1411 1600 1489 {N
1640 1414 1860 1517 GOICQ

790 1595 916 1660 AND.
948 1594 1238 1663 SCHOTTUS
1265 1598 1706 1666 ANTVERPIANUS

1046 1765 1099 1824 DE
1120 1763 1348 1825 SOCIETATE
1369 1764 1463 1826 IESU

1217 1933 1218 1938 ,
1236 1898 1272 1965 s·

678 2101 760 2162 Duo
780 2109 861 2160 sunt
879 2098 935 2161 M.
958 2097 1066 2160 Tullii
1080 2095 1146 2161 loci
1163 2095 1334 2179 insignes,
1359 2105 1398 2158 ut
1413 2097 1464 2158 Te
1478 2095 1631 2158 omnium
1646 2095 1787 2160 minime
1790 2095 1900 2188 sugit,

593 2191 825 2255 eruditissime
846 2212 887 2253 ae
908 2191 1115 2255 nobilissime
1138 2190 1224 2264 Tui,
1248 2189 1358 2253 doctis
1373 2188 1477 2252 etiam
1492 2189 1684 2254 hominibus
1695 2193 1902 2273 perobscuris

591 2297 679 2368 puta
705 2284 756 2348 De
784 2283 890 2359 Iocis,
926 2283 987 2368 qii
1011 2294 1063 2347 est
1088 2282 1147 2345 lib.
1176 2285 1225 2349 11.
1254 2283 1294 2345 de
1317 2284 1466 2347 Oratore
1486 2283 1533 2345 ad
1555 2287 1597 2365 Q.
1619 2287 1796 2348 Fratrem:
1826 2289 1902 2346 alter

523 2389 532 2404 ·
592 2399 674 2440 vero
700 2399 719 2440 e
743 2376 832 2442 libro
863 2377 905 2440 de
933 2381 1017 2461 Rep.
1052 2378 1115 2443 Vt.
1148 2375 1184 2439 in
1212 2377 1255 2440 P.
1291 2374 1453 2457 Scipionis
1476 2375 1626 2451 Somnio,
1660 2379 1806 2440 aureolo
1830 2397 1901 2440 sane

588 2467 817 2557 fragmento,·
836 2471 925 2533 uncle
955 2473 1045 2548 velut
1073 2491 1120 2533 esc
1141 2468 1379 2554 unguelicent
1399 2469 1597 2544 aestimare,
1624 2481 1754 2554 quauta
1775 2470 1902 2533 amissis

593 2563 635 2626 de
653 2567 739 2647 Rep.
762 2564 859 2628 libris
880 2562 1049 2656 sitfact'a
1068 2565 1217 2627 iactura.
1261 2561 1360 2637 loca,
1384 2563 1477 2647 quod
1492 2575 1592 2626 acute
1610 2563 1711 2628 dictis
1733 2575 1900 2640 constent,

592 2655 682 2719 unde
703 2658 863 2743 cuiusque
873 2655 965 2749 fere
986 2657 1165 2742 ingenium
1185 2657 1369 2731 elucescat,
1401 2656 1512 2741 sitque
1533 2657 1691 2722 narratio
1720 2659 1775 2722 rei
1794 2672 1901 2743 gestae

592 2749 792 2835 dicteriique
826 2752 961 2816 occasio
982 2749 1177 2816 necessario
1197 2748 1445 2831 investiganda.
1478 2749 1664 2837 ,Somnium
1687 2773 1788 2828 vero,
1822 2750 1902 2836 quoi

592 2864 670 2906 mea
688 2843 825 2928 quidem
845 2845 1016 2910 sententia
1037 2846 1226 2907 multorum
1247 2852 1389 2924 superat
1410 2841 1566 2926 vigilias,
1589 2845 1770 2908 caelestem
1791 2849 1902 2928 sphae-

592 2959 670 3000 ram
687 2959 798 3022 prope
826 2940 976 3004 eontinet
1000 2938 1214 3011 uniuersam,
1251 2956 1292 2998 ac
1312 2935 1413 2998 veluti
1436 2936 1530 3000 orbis
1555 2947 1669 3000 terrae
1690 2939 1743 3017 (ut
1766 2941 1901 3004 Romam

592 3041 767 3095 terrarum
798 3036 910 3096 Deam
938 3035 1100 3098 Polemon
1128 3027 1291 3112 sophista
1318 3028 1413 3110 apud
1439 3031 1651 3094 Athenaeum
1680 3051 1722 3093 ac
1744 3033 1901 3097 Galerium

583 3125 763 3208 nominat)
786 3121 957 3213 ἐπιτομήν.
999 3131 1042 3192 1η
1064 3123 1140 3189 ioca
1161 3145 1201 3186 ac
1223 3122 1368 3186 dicteria
1385 3119 1603 3187 doctissimus
1625 3125 1812 3190 Turnebus
1833 3149 1901 3209 ope·

591 3239 669 3282 ram
693 3223 872 3302 praeclare
899 3220 1053 3284 navavit:
1085 3220 1121 3283 in
1149 3217 1330 3282 Somnium
1350 3228 1466 3279 autem
1483 3229 1566 3302 post
1587 3219 1830 3294 Macrobium‚
1851 3219 1900 3304 qui

592 3313 765 3377 Platonice
782 3314 1070 3399 philosophatur,
1102 3335 1144 3377 ac
1161 3323 1243 3396 post
1264 3309 1444 3377 Censorini
1464 3308 1505 3373 lie
1533 3310 1588 3375 die
1610 3311 1719 3374 natali
1741 3310 1896 3384 libellum,

590 3417 712 3469 nostra
738 3421 986 3493 parentumque
1010 3405 1178 3472 memoria
1199 3405 1298 3468 multi
1322 3403 1497 3488 vigilando
1519 3405 1768 3468 lucubrarunt:
1800 3403 1836 3468 in
1855 3406 1898 3467 his

592 3498 696 3563 Vives
727 3513 761 3564 et
792 3503 986 3578 Olioarius,
1003 3508 1013 3532 ⁴
1031 3499 1223 3568 Valentini:
1257 3497 1461 3564 Parrientus
1493 3498 1746 3574 Granatensis,
1780 3501 1899 3570 Rarum

590 3593 732 3671 Gallus,
765 3615 806 3656 ac
828 3599 910 3660 Ger.
936 3594 1081 3661 Vossius
1102 3597 1229 3678 Belgas
1258 3613 1357 3656 nemo
1379 3605 1511 3669 tamen,
1543 3591 1788 3669 meoiudicio,
1812 3615 1899 3656 aecu-

590 3686 704 3750 ratius
738 3688 820 3752 Elia
849 3689 991 3766 Viueto,
1029 3692 1192 3754 Santone.
1235 3685 1494 3750 Mathematicis
1523 3685 1615 3750 enim
1635 3685 1789 3750 imbutus
1811 3687 1898 3750 disei-

585 3780 694 3865 plinis
711 3793 807 3860 erat,
831 3794 869 3846 ut
890 3793 924 3846 et
945 3782 986 3845 de
1007 3780 1186 3865 Logistica
1205 3779 1402 3862 scripserit,
1434 3781 1468 3844 e't
1489 3779 1524 3842 in
1545 3780 1700 3846 Euclidis
1719 3781 1899 3864 quaedams

590 3896 631 3937 ac
662 3875 800 3939 demum
827 3877 1021 3942 Ausonium
1051 3877 1189 3940 Gallum
1217 3873 1414 3937 illustrarit.
1472 3873 1646 3940 Ciceronis
1670 3885 1790 3937 ciuem
1811 3875 1899 3936 uerbo

590 3989 781 4052 apponam:
817 3971 882 4035 set
914 3971 980 4035 eius
1013 3966 1169 4050 temporis
1200 3964 1366 4048 ancipitem
1398 3965 1493 4030 video
1523 3965 1613 4050 qussi
1640 3966 1783 4030 istorum
1814 3969 1897 4031 visu.

591 4064 672 4126 Nem
695 4085 790 4146 quum
823 4077 907 4128 actas
932 4077 986 4129 tua
1013 4074 1163 4146 septenos
1187 4061 1286 4126 octies
1320 4060 1397 4124 solis
1425 4061 1595 4124 amfractus
1623 4059 1808 4145 reditusque
1832 4081 1898 4124 con·

591 4159 745 4234 verterit,
780 4160 908 4242 dicoque
930 4159 962 4222 bi
984 4155 1105 4221 numeri
1135 4157 1285 4240 (quocum
1306 4166 1440 4240 uterque
1465 4155 1602 4238 plenus,
1639 4154 1719 4216 alter
1745 4154 1846 4219 alters
1868 4157 1897 4214 le

590 4272 718 4329 canusa,
742 4253 890 4333 habetur)
912 4252 1047 4316 circuitu
1068 4249 1202 4313 naturali
1230 4269 1379 4312 summam
1401 4247 1459 4312 tibi
1479 4249 1605 4313 fatalem
1628 4247 1844 4324 consecet-inu
1873 4248 1897 4309 ic

588 4356 621 4408 tc
641 4367 737 4409 unum
760 4359 855 4431 atque
880 4358 967 4410 tusum
989 4367 1104 4411 nomen
1126 4351 1250 4407 setosa
1273 4353 1439 4406 convertet
1462 4340 1594 4406 civitas:
1623 4343 1687 4406 hoc
1708 4353 1780 4417 est,
1804 4361 1896 4428 quum

588 4459 647 4501 sex
669 4451 701 4503 et
721 4439 950 4524 quinquaginta
972 4460 1072 4505 annos
1086 4437 1258 4522 attigeris.
1300 4437 1417 4503 Octies
1431 4436 1522 4501 enim
1535 4447 1695 4518 septena,
1721 4437 1775 4498 nel
1787 4437 1897 4520 septies

587 4543 683 4608 octo,
706 4555 772 4596 sex
792 4545 825 4596 et
845 4534 1094 4619 quinquaginta
1118 4553 1226 4596 annos
1248 4531 1414 4596 reddunt:
1438 4530 1547 4616 quiet
1567 4531 1639 4613 ipse
1653 4525 1896 4616 κλιμακτηρικὸς

587 4637 639 4690 est
659 4615 785 4690 annus:
826 4627 1029 4710 Septenario
1046 4627 1138 4690 enim
1156 4648 1301 4691 numero
1322 4627 1450 4691 moneri
1469 4625 1621 4690 arterias
1639 4623 1896 4707 morborumque

583 4718 741 4804 pericula
761 4719 859 4782 nasci
883 4741 924 4782 ac
942 4719 1160 4799 discrimino,
1186 4721 1395 4785 medicorum
1407 4718 1487 4798 filii
1508 4717 1730 4783 existimant.-
1750 4730 1792 4782 ut
1813 4735 1896 4804 sym·

555 4836 559 4844 ·
583 4813 750 4899 phoniam
770 4813 892 4877 musici
913 4812 968 4880 διὰ
991 4810 1155 4904 τεσσάρων
1169 4815 1361 4879 observant.
1405 4812 1463 4878 Illi
1482 4811 1588 4876 etiam
1606 4807 1774 4900 κριτικοὺς
1793 4809 1896 4894 appe!-

586 4911 660 4972 lant
680 4907 770 4983 dies,
793 4929 879 4992 quos
900 4910 939 4973 0.
961 4907 1094 4973 Plinius
1116 4906 1315 4973 dcci-storius
1337 4907 1470 4983 residit,
1494 4907 1636 4992 quibus,
1658 4903 1745 4990 quid
1761 4913 1895 4988 aegroto
1942 4891 1943 4972 i

573 4999 752 5094 futurum
778 5001 844 5078 sit,
882 5000 1077 5066 decernant.
1131 5006 1310 5068 Summum
1331 5023 1410 5066 nero
1432 5001 1470 5065 in
1491 5001 1630 5066 senibus
1650 4991 1895 5086 supernupsit
1942 4999 1943 5040 ³

585 5096 727 5158 tertium
757 5107 791 5160 et
819 5095 1073 5178 sexagesimum
1101 5095 1227 5158 aetatis
1253 5115 1384 5158 annum
1419 5092 1636 5179 maximeque
1668 5092 1895 5175 periculosus

585 5201 785 5265 numerant,·
818 5210 887 5274 quo
913 5187 1033 5254 Cicero
1065 5200 1183 5255 noster
1214 5209 1255 5254 ac
1282 5191 1530 5256 Demosthenes
1560 5187 1688 5274 aliique
1720 5181 1894 5253 exstincti:
