4434 5959
965 611 1057 677 LIB.
1080 613 1112 678 l.
1637 613 1677 678 39

370 756 503 834 ula-apes.
554 752 667 836 Itaque
691 773 774 814 nunc
807 764 936 837 accepta
971 751 1147 835 sumptione
1179 753 1218 814 ad
1250 752 1552 836 argumentationem
1586 752 1681 819 Cice·

370 847 461 910 roais
482 847 660 908 redeamus.
703 847 748 908 Et
768 845 873 926 primo
897 847 1130 931 quaestionem,
1154 867 1233 929 quiae
1253 845 1284 909 in
1307 847 1507 912 contentione
1524 859 1677 922 versatur,

371 941 582 1001 attendamus.
624 937 683 999 llla
702 949 829 1012 sutem,
850 949 885 1000 ut
904 959 999 1020 supra
1021 937 1175 1012 diximus,
1200 939 1343 1024 quaestio
1365 952 1433 1016 est,
1457 942 1545 1025 quod
1558 939 1682 1004 delibe-

371 1032 466 1095 ratio
485 1043 518 1092 et
539 1031 785 1095 demonstratio
814 1053 878 1094 nou
901 1044 987 1095 recte
1009 1032 1068 1093 sub
1089 1031 1239 1114 qrralitate
1257 1031 1320 1094 tint
1344 1033 1480 1114 positae.
1525 1035 1626 1112 Supra
1650 1031 1680 1093 id

253 1200 254 1203 Ἴ
370 1127 432 1186 iam
455 1125 580 1186 duabus
601 1123 922 1206 argumentationibus
943 1123 1038 1188 uicit:
1071 1145 1201 1208 quartum
1225 1125 1323 1207 prima
1345 1127 1396 1188 ille
1418 1127 1490 1201 luit,
1515 1127 1707 1190 delibera-i
1767 1206 1771 1216 y

369 1219 501 1280 monem
523 1228 554 1278 ct
576 1217 914 1293 demonstrationem,
943 1219 968 1280 si
990 1237 1106 1300 genera
1127 1217 1188 1279 siut
1209 1238 1390 1294 carrsarmn,
1423 1232 1530 1302 partes
1553 1221 1679 1298 generis

371 1332 442 1372 esse
466 1329 531 1374 noe
554 1329 663 1391 posse.
712 1312 755 1372 Et
784 1311 933 1392 probarit
959 1330 1074 1394 genera
1104 1331 1172 1374 esse
1199 1332 1374 1374 causarum.
1430 1313 1569 1378 Secunda
1599 1334 1679 1376 vero
1716 1341 1721 1347 ·

371 1402 607 1488 argumentatio
622 1402 692 1464 talis
708 1402 767 1466 luit
788 1405 923 1485 quaidem,
947 1404 973 1466 si
988 1403 1114 1488 generis
1128 1416 1233 1485 partes
1249 1427 1316 1468 esse
1331 1426 1395 1468 uon
1408 1419 1557 1488 possunt,
1582 1407 1680 1468 multo

370 1495 473 1576 magis
505 1507 614 1576 partes
644 1496 776 1576 partium
809 1517 878 1560 esse
906 1517 968 1560 nou
1007 1516 1117 1576 posse.
1176 1498 1267 1560 Nunc
1302 1499 1426 1560 tertiam
1458 1501 1549 1562 affert
1585 1521 1681 1580 argur-

371 1588 618 1652 rnentationem:
649 1590 703 1663 Si,
733 1589 854 1672 inquit,
882 1589 1081 1653 constitutio
1110 1601 1143 1652 et
1170 1589 1248 1672 ipsa
1268 1602 1299 1654 et
1319 1613 1404 1674 pars
1423 1590 1496 1655 eins
1516 1592 1681 1676 quaelibet
1694 1591 1724 1642 ¹⁰

369 1681 573 1744 intentionis
595 1681 749 1763 depulsio
769 1695 839 1754 ests
865 1705 952 1768 queas
975 1683 1173 1747 intentionis
1198 1684 1351 1768 depulsio
1372 1695 1529 1759 nonest,
1559 1705 1601 1746 ea
1622 1703 1681 1746 nec

368 1775 574 1837 constitutio
602 1795 663 1838 nec
685 1797 773 1858 pars
804 1776 1056 1840 constitutionis
1086 1787 1150 1838 est.
1205 1778 1249 1840 Ut
1270 1798 1365 1859 supra
1389 1775 1542 1851 diximus,
1580 1776 1681 1840 orrrnis

369 1888 446 1948 pars
469 1869 597 1950 generis
618 1868 666 1931 sui
686 1881 718 1930 et
743 1890 859 1933 nomen
882 1881 913 1930 et
942 1867 1153 1930 definitionem
1188 1871 1283 1932 debct
1303 1871 1466 1952 recipcre:
1502 1890 1600 1953 genus
1630 1870 1683 1930 hic

371 1969 475 2020 antem
504 1959 690 2023 constitutio
720 1972 785 2024 est:
816 1963 875 2023 sub
906 1961 1130 2024 constitutione
1152 1973 1303 2045 qruattuor
1330 1964 1588 2028 constitutionem
1622 1964 1681 2024 sub

369 2052 524 2134 qualitate
542 2052 806 2128 demonstratio,
835 2053 1049 2129 deliberatio,
1078 2053 1299 2130 iuridicialis,
1331 2057 1525 2140 negotialis.
1568 2057 1725 2138 Itaque¹⁵

299 2193 309 2202 ,
370 2146 546 2221 rideamus,
564 2167 602 2207 an
618 2147 816 2210 deliberatio
837 2159 869 2210 et
888 2147 1133 2211 demonstratio
1154 2147 1279 2232 generis
1295 2170 1406 2215 nornen
1423 2162 1453 2211 et
1468 2148 1681 2211 definitionum

370 2239 543 2319 recipiant:
583 2239 709 2322 generis
737 2261 851 2304 nomen
879 2253 927 2304 est
955 2237 1152 2304 constitutio.
1196 2242 1291 2320 Qtrod
1325 2263 1438 2305 nornen
1460 2242 1541 2306 tollit
1564 2240 1682 2304 Cicero

370 2333 658 2396 demonstrationi
683 2346 715 2396 et
742 2334 989 2397 deliberationi.
1040 2332 1121 2407 Sed,
1159 2355 1197 2395 ne
1219 2334 1301 2396 dieat
1323 2337 1539 2420 Hermagoras
1561 2332 1682 2397 consti.

370 2426 510 2488 tationes
531 2425 596 2489 dici
616 2447 731 2507 posse,
765 2429 903 2492 ostendit
924 2425 1134 2489 definitionem
1165 2429 1288 2512 generis
1311 2431 1424 2491 cadere
1447 2451 1509 2491 nou
1533 2447 1627 2509 posse
1650 2426 1680 2494 iu

369 2518 650 2582 deliberationem
672 2531 703 2582 ct
723 2521 1064 2584 demonstrationum.-
1096 2523 1182 2603 quod
1204 2522 1230 2584 si
1253 2521 1392 2587 definitio
1416 2543 1478 2585 non
1501 2521 1602 2597 cadit,
1623 2540 1680 2582 no·
1693 2521 1726 2570 ²⁰

370 2631 442 2672 meu
458 2633 589 2695 quinque
616 2615 728 2676 cadere
747 2635 809 2678 non
831 2613 970 2677 debebit.
1014 2611 1281 2676 constitutionem
1304 2626 1406 2677 autem
1429 2614 1475 2678 sic
1490 2611 1680 2690 delinimus:

369 2705 571 2786 constitutio
590 2718 643 2768 est
665 2699 861 2770 intentionis
882 2707 1048 2789 depulsio.
1081 2706 1184 2785 Qunam
1204 2705 1324 2770 scilicet
1342 2706 1551 2770 definitionem
1573 2703 1605 2768 in
1623 2705 1681 2767 de·

369 2797 573 2860 liberatione
593 2809 625 2860 et
647 2799 934 2863 demonstratione
956 2799 1096 2861 ridemus
1120 2819 1188 2862 csse
1212 2821 1274 2864 uon
1296 2819 1404 2881 posse.
1459 2799 1554 2880 Quod
1576 2798 1601 2860 si
1623 2797 1680 2860 de-

368 2889 530 2951 liberatio
551 2901 582 2952 et
604 2891 849 2956 demonstratio
877 2912 977 2976 ueqrre
1006 2911 1120 2954 nornen
1148 2892 1383 2956 constitutionis
1402 2913 1503 2978 neque
1524 2890 1681 2954 delinitio·

370 3004 441 3044 nem
464 2982 640 3064 recipiuut3
670 3007 729 3048 nec
756 2985 997 3049 constitutiones
1022 2995 1095 3046 sunt
1118 3005 1175 3048 nec
1195 2997 1303 3066 partes
1325 2984 1569 3064 constitutionis.
1612 2981 1681 3064 Ipsi
1691 2980 1723 3030 ²⁵

253 3070 254 3089 ¹
370 3089 475 3138 autem
496 3076 603 3155 placet
632 3079 906 3143 constitutionem
933 3075 1131 3140 intentionis
1159 3076 1392 3158 depulsionem
1412 3098 1494 3140 esse.
1536 3077 1580 3138 Et
1602 3095 1680 3137 con·

369 3169 455 3230 cedit
475 3168 507 3232 ei
527 3169 604 3231 alias
625 3171 835 3235 definitiones.
879 3169 976 3246 Siue,
999 3169 1118 3255 inquit,
1141 3169 1417 3234 constitutionem
1433 3170 1584 3253 primam
1598 3190 1680 3232 cau·

253 3274 254 3279 ’
368 3283 431 3326 ace
450 3264 663 3326 mandatoris
682 3263 981 3342 confermationem
1000 3263 1108 3338 dicat,
1147 3262 1216 3325 sive
1237 3257 1434 3352 defensoris
1451 3261 1603 3344 primam
1623 3261 1682 3324 de·

253 3370 254 3373 ’
366 3356 620 3438 precationem,
654 3377 781 3420 necesse
810 3367 858 3420 est
885 3356 1161 3420 deliberationem
1182 3366 1214 3417 et
1235 3355 1558 3419 demonstrationem
1579 3374 1680 3438 nsque

369 3448 628 3512 constitutionem
658 3471 727 3514 csse
761 3472 820 3512 uec
847 3463 969 3531 partem
1002 3447 1247 3513 constitutionis.
1290 3449 1365 3514 Hoc
1388 3449 1461 3513 loco
1484 3447 1725 3512 numadum-³0

369 3555 437 3604 tere
455 3543 607 3605 debemus
625 3563 724 3626 genus
751 3543 940 3626 syllogismi,
973 3544 1059 3626 quand
1082 3542 1275 3606 obscuritate
1296 3542 1346 3606 sui
1374 3554 1406 3606 et
1432 3540 1568 3606 artificio
1589 3541 1680 3604 colli-

369 3646 477 3719 gatum
501 3633 696 3718 syllogismis
724 3633 794 3699 iere
824 3635 968 3700 omuibus
998 3635 1168 3698 antecellit.
1220 3635 1273 3698 Sic
1301 3635 1406 3720 itaque
1435 3635 1494 3700 iste
1519 3632 1682 3720 colligitur

369 3727 576 3812 syllogismus
597 3749 615 3789 a
636 3727 741 3808 primo
759 3731 798 3790 ad
824 3730 1014 3804 securndum,
1044 3750 1062 3791 a
1083 3731 1222 3793 secuudo
1241 3731 1280 3790 ad
1301 3727 1448 3803 tertium,
1473 3751 1491 3792 a
1516 3727 1621 3811 primo
1644 3729 1683 3788 ad

368 3819 511 3884 tendum
555 3819 696 3890 Primum
719 3821 801 3884 enim
823 3834 854 3884 et
876 3820 999 3885 tertium
1021 3819 1121 3884 simile
1139 3843 1207 3885 esse
1230 3823 1361 3885 medium
1383 3820 1480 3900 lacit,
1503 3823 1589 3904 quod
1602 3819 1682 3882 utri·

352 3932 433 3996 -que
458 3914 676 3998 coniungitur.
732 3915 794 3976 Sed
824 3923 858 3975 ut
890 3913 998 3976 melius
1024 3914 1126 3995 possit
1148 3913 1311 3977 artificium
1339 3912 1506 3979 Ciceronis
1527 3912 1726 3996 intelligi,³⁵

368 4006 459 4088 prius
491 4008 651 4090 quaelibet
684 4007 853 4071 similitudo
879 4005 1019 4068 iacienda
1050 4019 1111 4071 est.
1162 4009 1321 4072 Ponamus
1353 4007 1461 4090 itaque
1500 4007 1577 4067 baec
1608 4007 1680 4070 tria.

371 4099 573 4164 Victorinus
594 4101 710 4174 docet,
734 4122 827 4162 tentam
849 4100 901 4162 sit.
944 4099 1132 4183 Intelligis,
1156 4101 1239 4162 aliud
1260 4098 1312 4163 sit.
1355 4104 1457 4183 Spem
1474 4099 1592 4176 habes,
1616 4109 1682 4160 ter·

368 4189 447 4254 tium
470 4193 524 4256 sit.
576 4192 689 4277 ltaque
710 4193 859 4256 faciainus
880 4192 1096 4276 syllogismum
1119 4215 1136 4255 a
1166 4193 1268 4274 primo
1291 4195 1328 4256 ad
1351 4194 1537 4256 seecundum:
1562 4191 1600 4256 Si
1621 4189 1681 4256 Vi·

366 4284 524 4349 ctorinns
546 4287 660 4356 docet.
683 4285 857 4368 intelligis.
902 4287 995 4350 Nunc
1015 4308 1032 4347 a
1054 4288 1193 4349 secundo
1216 4285 1423 4348 adientium:
1446 4285 1484 4349 Si
1504 4284 1680 4368 intelligis,

368 4399 467 4460 spem
489 4379 605 4443 luabes.
648 4379 771 4444 Deinde
787 4400 804 4440 a
820 4377 924 4460 primo
943 4381 981 4441 ad
1006 4378 1149 4440 tertiumz
1173 4382 1270 4462 Ergo
1290 4379 1322 4442 si
1343 4377 1541 4443 Victorinus
1564 4377 1679 4453 docet,
1693 4378 1725 4428 *θ

368 4493 467 4553 apem
482 4473 597 4536 trabes.
627 4472 768 4536 Primum
790 4471 871 4536 enim
893 4483 925 4534 et
945 4470 1082 4546 tertium,
1107 4473 1194 4553 qurod
1212 4482 1319 4553 potest
1339 4469 1409 4534 veri
1427 4467 1526 4533 simile
1547 4490 1609 4534 nou
1634 4467 1682 4531 ri·

367 4564 457 4641 deri,
495 4564 599 4629 medio
626 4564 683 4628 illo
710 4564 802 4651 quasi
829 4567 961 4648 quadam
989 4565 1219 4646 approbatione
1242 4564 1459 4648 coniungitur.
1503 4563 1578 4626 Hoc
1600 4581 1682 4645 ergo

446 4771 473 4820 t.
491 4765 661 4833 sumptione]
681 4764 728 4816 bie
748 4761 797 4818 cd.
816 4765 878 4817 Bas.
899 4763 974 4818 Fors.
993 4769 1187 4832 assumptione.
1206 4794 1244 4808 -
1263 4765 1442 4818 similitudine
1460 4764 1529 4820 Edd.
1550 4765 1607 4825 Oa.
1703 4785 1709 4796 ·

445 4841 472 4894 7.
492 4839 551 4894 luit
569 4837 694 4909 quidem,
714 4840 754 4908 si]
775 4837 820 4890 Slc
840 4837 890 4891 tt.
911 4843 1020 4891 decens.
1040 4843 1121 4896 1508·
1145 4867 1175 4880 ·-
1189 4837 1274 4910 suit:
1294 4840 1367 4910 qnod
1382 4846 1408 4890 si
1427 4843 1497 4894 Cett.
1516 4840 1570 4896 On.

445 4916 491 4972 29.
509 4911 669 4981 defensatis
683 4917 805 4983 primam
824 4912 1055 4982 deprecationem]
1089 4913 1160 4968 stiae
1189 4929 1217 4968 et
1236 4917 1345 4986 quidem
1363 4921 1479 4988 cespius
1491 4916 1559 4969 distr
1578 4918 1681 4990 aepul-

366 4993 492 5052 sionsn,
510 4987 588 5040 emto
606 5004 701 5040 seusus
720 4986 890 5040 discrimine.
916 4987 998 5040 Care.

445 5063 492 5119 36.
510 5062 676 5133 similitudo]
713 5063 766 5115 ttte
785 5079 892 5134 quoque
912 5061 963 5133 leg.
982 5059 1103 5115 uidetur:
1142 5071 1270 5134 sumptio.
1291 5063 1344 5120 Ou.

446 5139 493 5195 37.
510 5140 549 5190 sit
568 5167 587 5180 -
606 5169 625 5184 ·
641 5143 681 5190 sit
700 5168 719 5181 -
737 5168 757 5182 -
775 5137 829 5208 sit]
849 5137 896 5193 Sic
914 5137 965 5194 cd
982 5137 1047 5192 Bas.
1064 5165 1102 5180 -
1120 5143 1160 5191 sie
1178 5169 1196 5182 -
1215 5143 1330 5192 -sic-
1350 5169 1368 5182 -
1386 5143 1427 5190 sic
1445 5136 1514 5194 Edd.
1535 5139 1588 5194 Os.
