4434 5959
557 597 597 660 58
1063 593 1349 661 VICTORlNUS

557 737 656 810 enim,
690 747 723 798 ut
745 757 868 799 causam
890 736 982 800 iudex
1009 737 1112 810 norit;
1148 757 1239 798 causa
1267 757 1346 798 vero
1367 737 1495 798 duarum
1520 735 1654 819 partium
1677 749 1736 800 est.
1798 739 1864 798 Sed

557 831 709 893 subtilitas
741 834 928 913 exponentis
958 829 1091 912 aliquid,
1130 831 1215 913 quod
1242 850 1316 890 suae
1338 829 1419 908 parti
1441 830 1563 911 prosit,
1597 830 1754 903 insinuat;
1792 853 1864 891 nasu

557 925 650 986 iudex
671 923 717 986 sic
744 926 783 984 ab
813 944 874 987 nno
903 915 1008 997 audit,
1042 923 1131 1004 quasi
1165 932 1254 983 extra
1283 935 1417 1002 partem.
1471 924 1533 986 Sed
1567 945 1639 986 vere
1668 923 1694 986 is
1724 926 1864 1004 optimus
1909 985 1916 998 ,

557 1030 709 1099 patronus
737 1027 785 1078 est
807 1015 838 1076 in
860 1017 1035 1090 narrando,
1058 1015 1112 1098 qui
1128 1014 1169 1076 ita
1191 1027 1313 1084 narrat,
1344 1026 1377 1076 ut
1403 1025 1434 1076 st
1453 1017 1649 1078 adversarius
1668 1015 1710 1078 ita
1734 1039 1865 1090 narrare

533 1109 698 1191 spotuisse
720 1111 883 1183 credatur3
920 1130 1028 1170 vernm
1057 1108 1127 1171 talis
1150 1107 1253 1172 oratio
1279 1129 1432 1170 essenon
1456 1120 1580 1189 potest,
1612 1131 1704 1190 quum
1731 1109 1867 1173 crimina

557 1213 793 1283 proponuntur.
837 1200 958 1279 Quibus
973 1201 1004 1264 in
1025 1200 1295 1282 propositionibus
1315 1201 1373 1263 etsi
1393 1200 1534 1264 dicatur:
1558 1202 1649 1266 Illud
1650 1201 1754 1292 suit,
1777 1203 1867 1264 illud

558 1307 774 1358 consecutum
797 1305 864 1369 est,
899 1305 930 1356 et
953 1305 1058 1356 cetera
1081 1293 1210 1367 similia,
1244 1304 1346 1356 tamen
1375 1293 1513 1357 narr'atio
1535 1315 1597 1358 non
1622 1306 1690 1357 ests
1717 1295 1866 1377 quoniam

558 1389 634 1451 haec
658 1386 760 1451 omnia
789 1389 828 1449 ad
857 1386 1103 1451 criminationem
1133 1385 1284 1452 continuo
1314 1388 1468 1450 ducuntur
1497 1401 1528 1450 et
1556 1407 1617 1451 non
1643 1389 1674 1450 id
1699 1387 1804 1470 agitur
1831 1387 1865 1448 in

558 1482 618 1544 bac
637 1481 800 1556 oratione,
834 1493 869 1544 nt
896 1481 991 1543 iudex
1012 1481 1090 1542 sciat
1114 1501 1253 1554 caussam,
1288 1482 1344 1540 sed
1362 1490 1396 1544 nt
1421 1481 1524 1542 audiat
1544 1481 1658 1542 crimen
1682 1480 1865 1542 admisssuu.

518 1574 652 1640 tulitin
672 1574 867 1649 narratione,
892 1591 991 1659 'quum
1010 1595 1103 1636 cansa
1131 1573 1232 1636 omnis
1252 1571 1347 1635 luerit
1370 1574 1543 1654 explicatu,
1573 1585 1647 1635 tunc
1668 1573 1784 1637 crimen
1812 1585 1868 1635 asu

561 1670 600 1732 ab
613 1681 796 1732 accusatore
809 1667 999 1749 proponitur
1010 1679 1084 1749 post
1098 1665 1308 1730 narrationem
1328 1667 1415 1746 quasi
1426 1667 1557 1732 intentio
1570 1689 1578 1740 ;
1601 1679 1653 1731 ant
1667 1689 1683 1730 a
1697 1668 1868 1730 defensore

559 1763 646 1846 quasi
665 1761 830 1846 quaestio,
854 1773 887 1822 ut
906 1771 1080 1844 purgetur:
1103 1761 1231 1823 Sextus
1256 1759 1399 1822 Roscius
1424 1761 1554 1824 occisus
1575 1772 1637 1822 est.
1682 1763 1866 1824 Accusator

470 1907 475 1912 .
558 1854 632 1918 dicit
664 1876 680 1917 a
710 1855 797 1918 filio:
837 1854 961 1916 'duillius
982 1863 1093 1931 urgan
1131 1851 1202 1913 binc
1232 1872 1299 1913 csse
1325 1851 1497 1915 criminatio
1516 1865 1623 1935 potest
1650 1865 1683 1916 et
1706 1853 1864 1917 defensio.

559 1947 738 2010 Insinuatur
754 1946 849 2008 iudici
872 1967 930 2028 per
951 1944 1163 2008 narrationem
1188 1957 1288 2008 totum
1310 1945 1492 2028 negotium
1516 1947 1585 2021 ubi,
1610 1950 1754 2032 quando,
1780 1968 1864 2030 quo-

518 2041 654 2108 tsmodo
685 2041 761 2102 Sex.
784 2039 921 2103 Roscius
942 2039 982 2102 sit
1003 2039 1138 2101 osecisus.
1191 2037 1264 2100 Hoc
1281 2049 1413 2120 utraque
1434 2059 1509 2120 pars
1531 2039 1612 2102 dicat
1638 2061 1764 2102 necesse
1787 2053 1860 2112 est;

558 2133 633 2196 huic
653 2131 767 2216 singuli
789 2132 944 2194 subtiliter
964 2130 1153 2194 interliciunt
1175 2129 1224 2206 id,
1248 2133 1334 2213 qnod
1356 2131 1439 2212 parti
1465 2153 1539 2194 suae
1560 2135 1712 2214 prodesse
1736 2131 1864 2213 possit,

558 2247 624 2290 non
654 2246 777 2308 pugnae
809 2229 925 2299 modo;
964 2228 1019 2288 sed
1044 2225 1187 2286 adiuncta
1213 2223 1281 2288 veri
1309 2224 1524 2304 similitudine,
1559 2239 1593 2287 ut
1620 2225 1662 2288 ita
1688 2237 1863 2298 narretur,

560 2318 648 2403 quiesi
674 2329 705 2380 et
726 2319 923 2380 adversarius
950 2320 1058 2381 eodem
1093 2321 1189 2380 modo
1222 2339 1350 2380 narrare
1369 2318 1481 2399 possit.
1542 2318 1704 2398 Explicito
1732 2319 1865 2400 negotio

559 2432 715 2495 causaque
736 2410 884 2493 cognita,
907 2409 1016 2492 incipit
1037 2410 1232 2473 adversarius
1254 2410 1378 2484 dicere,
1403 2415 1488 2495 quod
1508 2412 1583 2474 Sex.
1607 2410 1757 2476 Roscium
1780 2411 1866 2472 filius

518 2531 550 2580 20
563 2503 742 2566 interemit:
766 2517 796 2567 et
820 2506 896 2567 baec
910 2503 1099 2566 criminatio.
1144 2504 1176 2567 Si
1199 2515 1301 2566 autern
1323 2504 1472 2568 defensor
1487 2518 1552 2579 est,
1578 2505 1729 2588 proponit
1745 2504 1865 2566 crimen

560 2597 649 2680 qnasi
677 2597 929 2682 quaestionema·
951 2596 1122 2662 occidisse
1151 2611 1286 2681 patrem
1318 2603 1402 2664 Sext
1439 2600 1583 2663 Roscius
1609 2600 1797 2682 urguitus·,·
1833 2611 1866 2659 et

560 2691 654 2753 affert
677 2701 859 2773 argumenta
873 2687 986 2773 quibus
1008 2691 1069 2753 boc
1089 2692 1205 2772 possit,
1229 2693 1414 2756 dissolvere.
1459 2693 1506 2755 lta
1532 2691 1770 2754 indictionibus
1796 2692 1866 2753 aliis

560 2783 792 2847 criminationes
821 2782 1039 2867 intelliguntur
1067 2784 1116 2845 vel
1144 2785 1380 2866 propositiones
1410 2785 1587 2858 criminum,
1626 2807 1719 2870 qttttm
1758 2783 1866 2847 oratio

560 2877 737 2959 explicandi
758 2879 991 2962 quodammodo
1021 2877 1207 2957 implicatam
1232 2899 1335 2942 secum
1359 2882 1451 2941 babet
1477 2879 1696 2942 intentionem:
1721 2888 1753 2940 ut
1774 2879 1866 2940 occi·

518 2971 661 3047 ssdisti,
692 2981 745 3033 ant
765 2971 887 3035 tulisti.
943 2973 989 3034 At
1011 2972 1063 3033 ubi
1085 2971 1223 3035 narratio
1246 2983 1316 3046 est,
1355 2983 1427 3052 post
1456 2975 1664 3034 narrationem
1694 2969 1864 3033 dicunturr

560 3068 616 3128 scd
642 3078 743 3128 tamen
774 3064 806 3128 in
838 3065 1017 3129 narratione
1047 3065 1263 3148 significantur
1290 3065 1404 3141 iudici,
1443 3087 1505 3128 noo
1535 3077 1643 3148 aperte
1671 3067 1711 3127 ab
1733 3074 1866 3127 oratore

561 3159 719 3222 dicuntur.
996 3153 1006 3168 ⁶

644 3252 761 3316 Breuis
781 3253 865 3327 erit,
897 3253 929 3316 si
949 3253 1039 3316 uncle
1059 3273 1192 3315 necesse
1213 3263 1283 3324 est,
1313 3251 1390 3314 inde
1412 3253 1546 3316 initium
1567 3263 1721 3316 sumetur
1741 3261 1774 3313 et
1796 3271 1867 3312 non

560 3347 605 3409 ab
625 3346 744 3410 ultimo
766 3344 949 3427 repetetur]
992 3345 1082 3409 Dixit
1103 3364 1198 3426 stupra
1221 3339 1430 3408 nirratiouem
1453 3347 1623 3408 oratoriam
1646 3357 1709 3406 tres
1733 3343 1868 3405 virtutes

520 3441 679 3510 sobabcre
700 3441 833 3511 debere;
864 3447 899 3500 nt
919 3437 1025 3500 brevis
1047 3437 1104 3513 sit,
1136 3449 1317 3519 inaperta,
1343 3448 1377 3499 ut
1399 3439 1584 3520 probabilis.
1631 3439 1722 3500 Nunc
1745 3439 1864 3510 docet,

561 3531 668 3593 brevis
699 3529 841 3593 narratio
873 3533 1133 3613 quemadmodum
1162 3550 1231 3593 esse
1258 3531 1382 3612 possit,
1420 3543 1451 3592 et
1482 3533 1587 3594 brevis
1621 3553 1682 3612 pro
1715 3529 1868 3612 qualitate

561 3620 694 3707 negotii.
737 3623 848 3686 Brevis
871 3622 996 3706 (inquit)
1017 3623 1093 3698 erit,
1118 3623 1145 3686 si
1166 3623 1282 3687 initium
1305 3644 1408 3686 sumas
1431 3625 1555 3686 arebns
1571 3624 1774 3694 necessariis,
1800 3643 1866 3684 non

562 3718 602 3780 ab
617 3708 751 3784 ultimo}
774 3727 808 3778 nt
828 3726 915 3797 pnta,
937 3714 963 3776 si
978 3716 1069 3780 nobis
1092 3717 1207 3812 bqllum
1231 3715 1404 3779 Troianum
1428 3719 1614 3793 narrandum
1630 3715 1690 3792 sit,
1715 3717 1867 3778 debemus

562 3821 694 3892 araptu
715 3809 854 3872 Helenae
875 3807 1031 3890 incipere,
1061 3831 1123 3872 uon
1146 3831 1163 3872 a
1186 3812 1291 3886 Leda,
1327 3831 1407 3892 quac
1429 3810 1579 3872 Helenam
1603 3810 1721 3892 genuit.
1772 3810 1868 3890 Ergo

521 3914 730 3985 aspraecepta
751 3902 855 3966 datin
879 3904 1006 3966 brevem
1028 3903 1258 3966 narrationem:
1284 3924 1364 3985 qttae
1385 3903 1416 3966 in
1440 3904 1527 3967 initio
1550 3904 1761 3974 narrationis,
1785 3921 1869 3983 quae

562 3998 594 4060 in
615 3997 698 4074 line,
735 3995 869 4081 quaein
890 3995 992 4060 medio
1020 4016 1149 4058 servare
1171 3999 1347 4058 debeamus.
1392 3999 1498 4078 Atque
1519 3997 1581 4057 boc
1602 4005 1803 4076 praeceptum
1829 3997 1869 4056 de

561 4089 655 4154 initio
686 4089 872 4154 narrationis
901 4101 966 4166 est,
999 4095 1087 4173 quod
1111 4090 1174 4153 ait:
1208 4089 1325 4152 Breuis
1347 4089 1430 4164 erit,
1467 4089 1498 4152 si
1518 4089 1606 4152 unde
1636 4109 1769 4152 necesse
1790 4101 1868 4166 est,

562 4184 645 4247 inde
666 4184 802 4247 initium
822 4196 993 4260 suarem,
1015 4196 1138 4247 ernon
1159 4183 1201 4246 ab
1222 4182 1342 4245 saltimo
1363 4195 1544 4264 repetetur.

646 4281 711 4352 m,
742 4279 773 4342 si
799 4277 896 4342 cuius
924 4278 976 4342 rei
995 4277 1082 4341 satis
1101 4277 1168 4339 erit
1189 4296 1356 4340 summum
1383 4275 1533 4346 dixisse,
1567 4275 1641 4338 eius
1659 4285 1777 4356 portes
1798 4295 1869 4338 non

520 4371 730 4451 ⁴⁰dicunntur]
773 4372 817 4435 Ut
838 4383 928 4452 puta,
958 4386 1053 4454 quum
1074 4369 1208 4433 sufficiat
1231 4368 1352 4443 dicere,
1392 4368 1536 4439 occidit,-
1558 4389 1616 4429 nos
1638 4369 1795 4432 dicamus:
1834 4381 1869 4432 el

562 4464 668 4527 uoluit
687 4476 720 4526 et
735 4464 850 4546 potuit
873 4476 906 4526 et
926 4464 1068 4536 occidit,-
1094 4485 1191 4547 qnttrn
1215 4463 1324 4523 barum
1349 4461 1483 4542 partium
1506 4481 1623 4523 summa
1645 4461 1701 4534 sit,
1725 4462 1870 4533 ueridica

564 4567 595 4620 et
615 4557 679 4620 hoc
713 4556 829 4620 dixisse
856 4555 1010 4631 sufficiat;
1044 4577 1153 4619 verum
1176 4557 1237 4619 boe
1266 4558 1529 4636 praeceptumde
1552 4553 1652 4617 medin
1676 4553 1869 4620 narrationis

564 4671 634 4713 esse
655 4661 775 4733 potest.

638 4905 683 4955 17.
701 4898 847 4970 narretur]
867 4896 916 4951 Cd.
937 4899 998 4952 llas.
1017 4927 1055 4940 -
1073 4905 1170 4949 narret
1190 4894 1255 4951 Edd.
1275 4895 1329 4949 Oa.

635 4979 733 5029 2211»
750 4973 928 5041 ddcra‘oru‘bus]
949 4973 996 5027 Slc
1015 4972 1065 5028 Cd.
1085 4974 1148 5026 Bar.
1164 4975 1226 5026 Aac.
1246 4973 1286 5024 St.
1308 4967 1368 5024 Ald.
1382 4997 1417 5010 -
1436 4975 1464 5020 ln
1484 4969 1688 5022 indrustr'oru'bur
1708 4969 1795 5042 Capp.
1817 4971 1869 5023 On.

638 5049 684 5105 24.
703 5049 872 5120 explicandi]
892 5048 958 5102 Cod.
978 5052 1038 5103 llas.
1062 5079 1092 5089 -
1116 5048 1270 5118 exponendi
1291 5053 1352 5100 Asc.
1374 5073 1408 5088 -··
1429 5051 1589 5113 exponentis
1609 5045 1682 5100 Ceu.
1706 5045 1759 5100 On.

638 5129 683 5185 28.
705 5152 738 5167 -
757 5133 896 5190 sonetur,
916 5142 972 5176 nou
989 5122 1032 5179 bis
1053 5125 1102 5178 (Ἀ.
1124 5125 1184 5177 Bas.
1208 5121 1261 5178 On.
