4434 5959
909 635 1016 701 cnr.
1038 635 1120 702 vu.
1613 609 1674 700 aas

358 771 516 855 cuiusque
536 780 637 835 status
659 775 910 838 controversiam
932 775 1156 858 probationum
1177 786 1358 860 argumenta
1381 786 1546 858 parantur.
1591 775 1676 838 Illud

362 885 493 950 quoque
514 865 648 929 studiosi
670 865 871 950 eloquentiae
891 881 923 931 et
944 871 982 931 de
1003 867 1216 930 artificialibus
1239 880 1270 930 et
1291 871 1329 931 de
1350 869 1597 936 inartificialibus
1618 891 1675 954 cof

360 958 481 1042 gitent,
506 979 607 1038 neque
628 959 659 1020 io
682 979 869 1042 urnaquaque
884 983 975 1025 cerasa
992 983 1048 1035 ea,
1072 982 1153 1045 quae
1168 961 1428 1038 monstravimus,
1453 976 1563 1025 cuncta
1579 983 1675 1044 posse

359 1051 517 1132 reperiri3
541 1072 599 1114 uec
618 1055 730 1114 eodem
751 1054 879 1130 ordine,
900 1076 966 1140 quo
984 1067 1056 1117 sunt
1076 1055 1209 1130 tradita,
1242 1052 1369 1136 semper
1390 1057 1506 1118 debere
1526 1044 1674 1120 tractari:

358 1165 464 1228 neque
487 1165 583 1228 quum
606 1145 771 1226 proposita
803 1147 899 1210 luerit
931 1147 1059 1210 materia
1087 1148 1229 1224 dicendi,
1264 1161 1329 1212 tum
1363 1151 1485 1211 demum
1508 1150 1700 1212 scrutanda⁵

358 1239 484 1321 singula
507 1250 762 1320 argumentorum
786 1240 855 1304 loca
878 1252 910 1303 et
931 1242 1020 1302 uelut
1042 1240 1179 1304 ostiatim
1202 1240 1374 1322 pulsanda,
1412 1253 1447 1304 ut
1473 1243 1512 1302 ad
1534 1243 1674 1320 proban·

358 1335 434 1392 darm
456 1330 509 1404 id,
533 1333 619 1414 quod
637 1330 840 1407 intendimus,
862 1337 1084 1414 respondeant.
1130 1333 1286 1396 luliuitaus
1307 1333 1390 1395 enirn
1413 1343 1444 1394 et
1465 1333 1603 1396 inutilem
1627 1335 1675 1398 la-

358 1425 425 1486 'ciat
447 1423 506 1486 ista
534 1445 586 1486 res
612 1424 733 1488 dicendi
762 1428 950 1490 tarditatem.
1009 1429 1150 1509 Propter
1174 1429 1260 1510 quod
1289 1447 1370 1508 opus
1395 1437 1442 1489 est
1469 1448 1533 1491 nou
1555 1435 1674 1490 tautum

360 1529 448 1592 arte,
479 1518 536 1579 sed
559 1516 687 1600 ingenio
711 1530 744 1581 et
765 1518 870 1581 studio
893 1532 924 1582 et
945 1522 1173 1584 exercitatione
1197 1517 1305 1597 nimia,
1329 1541 1410 1605 quae
1439 1520 1511 1599 plus
1535 1521 1673 1600 plerum·
1706 1595 1711 1604 ¹

359 1631 425 1692 que
446 1621 479 1672 et
500 1619 569 1674 arte
589 1622 622 1672 et
643 1611 771 1694 ingenio
793 1613 888 1675 ualet.
933 1616 977 1679 Ut
999 1616 1256 1699 quemadmodum
1276 1612 1307 1676 iu
1323 1613 1471 1693 syllabis,
1495 1631 1576 1694 quae
1595 1613 1672 1676 scri-
1687 1612 1718 1662 ¹⁰

361 1703 502 1766 bentium
524 1704 750 1789 cogitationem
772 1726 835 1770 non
850 1707 995 1792 exiguam,
1018 1707 1046 1769 si
1067 1708 1108 1770 sit
1128 1729 1203 1770 usus
1218 1717 1251 1769 et
1264 1708 1471 1779 consuetudo,
1494 1705 1539 1767 sic
1554 1706 1585 1768 in
1600 1727 1674 1768 ora·

359 1795 486 1858 toribus
507 1808 622 1875 sponte
651 1801 801 1880 quaedam
833 1813 1092 1884 argumentorum
1120 1800 1255 1865 facultas
1286 1798 1410 1864 dicendi
1437 1797 1490 1863 vel
1518 1796 1674 1862 scribendi

359 1890 591 1953 consuetudine
611 1892 698 1956 ultro
718 1915 753 1957 se
774 1879 956 1957 necessariis
979 1894 1056 1959 locis
1075 1897 1205 1960 offerat.

759 2076 791 2146 §.
822 2070 1277 2138 consuetudinum.

448 2209 524 2270 Non
558 2219 605 2272 est
631 2208 708 2271 satis
734 2221 992 2294 argumentorum
1015 2211 1104 2275 lucos
1128 2214 1179 2275 rel
1202 2209 1392 2276 divisionum
1414 2223 1597 2294 argumenta
1626 2210 1673 2273 in·
1686 2225 1716 2274 ιι

359 2300 511 2376 venisse,
549 2301 608 2364 nlsi
644 2315 840 2364 exornentur
870 2303 996 2368 iuventa
1026 2314 1062 2390 et
1088 2301 1211 2368 ceteras
1236 2303 1267 2366 in
1293 2315 1401 2384 partes
1428 2303 1672 2388 distinguantur.

359 2395 481 2458 Dicere
499 2393 599 2467 enim,
636 2395 708 2458 veri
730 2396 838 2458 simile
858 2409 910 2460 est
929 2420 1008 2460 eum
1025 2397 1245 2468 homicidium
1257 2393 1414 2488 secisse,
1450 2396 1509 2482 qui
1525 2419 1572 2460 ex
1595 2397 1673 2460 bar-

358 2489 454 2550 baris
473 2501 542 2560 est,-
564 2501 635 2565 aut,
659 2490 837 2552 concubuit
856 2491 938 2553 lance
950 2491 1089 2566 mulier,
1114 2511 1194 2554 uum
1204 2490 1359 2574 peperitr
1380 2511 1444 2556 nou
1461 2487 1674 2576 argumentari

359 2593 428 2655 est,
459 2584 515 2644 sed
536 2593 754 2665 argumentum
778 2583 938 2664 prolerre.
987 2585 1047 2648 Est
1069 2584 1167 2669 igitur
1190 2594 1407 2668 argumentum
1430 2582 1591 2647 inventum
1614 2583 1672 2646 ali·

358 2695 426 2756 quo
449 2693 626 2759 exgenere
648 2695 713 2737 rem
737 2675 871 2759 aliquam
891 2687 945 2740 aut
963 2675 1174 2760 probabiliter
1194 2679 1363 2740 ostendens
1386 2688 1438 2742 aut
1460 2677 1648 2740 necessarie.
1683 2682 1716 2730 ²⁰

528 2859 612 2924 vu.
647 2860 708 2925 nn
729 2838 1022 2926 necassetue
1045 2859 1505 2927 nuouuuunamoun.

445 2999 631 3064 Necessarie
653 3002 907 3065 demonstrantur
928 3022 984 3077 ea,
1007 3021 1089 3085 qnae
1106 2999 1216 3073 aliter,
1241 3020 1278 3062 ac
1300 2998 1464 3073 dicuntur,
1489 3020 1588 3082 neque
1604 2999 1671 3064 fieri

359 3117 421 3160 rec
440 3095 652 3159 demonstrari
673 3106 825 3176 possunt:
848 3097 912 3159 hoc
927 3098 1043 3164 modo.
1065 3093 1096 3156 si
1108 3092 1260 3174 peperit,
1283 3093 1462 3157 concubuit
1482 3115 1559 3155 eum
1579 3093 1672 3165 viror

358 3191 392 3253 ei
413 3191 467 3251 loc
486 3189 604 3262 habet,
639 3189 786 3272 peperit.
830 3189 907 3251 Hoc
931 3207 1031 3275 genus
1047 3185 1305 3271 argumentandi,
1328 3188 1415 3268 quod
1439 3185 1469 3248 in
1496 3187 1672 3249 necessaria

358 3281 486 3345 ratione
510 3292 674 3357 versatur,
704 3291 858 3344 tractatur
888 3281 919 3344 in
945 3281 1078 3344 dicendo
1104 3290 1158 3341 aut
1179 3300 1238 3360 per
1260 3279 1513 3360 complexionem
1536 3292 1589 3342 atu
1615 3285 1715 3362 perti

358 3376 625 3438 eutrmerationem
656 3385 709 3438 aut
736 3396 795 3457 per
822 3373 994 3457 simplicem
1022 3372 1270 3436 conclusionem.
1322 3373 1515 3455 complexio
1536 3384 1601 3446 est,
1641 3373 1671 3436 in

358 3488 422 3551 qua
444 3479 547 3530 utrum
569 3469 779 3543 concesserit,
811 3467 1073 3552 reprelienditur:
1098 3477 1151 3541 ut,
1175 3463 1213 3530 si‘
1226 3466 1402 3548 improbus
1425 3479 1495 3538 est,
1518 3489 1579 3530 cur
1599 3479 1672 3530 tue-

358 3561 438 3624 ra's?
458 3560 491 3623 ei
508 3562 651 3642 proluar,
673 3583 737 3625 cur
757 3564 926 3627 acrum?
968 3559 1175 3625 Enumeratio
1197 3559 1288 3623 estin
1306 3581 1387 3644 qua,
1411 3558 1555 3640 pluribus
1578 3561 1672 3622 rebus

358 3652 515 3735 expositis
542 3666 573 3716 et
594 3655 709 3719 ceteris
728 3655 911 3731 infirmatis,
945 3675 1005 3718 una
1034 3675 1086 3718 res
1115 3655 1216 3739 aliqua
1240 3653 1418 3717 necessario
1441 3653 1669 3716 confirmatur:
1707 3686 1710 3695 ·

357 3757 413 3822 ut,
436 3767 570 3809 merere
598 3759 651 3812 eet
674 3759 736 3812 out
764 3749 1022 3813 inimicitiarum
1052 3769 1160 3810 macro
1186 3748 1230 3811 ob
1255 3749 1318 3811 hoc
1347 3768 1421 3810 esse
1441 3745 1589 3812 occisum
1610 3757 1715 3810 outae

358 3851 471 3904 metus
489 3851 552 3903 out
576 3843 649 3924 spei
673 3841 900 3924 naatplieuiua
923 3841 1026 3905 omui
1047 3843 1185 3920 gmtio:
1216 3852 1277 3904 out
1295 3840 1326 3904 si
1347 3843 1472 3904 hortem
1497 3839 1584 3902 nihil
1599 3851 1669 3914 est,

357 3934 404 3997 ab
423 3935 488 3996 lroc
507 3953 575 3997 non
595 3956 669 3998 esee
689 3935 852 3999 mom.
908 3937 1003 4000 Nom
1023 3935 1097 3999 aine
1118 3956 1224 3998 coraso
1245 3933 1455 4011 maleficium
1476 3943 1672 4012 aresceptum

357 4047 429 4091 nou
447 4037 560 4109 potest
586 4049 673 4093 esee.
726 4023 825 4112 Ergo
845 4028 877 4092 ai
897 4049 1004 4112 ueqroe
1025 4027 1223 4092 inimicitiae
1231 4025 1407 4134 suersuat,
1433 4046 1539 4109 neque
1562 4037 1672 4114 metus

358 4123 475 4195 ullus,
514 4141 620 4206 neque
655 4143 750 4206 spes,
785 4143 892 4206 neque
913 4120 960 4182 ad
979 4121 1128 4184 ornicum
1146 4131 1295 4202 pertenet
1315 4119 1417 4184 huicce
1439 4140 1532 4182 mors
1554 4117 1671 4190 illius,-

357 4213 566 4298 reliuquitur
585 4215 716 4298 igitur,
753 4226 791 4278 ut
818 4215 862 4278 ob
885 4215 948 4277 lroc
972 4233 1040 4276 non
1067 4213 1115 4275 eit
1142 4213 1285 4276 occisus.
1342 4213 1483 4294 Simplex
1506 4209 1668 4273 conclusio
1681 4219 1713 4269 ts

357 4319 438 4370 esta
465 4307 497 4369 ai
525 4329 583 4372 uos
612 4330 665 4372 me
696 4308 791 4372 istud
818 4327 861 4372 eo
880 4318 1032 4389 tempore
1041 4305 1181 4396 secisse
1201 4306 1334 4381 dicitis,
1372 4307 1472 4390 (ego)
1493 4315 1608 4368 nectem
1628 4323 1670 4366 eo

358 4402 438 4484 ipro
467 4413 619 4484 tempore
653 4413 753 4466 trane
779 4422 874 4465 more
890 4396 983 4490 fici,
1027 4411 1151 4474 restat,
1189 4409 1228 4462 ut
1255 4399 1292 4462 id
1320 4401 1411 4484 quod
1432 4398 1579 4480 (dicitis)
1600 4417 1669 4460 uon

358 4494 464 4558 modo
490 4513 559 4558 non
574 4491 746 4585 ferrum,
782 4493 845 4558 red
871 4513 913 4556 ue
941 4492 1114 4578 potuerim
1143 4493 1279 4578 quidem
1288 4491 1432 4585 fucere.
1477 4492 1585 4575 Atque
1608 4493 1670 4555 hoe

357 4585 527 4671 diligenter
553 4587 654 4652 videri
685 4599 835 4670 oportet,
872 4609 999 4673 nequo
1025 4596 1122 4668 pacto
1145 4607 1245 4670 genus
1272 4587 1335 4650 hoc
1355 4585 1458 4650 relelli
1479 4584 1597 4667 possit,
1635 4595 1671 4648 ιιι

357 4701 423 4744 nou
445 4680 514 4744 sola
535 4679 752 4758 confirmatio,
775 4701 885 4745 rerum
909 4693 941 4745 et
954 4681 1023 4765 ipsa
1039 4679 1335 4765 argumentation
1349 4679 1529 4744 necessaria
1544 4679 1668 4744 ratione
1680 4685 1712 4733 ιι

358 4783 497 4837 constet.

430 4956 473 5007 ll.
483 4957 588 5022 offocet!
597 4961 644 5074 pp.
657 4959 698 5006 ts.
709 4961 822 5040 itempre
831 4961 932 5053 certes?
943 4959 1054 5042 „Um
1062 4961 1402 5074 qumlgiturerpumsnzm
1412 4955 1610 5074 ait-lsssdeitiesn
1617 4961 1666 5004 lor·

498 5036 617 5152 2:¹52.ss
633 5033 821 5160 ttl‘tsslt'
833 5031 1349 5162 ,ltttttttttttttttt‘ttj
1369 5045 1418 5145 :t
1431 5041 1665 5156 32ἶῖιῖῖῖὅῖῗῇ

499 5165 542 5216 it.
560 5169 640 5216 vert·
656 5170 792 5230 mussi
806 5171 898 5218 iaeleaa
913 5170 1021 5217 aheim
1036 5167 1141 5216 lacteat.
