4434 5959
473 548 475 556 ’
531 591 593 657 see
1058 585 1294 652 sonamus

530 728 689 814 opinionis
707 732 789 813 pede
809 727 1006 815 peragratis,
1030 726 1211 803 videamus,
1235 748 1274 790 aa
1295 748 1389 810 supra
1412 725 1512 790 dictus
1534 726 1624 789 locus
1639 726 1730 791 aliam
1748 738 1845 812 atque

528 825 685 889 diversam
715 823 878 886 admittere
908 824 1013 885 valeat
1042 824 1308 906 explanationem.
1369 822 1507 886 Videtur
1539 821 1619 885 enim
1654 820 1843 905 quibusdam

527 921 606 983 baec
628 908 798 995 sententia,
836 939 898 1002 qua
919 917 962 979 ait
985 915 1126 992 Cicero,
1149 921 1306 983 Deorum
1326 916 1436 980 virtus
1454 927 1581 979 amara
1600 915 1738 979 excellit
1748 925 1764 989 ‚¹
1782 916 1845 979 lto-

527 1014 658 1076 minum
679 1024 794 1076 antem
815 1012 1007 1087 industria,
1031 1033 1072 1074 ex
1094 1010 1183 1073 libris
1206 1012 1259 1074 Μ.
1282 1009 1462 1087 Varronis,
1488 1008 1624 1073 bominis
1647 1008 1842 1085 acutissimi,

503 1108 578 1173 sDe
596 1108 737 1171 humanis
761 1119 792 1170 et
814 1105 925 1169 divinis
947 1108 1063 1182 rebus,
1096 1104 1151 1167 nbi
1174 1106 1212 1168 de
1234 1103 1417 1189 theologiae
1439 1103 1595 1168 diuisione
1616 1104 1740 1188 agitur,
1769 1124 1845 1167 suc-

528 1201 628 1265 cincte
650 1223 708 1282 per
729 1199 894 1263 transitum
916 1210 1047 1263 mutata.
1091 1198 1167 1263 Fuit
1189 1197 1270 1261 enim
1294 1197 1418 1260 Trallius
1442 1197 1540 1260 eidem
1563 1191 1681 1261 Mar'co
1698 1196 1845 1262 Varroni

528 1295 693 1359 coauditor
712 1304 743 1357 et
764 1293 999 1377 condiscipulus
1020 1296 1078 1357 snb
1100 1296 1236 1357 doctore
1257 1291 1439 1368 Antiocho,
1473 1290 1590 1373 partim
1613 1291 1744 1369 Stoico,
1769 1313 1844 1375 par-

526 1389 582 1453 tim
604 1387 811 1453 Academico.
855 1388 894 1451 In
920 1386 1110 1470 supradictis
1132 1397 1234 1449 antem
1257 1384 1345 1448 libris
1367 1385 1450 1448 idem
1472 1385 1524 1448 M.
1547 1385 1658 1448 Varro
1679 1389 1762 1451 'adeo
1787 1384 1845 1451 Ci-

528 1484 656 1547 ceronis
688 1481 833 1545 lavarem
866 1480 999 1557 meriiit,
1033 1492 1067 1543 ιιι
1098 1480 1129 1543 in
1156 1480 1262 1562 primo
1297 1477 1563 1543 Academicorum
1594 1500 1724 1545 suornm
1758 1481 1843 1547 libro

486 1575 647 1645 toCiccro
679 1574 817 1636 eiusdem
843 1573 998 1639 litteraria
1020 1595 1117 1656 opera
1139 1574 1301 1657 praedicet
1322 1585 1354 1637 ct
1384 1573 1573 1647 admiretur,
1605 1572 1731 1637 dicens:
1765 1577 1845 1641 Noe

528 1662 565 1733 i'n
585 1680 707 1733 nostra
727 1667 810 1731 urbe
822 1668 1083 1751 peregrinantes
1104 1680 1321 1751 errantesque
1339 1679 1514 1751 tamqnam
1527 1666 1678 1749 hospites
1696 1669 1748 1733 tui
1765 1669 1845 1733 libri

477 1762 482 1769 ’
528 1764 629 1850 qaeast'
649 1763 789 1826 domum
803 1763 1038 1837 reduxerunt,
1062 1774 1101 1824 ut
1122 1782 1301 1844 possemus
1322 1761 1529 1846 alipuando,
1554 1761 1660 1845 quiet
1680 1762 1738 1825 nii
1754 1785 1844 1828 esse·

529 1881 622 1934 mus,
652 1877 853 1941 agnoscere.
911 1858 1065 1918 Tractaos
1094 1854 1175 1917 enim
1204 1854 1317 1917 ibidem
1348 1855 1386 1916 de
1414 1854 1556 1917 humanis
1578 1856 1689 1930 rebus,
1727 1856 1844 1939 partim

527 1951 676 2028 intendit,
701 1951 756 2035 qui
778 1960 888 2033 agant,
913 1950 968 2011 ubi
990 1958 1103 2033 agant,
1139 1951 1264 2031 qnando
1287 1959 1396 2033 agant,
1422 1948 1498 2031 quid
1520 1960 1626 2034 agant.
1669 1947 1845 2032 Disputans

486 2056 691 2130 lipraeterea
713 2047 751 2106 de
774 2043 887 2107 divinis
914 2044 1010 2105 rebus
1039 2041 1100 2106 tria
1124 2063 1241 2126 genera
1263 2041 1446 2127 theologiae
1474 2041 1647 2106 introducit
1669 2063 1844 2126 certamque
1868 2099 1881 2128 ,

527 2161 622 2202 ιιιιιιιιι
645 2134 794 2224 μυθικὸν
815 2136 968 2219 appellari
990 2135 1081 2199 dicit:
1107 2138 1194 2221 quod
1209 2136 1349 2221 quidem,
1374 2136 1433 2208 nisi
1454 2137 1563 2200 Latini
1582 2136 1749 2201 insolentia
1766 2158 1846 2218 pro·
1876 2131 1891 2175 ’Ἢ

527 2233 651 2296 biberet
673 2230 809 2316 eloquii,
822 2228 995 2322 subalare
1017 2231 1266 2312 appellaremns;
1289 2233 1343 2293 scd
1353 2228 1567 2322 fabulosum
1585 2230 1844 2314 interpretemur.

426 2328 431 2341 '
527 2328 560 2391 A
581 2327 688 2391 fabula
716 2326 795 2388 enim
815 2321 964 2410 μυθικὸν
984 2323 1100 2386 dictum
1127 2336 1193 2401 est,
1232 2324 1380 2409 qnoniam
1407 2327 1522 2410 μῦθος
1543 2326 1670 2389 Graeco
1697 2347 1845 2390 sermone

526 2420 665 2485 fabulam
698 2420 866 2503 significat.
925 2419 1122 2494 Secundum,
1153 2412 1312 2510 φυσικόνε
1347 2420 1432 2504 qnod
1462 2430 1496 2482 ιιι
1520 2422 1678 2482 naturale
1700 2418 1844 2499 dicatur,

484 2520 588 2585 teiam
609 2514 661 2577 diu
679 2514 771 2577 tritus
794 2524 920 2577 nostrae
947 2512 1117 2575 locutionis
1141 2532 1215 2574 usam
1234 2510 1380 2575 admittit.
1424 2511 1567 2574 Tertium
1588 2510 1681 2576 civile
1702 2512 1846 2595 appella-

526 2608 585 2671 vit.
629 2608 752 2673 Deinde
774 2607 909 2683 adiecit,
933 2607 1091 2686 mythicon
1115 2606 1287 2687 appellari,
1313 2628 1377 2691 qno
1401 2605 1534 2669 inarime
1557 2618 1688 2673 otiantur
1710 2610 1841 2691 poetae,

524 2700 557 2762 in
578 2722 683 2784 eoque
705 2721 773 2763 esse
797 2701 892 2762 multa
916 2710 1030 2764 contra
1058 2699 1239 2782 dignitatem
1270 2712 1476 2785 naturamque
1506 2701 1729 2765 immortalium
1754 2702 1843 2767 licta.

526 2793 563 2856 In
572 2793 723 2856 hoceninr
732 2804 797 2869 est,
820 2795 939 2856 ntdeus
949 2792 1025 2854 alius
1035 2813 1076 2854 ex
1086 2791 1201 2874 capite,
1219 2793 1296 2873 alius
1309 2814 1349 2857 ex
1361 2795 1500 2869 femore,
1517 2794 1595 2857 alius
1607 2815 1648 2857 ex
1660 2793 1844 2879 guttissan·

526 2886 630 2970 guinis
642 2886 682 2949 sit
699 2898 808 2961 natus;
829 2886 862 2949 in
873 2888 952 2963 boc,
970 2897 1004 2948 ιιι
1019 2885 1061 2948 dii
1073 2886 1170 2950 iuraui
1182 2885 1260 2962 sint,
1277 2899 1311 2951 ut
1321 2887 1545 2964 adulterarint,
1559 2899 1593 2951 ut
1604 2888 1773 2951 servierint
1782 2891 1844 2954 ho·

482 2980 616 3054 etmini3
650 2980 784 3063 denique
806 2981 837 3043 in
861 2984 926 3044 hoc
944 2979 1047 3042 omnia
1068 2980 1127 3042 diis
1151 2980 1345 3059 attribuunt,
1370 3004 1450 3067 quae
1471 3004 1534 3047 nnn
1559 2983 1654 3045 modo
1676 2982 1709 3045 io
1740 2983 1846 3046 bonai·

524 3097 617 3149 nem,
649 3075 840 3148 sedetiam,
873 3074 1005 3159 quaein
1032 3074 1333 3155 contemptissimum
1363 3075 1522 3139 hominem
1556 3076 1670 3138 cadere
1695 3090 1844 3159 possunt.

526 3170 623 3249 Quod
642 3180 761 3246 totum,
786 3169 859 3254 quia
879 3168 1015 3250 poe'ticis
1035 3178 1084 3232 est
1107 3167 1272 3231 mendaciis
1288 3172 1473 3233 adornatum
1490 3180 1522 3232 et
1543 3168 1674 3233 scenicis
1696 3191 1734 3232 ac
1755 3172 1845 3233 tbea·

525 3262 613 3328 tricis
636 3264 727 3348 nangis
746 3266 946 3345 deputatum,
985 3262 1113 3326 omnino
1137 3271 1315 3343 putatesse
1337 3262 1537 3346 sacrilegum.
1582 3263 1760 3328 Secundum
1784 3287 1846 3349 ge-

525 3378 583 3420 nus
606 3368 670 3432 est,
693 3356 810 3440 inquit,
836 3358 995 3431 naturale,
1020 3357 1058 3418 dc
1081 3376 1147 3438 quo
1172 3355 1286 3418 nutritos
1309 3355 1409 3420 libros
1431 3355 1612 3439 philosophi
1633 3357 1842 3443 reliquerunt,

484 3449 558 3524 sain
581 3450 694 3534 quibus
717 3462 782 3526 cst,
808 3451 849 3512 dii
873 3450 927 3532 qni
947 3449 1027 3525 sint,
1051 3449 1121 3524 ubi,
1147 3452 1234 3533 quod
1255 3470 1355 3533 genus
1374 3462 1406 3513 et
1424 3450 1535 3535 quale,
1561 3470 1588 3513 a*
1599 3454 1740 3539 quandam
1760 3463 1844 3516 tem·

525 3565 608 3627 pore
630 3565 669 3606 an
691 3566 708 3605 a
730 3543 923 3626 sempiterno
945 3542 1081 3618 luerint,
1117 3562 1158 3605 cx
1180 3542 1246 3627 igni
1268 3543 1348 3620 sint,
1386 3556 1420 3607 ιιι
1443 3544 1546 3608 credit
1566 3545 1767 3622 Heraclitn's,
1804 3567 1843 3608 aa

527 3658 568 3699 ex
592 3637 747 3713 numeris,
771 3649 806 3699 nt
829 3640 1053 3720 Pythagoras,
1078 3657 1117 3698 an
1141 3657 1180 3699 ex
1201 3638 1331 3713 atomis,
1356 3650 1390 3701 ut
1414 3638 1457 3701 ait
1476 3638 1648 3721 Epicurus.
1693 3640 1769 3704 Hoc
1792 3651 1844 3703 to·

526 3743 591 3794 tum
615 3751 714 3814 genus
732 3732 891 3813 pertinere
913 3731 993 3793 dixit
1014 3734 1054 3793 ad
1075 3733 1223 3792 mundum
1245 3733 1392 3818 nullaque
1410 3733 1539 3797 infamia
1558 3734 1733 3799 denotauit.
1758 3738 1845 3799 Ter·

527 3823 605 3886 tinm
628 3837 812 3908 genusest‚
842 3824 964 3910 inquit,
999 3823 1111 3898 civile,
1136 3828 1223 3909 quod
1245 3826 1277 3889 in
1299 3830 1380 3891 nrbc
1402 3828 1507 3904 cives,
1532 3827 1667 3891 maxime
1691 3832 1845 3893 sacerdo·

484 3929 593 3992 sites,
617 3931 826 4004 nossentque
848 3919 1054 3982 sacrificando
1078 3919 1296 3983 administrare
1314 3921 1436 3985 solent:
1470 3923 1500 3985 in
1524 3943 1589 4006 qno
1612 3922 1704 3986 etiam
1724 3944 1845 4008 genere

526 4032 621 4094 quaram
645 4011 761 4074 multae
780 4011 924 4075 inlarniac
946 4007 1024 4074 firrnt
1043 4010 1216 4090 simillima,
1241 4014 1385 4097 qttamvis
1406 4027 1529 4078 tacente
1553 4016 1726 4093 Varrone,
1750 4038 1846 4080 ano·

525 4105 573 4166 bis
601 4103 647 4167 illi
671 4104 774 4186 priori
803 4105 979 4168 indicantur
1009 4117 1160 4191 cognata.
1217 4108 1301 4170 Num
1329 4108 1405 4192 qnid
1433 4108 1514 4172 eninr
1545 4108 1667 4191 Priapo
1691 4110 1779 4174 niimi
1809 4133 1847 4173 ac

524 4200 659 4283 periitne,
697 4219 761 4261 non
783 4199 875 4261 etiarn
906 4201 1108 4273 sacerdotes,
1147 4195 1289 4262 enormia
1310 4204 1457 4282 pudenda
1485 4200 1652 4265 iecerunt?
1688 4225 1727 4266 an
1752 4205 1846 4266 aliter

525 4301 587 4351 stat
618 4292 795 4354 adorandus
825 4292 857 4354 ia
885 4292 965 4356 locis
997 4292 1116 4369 sacris,
1151 4314 1243 4377 quiam
1270 4293 1417 4375 procedit
1446 4294 1592 4357 ridendus
1621 4293 1653 4359 in
1684 4296 1850 4359 theatris?

483 4395 515 4445 to
528 4379 648 4446 Videas
672 4405 751 4469 ergo
777 4384 894 4451 Cicero
920 4386 950 4449 in
973 4386 1028 4451 illo
1051 4385 1302 4469 priorigenere
1322 4408 1456 4469 prorsus
1478 4388 1609 4452 ridicula
1633 4400 1667 4452 et
1689 4386 1847 4453 maiestati

527 4474 653 4539 divinae
674 4477 802 4563 indigna
820 4480 996 4555 celebrata,
1036 4501 1118 4562 qliae
1139 4480 1275 4562 poeticis
1298 4494 1463 4546 cantantur
1492 4482 1684 4546 carminibus
1708 4495 1740 4545 et
1763 4483 1847 4546 ludis

598 4674 622 4720 1.
643 4674 704 4720 Cod.
720 4672 819 4732 pedem.
841 4671 882 4721 10.
902 4678 973 4721 dead.
997 4680 1089 4735 quaest.
1110 4675 1151 4719 lib.
1172 4675 1192 4719 l.
1213 4656 1265 4732 cap.
1286 4673 1311 4722 i.
1330 4677 1352 4738 §.
1374 4676 1399 4725 i.
1421 4676 1461 4724 14.
1481 4680 1536 4725 tot.
1556 4677 1599 4725 id.
1618 4693 1699 4726 reesa.
1722 4677 1764 4726 18.
1784 4679 1846 4724 Coti.

667 4741 770 4790 initias.
815 4742 856 4790 25.
875 4746 943 4802 Apud
961 4748 986 4791 S.
1006 4748 1106 4806 August.
1127 4744 1305 4793 attribuuntur.
1353 4743 1394 4793 3⁰.
1415 4750 1441 4795 8.
1461 4749 1563 4810 August.
1582 4764 1698 4811 quonam.
1744 4746 1788 4795 35.
1807 4763 1848 4795 ao-

579 4802 583 4809 ’
661 4813 723 4927 Ibem]
751 4816 783 4940 8.(
805 4814 906 4941 Α)ιι5ιιιι.
938 4815 1035 4862 debent.
1082 4812 1125 4861 ti.
1148 4817 1277 4862 maiestati
1293 4816 1403 4879 divinae]
1422 4820 1462 4878 Sic
1481 4819 1572 4867 Codex.
1618 4820 1680 4867 ibit.
1700 4818 1763 4865 Cod.
1783 4821 1848 4865 eele-

682 4888 757 4928 ranta
784 4884 840 4929 sic.

601 5005 629 5062 tr.
648 5004 719 5056 Eam
727 4998 925 5073 peritissimum
938 5005 1103 5060 Latinorrrm
1117 5022 1195 5061 vocat
1210 5006 1283 5061 idern
1297 5010 1432 5063 Bo'e'thias
1446 5009 1590 5064 Geometr.
1603 5008 1654 5065 lib.
1672 4974 1708 5066 ll.
1722 5015 1804 5069 1229.
1815 5015 1848 5067 A.

605 5081 648 5136 16.
670 5079 739 5132 cod.
759 5079 969 5135 MITHICON.
990 5081 1091 5136 Confer
1111 5082 1140 5137 8.
1163 5086 1347 5156 Augustinum
1366 5086 1412 5137 De
1432 5089 1551 5139 civitate
1569 5085 1626 5138 Det
1643 5084 1693 5139 tib.
1713 5086 1762 5139 Vl.
1781 5100 1844 5158 cap.

529 5152 556 5210 d·
567 5168 606 5227 tq.
616 5156 661 5225 qul
673 5150 731 5209 lere
741 5153 814 5209 idem
827 5160 945 5213 ιιιιιιιι
955 5153 1155 5232 fragmentum,
1175 5156 1250 5245 Opp.
1266 5175 1341 5215 emn.
1355 5158 1399 5216 ed.
1412 5162 1550 5240 antwerp.
1563 5175 1583 5218 t.
1595 5157 1657 5223 iil.
1671 5158 1802 5238 enhltd·
1812 5164 1844 5219 D.
