4434 5959
538 589 603 654 Ml
791 635 796 644 -
1075 597 1312 664 nottTttms

538 728 620 794 enim
654 731 798 812 partibus
827 733 982 800 orationis
1008 737 1130 802 veritas
1164 738 1217 801 vel
1244 735 1365 802 falsitas
1397 735 1480 800 nulla
1509 748 1570 802 est.
1614 737 1720 820 Qnusn
1752 749 1853 802 antem

537 822 635 900 dico,
659 825 724 888 dies
745 838 813 902 est,
847 827 912 892 dies
935 843 1086 908 nonest,
1123 841 1274 912 utraeque
1295 830 1552 914 propositiones,
1576 853 1636 894 una
1659 830 1690 894 in
1713 831 1855 897 affirma-

536 914 648 992 tione,
672 919 771 982 altera
794 920 825 984 in
847 923 1017 1004 negatione
1039 924 1165 1006 posita,
1189 923 1348 987 orationes
1370 935 1455 988 stunt.
1497 926 1560 988 Sed
1576 925 1628 988 Μ.
1646 925 1774 988 Tullius
1789 946 1851 991 uos

536 1021 601 1073 tarn
632 1013 772 1094 propriis
794 1015 972 1080 nominihus
995 1039 1089 1101 qnam
1112 1017 1291 1082 notioribus
1322 1017 1431 1082 utitur.
1490 1017 1547 1083 Ait
1569 1018 1649 1081 enirn
1672 1019 1854 1082 contrario·

512 1122 607 1173 trum
629 1107 688 1169 alia
711 1128 797 1185 esse,
821 1132 902 1193 quae
925 1113 1057 1174 adversa
1074 1121 1246 1183 vocentur,
1271 1109 1348 1192 alia,
1372 1131 1453 1195 quae
1467 1110 1645 1194 privantia,
1670 1110 1748 1186 alia,
1774 1130 1854 1194 quae

536 1197 569 1260 in
591 1201 828 1284 cpmparatione
849 1203 934 1278 sint,
964 1203 1042 1278 alia,
1073 1225 1154 1287 quae
1169 1201 1281 1266 aientia
1302 1214 1333 1266 et
1350 1205 1496 1288 negantia
1513 1217 1745 1286 nuncupentur.
1792 1207 1854 1267 Sed

537 1312 620 1374 quae
642 1295 800 1357 contraria
822 1296 983 1372 nominat,
1023 1297 1171 1379 opposita
1196 1295 1300 1360 verius
1322 1299 1523 1372 dicerentur3
1547 1317 1627 1380 qttae
1649 1299 1785 1360 adversa
1808 1297 1855 1360 di·

537 1397 671 1461 ciuntur,
705 1388 941 1451 contrariorum
969 1389 1079 1452 melius
1113 1388 1311 1470 susciperent
1344 1412 1480 1464 oonsen;
1515 1411 1596 1475 quiae
1627 1391 1659 1455 in
1681 1391 1855 1456 collatione

537 1479 694 1554 nominat,
729 1501 765 1542 ca
793 1482 925 1544 relativa
960 1483 1009 1544 vel
1042 1484 1082 1544 ad
1111 1481 1229 1568 aliquid
1255 1483 1372 1546 certius
1401 1495 1607 1548 vocarentur.
1661 1485 1725 1547 Sed
1747 1495 1854 1548 utatns·

495 1571 733 1651 ,onominibnm
766 1586 799 1636 nt
832 1576 937 1649 volet,
971 1577 1044 1638 dum
1076 1597 1130 1639 res
1164 1575 1252 1658 ipsae
1283 1588 1369 1639 certa
1398 1577 1606 1660 proprietatis
1631 1580 1855 1642 enarratione

537 1663 718 1748 signentur.
770 1669 841 1731 Nos
864 1688 942 1732 vero
964 1669 995 1732 in
1017 1667 1153 1743 ceteris,
1185 1689 1266 1751 qrtos
1289 1669 1458 1745 edidimus,
1483 1671 1572 1734 libris
1595 1691 1635 1734 eo
1656 1670 1854 1750 nuncupavi·

537 1779 606 1820 mus
628 1761 744 1835 ruodo,
779 1781 843 1843 quo
865 1761 1011 1842 superius
1032 1761 1063 1825 iu
1087 1760 1271 1826 Aristotelis
1294 1763 1409 1825 dictum
1432 1775 1479 1826 est
1502 1763 1669 1828 divisione.
1730 1763 1852 1824 Secun-

537 1853 610 1913 dum
643 1853 696 1915 M.
726 1853 866 1918 Tullium
895 1856 994 1941 igitur
1015 1855 1249 1919 contrariorum
1271 1854 1330 1918 alia
1360 1868 1431 1919 strnt
1453 1860 1606 1932 adversa,
1644 1867 1679 1919 nt
1698 1854 1855 1936 sapientia

538 1946 689 2022 stultitia;
727 1946 785 2010 alia
807 1947 982 2028 privantia,
1013 1960 1048 2012 ut
1070 1950 1208 2034 dignitas
1230 1961 1260 2012 et
1274 1949 1462 2033 indignitas3
1485 1951 1545 2014 alia
1561 1971 1661 2024 vcro,
1684 1969 1767 2034 qtrae
1783 1969 1854 2011 essm

495 2039 646 2124 ssaliqrto
668 2039 895 2117 conseruntur,
918 2053 953 2105 ut
975 2042 1105 2124 duplum
1131 2043 1294 2125 simplusn;
1332 2043 1390 2106 alia
1420 2065 1517 2120 vern,
1548 2065 1630 2126 quae
1651 2043 1855 2125 appellantur

539 2133 703 2220 negantia,
741 2135 945 2217 econtrario
967 2137 1120 2199 aientibus
1143 2134 1330 2212 constituta,
1369 2147 1420 2212 nt,
1457 2136 1485 2201 si
1505 2139 1568 2200 hnc
1589 2149 1655 2212 est,
1690 2136 1769 2200 illud
1791 2155 1856 2200 non

539 2239 600 2290 est.
643 2229 791 2292 Adversa
812 2229 910 2314 igitur
931 2244 1025 2308 sunt,
1064 2251 1145 2315 quae
1167 2230 1226 2292 suh
1249 2248 1313 2291 uno
1336 2249 1455 2314 genere
1476 2231 1580 2312 posita
1602 2231 1772 2314 plurimum
1795 2229 1856 2293 dil·

538 2322 662 2399 terrine,
686 2335 721 2386 ut
741 2322 845 2386 album
867 2326 1058 2410 nigrumque
1079 2345 1096 2387 a
1118 2343 1152 2384 se
1174 2319 1342 2402 plurimum
1364 2322 1477 2384 distant
1499 2326 1558 2384 sub
1581 2343 1643 2387 uno
1660 2345 1779 2406 genere
1797 2345 1857 2406 po·

539 2415 620 2491 sita,
654 2415 774 2492 idest,
805 2419 865 2480 sub
888 2417 1013 2482 colore.
1056 2418 1137 2481 ltern
1160 2413 1313 2478 celeritati
1336 2416 1465 2479 tarditas
1488 2418 1620 2480 adversa
1641 2427 1707 2492 est,
1742 2416 1856 2498 positis

497 2508 683 2594 naturisque
704 2512 763 2572 stsb
785 2523 893 2584 motu,
917 2511 1121 2595 nequeenim
1144 2507 1298 2572 celeritati
1321 2509 1463 2572 debilitas
1486 2512 1676 2592 opponenda
1692 2521 1760 2584 est,
1785 2508 1858 2594 qnia

541 2600 692 2665 debilitati
714 2603 805 2666 firma
829 2605 975 2667 valetudo
997 2603 1157 2672 contraria
1183 2613 1249 2666 est:
1272 2605 1359 2686 quod
1380 2602 1410 2666 in
1433 2603 1588 2667 divisione
1603 2604 1707 2668 omisit
1723 2602 1857 2678 Cicero,

540 2696 598 2760 sed
619 2695 726 2758 docuit
747 2695 909 2778 exemplo.
964 2698 1024 2762 llla
1047 2719 1176 2781 qtsoque
1204 2696 1350 2759 dicuntur
1375 2699 1530 2774 adversa,
1565 2695 1697 2781 quaein
1721 2695 1858 2759 diversis

541 2789 712 2874 generibus
733 2789 790 2853 sita
813 2789 979 2870 plurimum
1002 2812 1018 2853 a
1042 2811 1076 2854 se
1098 2791 1278 2870 discrepare
1292 2789 1531 2874 intelliguntur,
1557 2803 1589 2852 ut
1605 2789 1758 2870 sapientia
1778 2789 1858 2852 stul·

540 2881 641 2945 titiae.
686 2883 744 2946 Illa
768 2883 848 2945 enim
870 2885 929 2947 sub
951 2904 1068 2966 genere
1090 2883 1166 2947 honi
1188 2893 1250 2957 est,
1277 2883 1356 2945 haec
1378 2903 1456 2948 vero
1472 2885 1532 2946 snb
1554 2883 1643 2946 mali:
1667 2904 1857 2966 qttamquans

497 2974 720 3050 tehuinsmodi
741 2976 919 3058 exemplum
939 2977 1149 3058 privationem
1172 2975 1278 3058 potius
1300 2987 1445 3058 spectare
1474 2977 1629 3040 videatur.
1675 2978 1755 3040 Nam
1778 2977 1857 3039 stul·

540 3069 608 3133 titia
629 3069 767 3152 privatin
789 3070 961 3152 sapientiae
984 3083 1050 3146 est,
1072 3091 1132 3132 nec
1154 3067 1320 3154 qrricquam
1343 3081 1391 3133 est
1412 3068 1496 3133 aliud
1512 3070 1640 3132 stultitia
1658 3071 1716 3133 nisi
1730 3069 1858 3154 sapien·

541 3161 606 3227 tiae
628 3176 659 3226 et
680 3163 813 3229 rationis
834 3165 988 3228 absentia.
1033 3165 1098 3228 Sed
1118 3185 1199 3244 qtrae
1221 3164 1299 3238 sint,
1325 3183 1404 3247 qtrae
1424 3160 1581 3244 privantia
1605 3161 1724 3228 Cicero
1747 3165 1857 3246 appel·-

543 3257 605 3333 lat,
642 3259 801 3341 posterius
824 3261 1064 3323 demonstrabo.
1119 3259 1172 3320 Ex
1194 3255 1242 3318 his
1264 3256 1327 3320 hoc
1349 3258 1445 3320 modo
1468 3267 1651 3340 argumenta
1674 3271 1856 3324 sumenturs

543 3351 579 3414 Si
600 3351 761 3414 stultitiam
782 3351 942 3436 sugimus,
979 3351 1162 3432 sapientiam
1192 3371 1381 3432 sequamur,
1418 3350 1443 3412 si
1465 3349 1637 3414 bonitatem
1659 3351 1857 3442 appetimus,

500 3442 691 3520 gomalitiam
711 3445 890 3528 fugiamus:
928 3466 1116 3532 qiramquam
1147 3443 1261 3506 malitia
1285 3464 1413 3528 quoque
1442 3445 1611 3506 secumdum
1635 3445 1766 3506 eundem
1791 3468 1859 3510 mo·

545 3538 636 3612 dum,
658 3536 714 3620 qni
734 3541 879 3620 superius
902 3541 1003 3603 dictus
1025 3551 1092 3611 est,
1130 3537 1362 3621 privationibus
1383 3537 1491 3619 possit'
1506 3536 1647 3621 adiungi.
1691 3537 1858 3606 Privantia

541 3651 626 3696 vero
647 3634 818 3694 secundum
841 3631 1029 3697 Ciceronem
1057 3643 1149 3706 sunt,
1187 3650 1268 3716 qnae
1297 3631 1421 3694 Graece
1443 3629 1616 3718 στερητικαὶ
1638 3632 1858 3713 appellanturs

544 3743 626 3806 qssae
656 3724 773 3787 habent
802 3745 871 3788 eam
900 3738 1021 3807 partem
1049 3723 1205 3788 orationis
1236 3723 1472 3805 praepositam,
1509 3743 1608 3808 qrrae,
1646 3745 1742 3806 quum
1764 3725 1861 3790 fuerit

545 3815 685 3894 adiecta,
709 3838 835 3900 semper
855 3817 925 3882 lere
947 3816 1062 3901 aliquid
1084 3818 1193 3881 demit.
1238 3817 1284 3882 Ea
1307 3827 1354 3879 est
1371 3818 1417 3880 lN
1443 3815 1657 3898 praepositio;
1679 3817 1759 3880 haec
1778 3818 1859 3882 enim

503 3923 534 3974 ³⁵
546 3911 667 3991 syllaba
696 3911 746 3975 eni
772 3910 870 3975 leserit
898 3912 1062 3994 apposita,
1100 3911 1195 3974 deruit
1222 3911 1290 3974 iere
1311 3909 1429 3995 aliquid
1450 3931 1490 3972 ex
1512 3931 1547 3973 ea
1570 3909 1621 3985 vi,
1659 3930 1753 3991 quana
1777 3923 1858 3974 esset

544 4024 597 4066 res
629 4005 790 4089 quaelihet
810 4005 974 4080 habitura,
1008 4005 1035 4069 si
1067 4005 1115 4068 IN
1139 4005 1291 4085 syllabam
1314 4004 1526 4086 praepositam
1550 4023 1614 4068 non
1636 4003 1786 4079 haberet,
1823 4014 1858 4065 ut

545 4098 727 4162 humanitati
749 4097 975 4174 inhumanitas3
1011 4101 1158 4178 (namque
1189 4098 1371 4180 praeposita
1393 4099 1440 4161 lN
1464 4095 1517 4172 id,
1555 4099 1593 4158 de
1630 4115 1695 4178 quo
1719 4094 1856 4172 dicitur,

545 4192 736 4256 humanitate
757 4193 899 4277 privavit
908 4195 931 4272 3)
966 4203 1000 4255 ut
1022 4191 1157 4277 dignitas
1179 4203 1212 4254 et
1233 4189 1413 4274 indignitas.
1458 4191 1502 4254 Et
1524 4190 1650 4254 Tullius
1672 4190 1799 4273 quidem
1820 4211 1857 4254 ea

545 4296 665 4351 tantum
687 4287 841 4371 privantia
864 4307 934 4351 esse
964 4286 1153 4361 confirmat,
1182 4284 1214 4368 in
1236 4287 1475 4370 qrribuscunque
1496 4283 1615 4364 syllaba
1637 4283 1695 4346 ista
1719 4303 1857 4366 praepo·

503 4381 651 4444 tonitura
672 4380 861 4462 privantium
883 4379 1001 4466 qnippe
1021 4391 1132 4442 natura
1154 4381 1324 4443 secuudum
1349 4378 1486 4441 Tullium
1508 4377 1600 4442 huius
1614 4377 1755 4458 syllabae
1771 4399 1858 4442 eous·

545 4472 772 4537 memoratione
794 4474 916 4537 linitur.
968 4472 1003 4534 A
1030 4471 1251 4556 Peripateticis
1274 4491 1354 4536 vero
1376 4471 1552 4554 accepimns
1574 4469 1771 4554 privationes
1793 4485 1858 4536 tuta

545 4565 739 4647 simplicibus
759 4565 958 4641 nominihus,
981 4578 1046 4629 tum
1067 4587 1137 4628 cnm
1160 4565 1344 4648 privatoriis
1365 4565 1493 4646 syllabis
1514 4563 1642 4631 efferris
1665 4565 1859 4647 simplicibus

434 4698 440 4710 =
543 4659 743 4734 nominibus,
767 4669 804 4722 nt
823 4659 979 4735 caecitas;
1001 4681 1072 4723 cum
1093 4658 1295 4741 privantibus
1318 4679 1397 4724 vero
1419 4658 1572 4740 syllabis,
1610 4669 1645 4721 nt
1667 4657 1854 4742 indignitas,

545 4749 765 4815 inhumanitas.
809 4751 968 4832 Quocirca
991 4755 1160 4817 secuudum
1183 4755 1236 4817 M.
1268 4752 1407 4817 Tullium
1430 4753 1564 4816 caecitas
1585 4773 1648 4818 non
1669 4752 1731 4814 erit
1751 4751 1858 4833 priva·

502 4844 591 4910 attio
616 4845 718 4921 visus,
756 4848 811 4909 sed
834 4846 863 4909 ei
885 4848 1070 4921 adversum3
1093 4858 1188 4931 atque
1210 4845 1329 4909 idcirco
1352 4844 1486 4910 forsitan
1508 4844 1671 4909 stultitiam
1694 4845 1779 4907 inter
1803 4845 1856 4906 ad·

545 4960 639 5006 versa
660 4940 854 5016 numeravit,
878 4939 1027 5025 qnoniam
1049 4961 1114 5006 non
1135 4943 1230 5002 habet
1251 4939 1301 5002 IN
1323 4938 1494 5018 syllabam,
1518 4959 1558 5000 ex
1580 4959 1641 5023 qrra
1663 4937 1859 5021 privationes

544 5034 717 5099 arbitratur
739 5033 908 5099 exsistere.
965 5034 1018 5098 Ex
1040 5034 1155 5118 qrrihns
1176 5036 1288 5098 eodem
1312 5035 1427 5110 modo,
1462 5043 1498 5096 ut
1525 5032 1556 5095 in
1578 5031 1724 5115 superius
1745 5031 1859 5114 positis

543 5127 706 5208 adversis,
736 5137 922 5214 argumenta
945 5130 1118 5194 ducuntur.
1160 5127 1422 5194 inhumanitatem
1443 5147 1647 5204 aversemur,
1669 5125 1698 5191 si
1718 5125 1859 5192 hnmani·
