4434 5959
946 589 1038 656 Lm.
1060 591 1109 656 u.
1231 569 1234 586 '
1613 593 1674 658 am

360 729 557 794 ostenderet
581 746 769 810 quemqnam
788 724 871 790 idem
894 729 1013 794 efficiat
1032 731 1125 796 etiam
1149 731 1331 816 copulativa
1348 731 1544 798 coniunctio.
1579 735 1672 813 Nam,

360 844 446 912 quiae
467 839 610 884 connexa
634 832 728 895 sunt,
765 820 856 884 etiam
881 823 1051 888 coniuncta
1078 847 1147 890 esse
1171 824 1391 911 intelliguntur
1412 849 1454 890 ex
1474 828 1554 905 hoc,
1588 832 1676 913 qttod

358 917 474 1005 paullo
495 924 568 977 ante
586 912 734 977 diximus.
779 915 876 995 Quod
896 929 1115 1001 argumentum
1138 940 1179 982 ex
1198 941 1235 983 ea
1255 920 1482 1004 propositione.
1494 921 1675 1004 proiectum

359 1026 536 1095 est‚.quae
558 1009 679 1071 duabus
698 1007 961 1074 affirmationibus
983 1014 1193 1095 copulabatur
1217 1025 1249 1077 et
1272 1013 1376 1077 iuncta
1399 1015 1570 1101 negatione
1590 1017 1676 1081 insu-

357 1129 421 1193 per
444 1107 600 1191 denegata
618 1112 678 1165 est.
734 1102 775 1165 In
793 1103 938 1168 omnibns
957 1102 1056 1189 igitur
1079 1107 1157 1171 illud
1182 1120 1230 1171 est
1251 1110 1486 1191 approbatum,
1510 1110 1701 1191 pecnniams

357 1211 555 1268 numeratam
585 1193 708 1260 mulieri
736 1196 864 1272 deberi,
903 1219 999 1281 quum
1025 1199 1067 1262 sit
1095 1213 1259 1286 argentum
1284 1223 1376 1265 omne
1405 1202 1557 1286 legatum.
1591 1204 1677 1266 =Sed

358 1316 445 1360 nunc
464 1291 590 1378 quidem
612 1310 654 1352 ex
679 1310 775 1371 supra
797 1289 961 1374 descriptis
982 1293 1257 1376 propositionibus
1274 1294 1322 1371 id,
1346 1298 1432 1378 quod
1458 1299 1673 1374 antecedebat,

359 1386 606 1470 assumpsimus3
635 1405 719 1448 nunc
745 1405 826 1448 vero
854 1384 907 1463 id,
945 1389 1033 1471 quod
1063 1391 1342 1472 consequebatur;
1379 1410 1460 1452 nunc
1489 1400 1592 1454 autem
1622 1392 1673 1470 id,

359 1485 451 1570 qnod
470 1479 682 1564 repugnabat.
725 1478 778 1540 Ac
798 1481 837 1541 de
860 1479 1064 1561 explanandis
1083 1481 1250 1548 Ciceronis
1272 1481 1447 1565 exemplis,
1471 1495 1505 1545 ut
1521 1485 1674 1562 arbitror,

359 1579 449 1644 satis.
503 1574 590 1639 lllud
616 1582 720 1635 antem
738 1570 963 1636 dubitationem
990 1595 1123 1640 movere
1153 1587 1272 1658 potest.
1332 1579 1414 1640 Nam
1437 1575 1551 1660 siquis
1574 1578 1718 1646 minusad

359 1673 492 1740 callidus
512 1671 553 1732 ad
574 1665 742 1732 Ciceronis
757 1666 900 1749 exempla
914 1667 1081 1750 respiciat,
1106 1672 1238 1732 eundem
1256 1671 1362 1734 locum
1381 1668 1586 1734 arbitrabitur
1606 1693 1675 1737 esse

358 1791 378 1832 a
397 1783 536 1848 genere,
573 1781 667 1844 quem
689 1761 730 1822 ab
752 1760 1007 1825 antecedentibus
1026 1774 1058 1826 et
1079 1763 1347 1847 consequentibus
1370 1774 1402 1827 et
1422 1767 1672 1848 repugnantibus

356 1881 429 1928 csse
448 1856 604 1929 diximus,
636 1851 693 1918 illo
720 1852 821 1918 falsus
840 1875 972 1930 errore,
1008 1859 1094 1938 quod
1114 1855 1146 1918 in
1175 1855 1316 1940 utrisque
1338 1856 1417 1920 locis
1443 1857 1553 1920 eodem
1575 1859 1676 1922 utitur

357 1951 526 2034 exemplo,
550 1946 674 2032 argenti
694 1945 840 2010 videlicet
862 1960 894 2011 et
915 1960 1098 2012 numeratae
1119 1949 1286 2030 pecuniae.
1344 1950 1407 2012 Sed
1429 1947 1608 2034 diligentius
1627 1951 1675 2016 in-

356 2045 461 2114 tnenti
480 2043 512 2107 in
542 2040 659 2104 eisdem
686 2041 782 2104 rebus
817 2038 962 2105 diversus
989 2042 1297 2126 argumentationum
1331 2041 1489 2106 videbitur
1521 2053 1675 2109 tractatus
1687 2069 1718 2119 ts

356 2161 444 2208 esse.
487 2134 588 2199 Aliud
609 2133 726 2219 qnippe
748 2143 797 2198 est
818 2133 940 2211 dicere,
964 2157 1060 2220 quum
1082 2136 1208 2220 argenti
1228 2135 1351 2218 species
1372 2132 1413 2198 sit
1434 2148 1596 2200 numerata
1616 2161 1675 2222 pe-

356 2233 469 2308 cunia,
499 2229 527 2294 si
551 2249 653 2314 genus
673 2227 812 2311 legatum
834 2227 893 2302 sit,
926 2240 959 2292 et
979 2227 1118 2311 speciem
1140 2249 1210 2293 esse
1231 2231 1386 2314 legatam,
1425 2229 1573 2314 quoniam
1596 2253 1677 2296 nun.

357 2347 455 2414 wem
477 2321 601 2404 species
622 2343 641 2384 a
662 2340 782 2405 genere
796 2333 986 2401 separatura
1008 2322 1092 2386 aliud
1106 2334 1156 2386 est
1176 2323 1206 2387 in
1226 2322 1408 2388 conditione
1431 2323 1674 2388 enuntiationem

354 2435 546 2505 proponere
574 2425 607 2477 et
634 2412 772 2477 eiusdem
799 2413 945 2495 partibus
969 2415 1162 2479 assumendis
1188 2415 1488 2500 argumentationem
1513 2417 1601 2482 varia
1622 2440 1675 2482 ra·

354 2509 563 2579 tiocinationc
584 2506 747 2581 formare,
782 2516 818 2569 ut
838 2508 987 2590 superius
1009 2510 1256 2597 demonstratum
1279 2521 1345 2574 est:
1369 2529 1464 2591 quum
1487 2511 1717 2590 praesertimun

354 2602 540 2672 huiusmodi
570 2623 612 2665 ex
640 2599 925 2684 consequentibus,
962 2601 1218 2666 antecedentibus
1247 2613 1279 2665 et
1306 2600 1557 2685 repugnantibus
1579 2624 1676 2688 argn-

353 2697 566 2764 mentationes
593 2693 686 2759 etiam
713 2705 842 2776 praeter
871 2715 989 2778 genera
1018 2716 1056 2757 ac
1087 2694 1209 2778 species
1230 2693 1302 2758 fieri
1331 2693 1473 2776 possint,
1506 2694 1594 2758 velut
1616 2718 1675 2762 nos

354 2790 505 2876 superins
532 2787 740 2853 indicavimus
767 2787 801 2850 in
822 2786 872 2850 die
893 2798 989 2871 atque
1013 2787 1097 2851 luce.
1155 2789 1237 2852 Nam
1261 2807 1362 2872 neque
1384 2784 1450 2848 dies
1472 2782 1674 2872 incisaeque

353 2887 413 2950 lux
430 2885 493 2948 diei
510 2881 633 2965 species
655 2893 709 2945 aut
730 2877 830 2966 genus
851 2891 913 2944 est.
957 2881 1021 2943 Sed
1040 2881 1071 2944 id
1092 2891 1212 2944 tantum
1234 2881 1266 2944 in
1287 2881 1335 2944 bis
1358 2876 1553 2944 considerari
1568 2882 1673 2958 debet,

353 2979 431 3065 quia
460 2976 569 3061 posito
602 2976 703 3039 altero
731 2976 866 3038 alterum
894 2973 1069 3038 necessaria
1097 2973 1221 3039 ratione
1242 2971 1459 3059 subsequitur.
1513 2971 1718 3046 Differuntas

353 3074 454 3159 igitur
483 3070 550 3136 loci
576 3091 595 3134 a
625 3088 744 3154 genere
773 3067 828 3131 vel
855 3088 874 3130 a
900 3067 1008 3150 specie
1038 3070 1078 3131 ab
1107 3089 1148 3132 eo
1173 3068 1268 3144 loco,
1294 3066 1402 3153 quiin
1424 3063 1604 3130 conditione
1626 3081 1675 3132 est

354 3166 569 3241 constitutus,
592 3163 743 3249 qnoniam
764 3160 811 3225 illi
833 3182 874 3225 ex
894 3161 1143 3226 universalitatis
1166 3181 1203 3224 ae
1225 3160 1325 3245 partis
1346 3157 1470 3223 ratione
1493 3160 1678 3237 ducuntur,

352 3260 408 3324 bic
437 3271 541 3323 autem
572 3258 606 3322 in
635 3255 879 3343 consequentiae
907 3275 945 3318 ac
974 3255 1201 3340 repugnantiae
1235 3254 1347 3320 ordine
1369 3262 1538 3317 tractatur.
1592 3257 1675 3322 Post

351 3356 434 3418 baec
454 3352 553 3438 igitur
574 3351 700 3415 Tullius
720 3348 1000 3432 hypotheticorum
1021 3347 1280 3438 syllogismorum
1303 3348 1416 3410 modos
1438 3346 1676 3416 conclusiones·

353 3467 419 3533 qne
441 3446 619 3510 dinumerat
637 3447 702 3509 hoc
724 3446 844 3508 modo:
1685 3467 1717 3518 tt

439 3539 539 3622 (cap.
564 3538 617 3602 18.
640 3543 673 3615 §.
696 3537 749 3601 bd.
771 3571 814 3584 -
834 3557 906 3618 cap.
930 3537 982 3600 dd.
1007 3541 1039 3614 §.
1062 3536 1132 3617 57.)
1167 3537 1352 3620 Appellont
1369 3547 1487 3602 nartem
1507 3567 1549 3584 -
1569 3572 1612 3586 -
1633 3575 1673 3588 -

352 3635 402 3700 od
423 3637 510 3698 hone
532 3631 782 3696 institutionem
802 3629 1026 3698 necessariae.

438 3725 513 3794 Etsi
533 3725 748 3809 multipliciter
769 3724 916 3808 superins
936 3735 1050 3788 cuncta
1074 3723 1263 3810 digessimus
1286 3747 1345 3790 nec
1366 3724 1574 3808 expositionis
1594 3723 1675 3788 indi·

354 3838 412 3912 get
431 3821 569 3904 repetita
589 3819 707 3884 totiens
736 3818 932 3902 disputatio,
971 3817 1032 3880 erit
1052 3827 1156 3882 tamen
1179 3837 1298 3902 operae
1330 3821 1487 3901 pretium,
1525 3819 1553 3884 si
1582 3841 1675 3904 quam

354 3917 546 3984 brevissime
576 3925 695 3998 potero
723 3913 776 3976 M.
807 3910 906 3974 Tullii
934 3913 1042 3974 verbis
1071 3913 1239 3977 mediocris
1270 3912 1372 3976 lucem
1402 3913 1674 3978 commentationis
1685 3933 1717 3983 ³⁵

354 4013 561 4078 interseram.
605 4009 734 4089 Septem
755 4005 855 4091 igitur
882 4007 995 4070 modos
1014 4005 1239 4088 hypotheticos
1259 4025 1443 4069 enumerans
1466 4006 1530 4070 ait:
1569 4007 1674 4087 Quum

350 4107 385 4172 in
407 4100 561 4170 connexis
582 4098 858 4184 propositionibus
875 4097 931 4174 id,
956 4100 1042 4182 qnod
1061 4109 1108 4161 cst
1122 4097 1277 4181 primum,
1302 4098 1489 4175 assumitur,
1514 4110 1548 4162 ut
1567 4109 1675 4164 osten-

353 4203 449 4264 datur
469 4197 659 4270 seeundum‚
689 4192 825 4277 primum
858 4191 1069 4257 adialccticis
1092 4195 1219 4256 modum
1242 4192 1373 4268 vocari,
1402 4195 1465 4258 hoc
1489 4195 1603 4256 modo:
1638 4194 1677 4259 si

352 4297 419 4360 boe
435 4305 508 4368 est,
531 4291 619 4356 illud
631 4302 694 4356 eat.
739 4291 836 4371 Quod
856 4287 932 4351 dicit
946 4289 1025 4362 hoe,
1048 4286 1185 4368 primum
1201 4299 1268 4363 est;
1293 4289 1379 4371 quod
1395 4307 1474 4352 vero
1490 4285 1551 4360 ait,
1575 4285 1673 4364 illud,

353 4389 541 4453 secumdum.
591 4385 775 4450 Assumitur
793 4403 892 4467 ergo,
931 4382 1029 4464 quod'
1038 4379 1173 4461 primum
1196 4391 1260 4458 est,
1294 4380 1391 4465 utqui
1412 4381 1474 4443 hoc
1495 4392 1566 4456 eslf
1599 4403 1719 4458 con-40

355 4481 493 4545 cluditur
514 4480 571 4556 id,
604 4481 693 4565 quod
710 4479 881 4543 secumdum
904 4485 971 4538 est:
1007 4474 1094 4538 illud
1116 4474 1226 4559 igitur
1247 4486 1316 4546 est:
1338 4473 1471 4538 velutin
1496 4475 1544 4539 bis
1565 4497 1676 4542 rursus

354 4573 529 4657 exemplis,
552 4575 591 4641 Si
609 4577 714 4640 homo
735 4585 804 4650 est,
827 4570 958 4636 animal
971 4578 1038 4645 est,
1064 4569 1256 4632 assumitur:
1279 4568 1375 4653 atqui
1388 4570 1490 4633 bomo
1507 4581 1577 4644 est:
1599 4592 1677 4636 con·

355 4667 516 4734 cluditur:
538 4669 671 4732 animal
694 4668 889 4754 igiturest.
943 4663 1122 4727 Secundum
1145 4685 1225 4729 vero
1248 4666 1375 4728 modum
1397 4663 1439 4726 ait
1460 4684 1529 4727 esse
1551 4665 1677 4730 Tullius
1785 4725 1788 4732 .

356 4762 512 4829 connexis
521 4761 799 4847 propositionibus
812 4770 953 4834 textum,
976 4755 1008 4820 in
1020 4778 1085 4841 qino
1095 4779 1192 4842 quurm
1208 4759 1377 4822 secundum
1392 4767 1546 4842 negatur,
1570 4759 1677 4844 sequi·

434 4995 484 5052 18.
510 4994 541 5042 ln
564 4989 725 5044 conditione
752 4995 985 5062 enuntlctlonem]
1010 4994 1089 5050 lllns.
1116 5009 1132 5048 a
1158 5009 1214 5050 seo.
1244 5011 1282 5048 m.
1310 4995 1397 5050 Parls.
1416 5023 1454 5040 -
1471 5001 1502 5049 ln
1519 4997 1676 5051 condttlone

358 5071 597 5120 emanationem
623 5067 703 5122 Elns.
733 5082 749 5120 a
777 5085 819 5140 pr.
845 5085 884 5123 sn.
912 5069 992 5125 Base.
1019 5097 1059 5116 -
1084 5074 1116 5124 ln
1144 5069 1317 5124 eoucluslone
1346 5077 1580 5126 enumeratlonsm
1608 5073 1676 5130 Ven.

360 5145 407 5203 tt.
425 5139 614 5198 lodwinus
630 5140 666 5196 dr
683 5143 743 5196 tura
761 5143 849 5200 l’trlt.
