4434 5959
946 609 1036 672 LlB.
1058 609 1087 672 l.
1624 609 1664 672 95

448 749 544 812 Nam
564 751 799 832 Hermagoras
822 747 957 832 quidem
980 770 1039 820 nee
1055 748 1137 835 qaid
1156 749 1265 824 dieat,
1289 751 1478 824 attendere,
1502 771 1560 813 nee
1583 749 1665 833 quid

359 840 584 924 pollrkeatur,
616 840 805 925 intelligere
827 841 973 924 uidetur]
1016 842 1136 906 Scimus
1166 841 1352 908 Ciceronem
1376 844 1531 905 materiam
1556 845 1664 905 rheto·
1764 920 1771 934 ·

363 935 449 996 ricae
470 934 546 996 artis
566 934 719 1016 triplicem
741 933 955 998 constituere:
984 936 1196 1010 iudicialem,
1229 938 1496 1009 deliberativam,
1526 937 1662 999 demon·

363 1028 563 1102 stratioam,
596 1028 720 1111 hocque
746 1027 836 1089 etiarn
862 1027 1027 1092 Aristoteli
1049 1029 1215 1109 placuisse.
1260 1030 1366 1109 Quare
1388 1029 1532 1111 superius
1553 1049 1662 1108 repre-

364 1119 471 1182 hendit
499 1141 573 1193 eos,
607 1120 661 1203 qui
683 1119 804 1183 oratori
830 1119 978 1184 infinitam
1001 1123 1157 1184 materiam
1184 1123 1425 1185 constituerant:
1461 1121 1687 1204 reprehendite

363 1232 442 1286 eos,
475 1211 532 1296 qui
560 1214 739 1276 addiderant
764 1213 1017 1277 exhortationem
1045 1226 1076 1276 et
1107 1215 1373 1278 consolationem:
1410 1216 1611 1296 reprehendit
1632 1225 1664 1277 et

365 1325 441 1379 eos,
479 1305 534 1387 qui
565 1309 786 1369 subtraxerant
812 1307 1146 1370 demonstrationem.
1199 1309 1291 1370 Nunc
1323 1309 1572 1391 Hermagoran,
1610 1306 1664 1390 qui

364 1419 466 1481 aeque
498 1410 583 1462 artes
611 1399 752 1482 scripsit,
788 1400 931 1462 confutat
961 1419 997 1461 ae
1022 1400 1156 1476 lacerat,
1193 1399 1330 1484 dicitque
1359 1402 1440 1462 hunc
1466 1401 1664 1462 vehementer

363 1512 508 1567 errasse,
543 1495 630 1574 quod
650 1493 811 1556 materiam
831 1491 967 1557 oratoris
992 1491 1023 1554 in
1048 1494 1125 1554 duas
1146 1505 1252 1574 partes
1274 1492 1408 1568 dividat,
1438 1493 1609 1554 incausata
1633 1504 1664 1556 et

363 1585 592 1666 quaestionem.
634 1586 778 1665 Quorum
796 1607 888 1648 uotam
910 1583 985 1647 dicit
1002 1605 1070 1648 esse
1091 1585 1228 1649 oratoris
1243 1587 1362 1661 ollicii,
1386 1607 1507 1648 calisam
1524 1586 1642 1649 scilieet
1653 1609 1662 1650 t
1674 1599 1704 1650 tt

363 1677 451 1740 aliud
472 1678 571 1762 longe
592 1681 631 1741 ab
661 1692 790 1744 oratore
810 1676 1049 1742 remotissimum
1071 1691 1102 1741 et
1124 1701 1182 1742 nee
1210 1681 1250 1742 ab
1270 1680 1344 1762 ipsis
1372 1678 1571 1761 philosophis
1594 1677 1662 1741 dili-

362 1784 478 1854 genter
500 1776 778 1854 comprehensum,
802 1773 922 1836 scilicet
942 1771 1167 1856 quaestionem.

445 1867 543 1930 Nam
566 1869 804 1950 Hermagoras
820 1865 955 1950 quidem
982 1886 1042 1928 nec
1063 1867 1146 1949 quid
1166 1866 1268 1944 dicat,
1297 1867 1481 1943 attendere,
1503 1887 1562 1928 nee
1583 1865 1664 1948 quid

357 1957 583 2040 polliceatur,
617 1959 806 2042 intelligere
827 1959 972 2039 videtur]
1030 1957 1167 2022 Duobus
1187 1961 1286 2024 modis
1308 1961 1508 2043 reprehendit
1528 1961 1662 2022 Herma·

361 2071 495 2134 goram,
519 2055 607 2134 quod
620 2073 682 2117 nou
703 2051 902 2136 perspexerit
915 2049 963 2114 rei
976 2051 1058 2115 illius
1081 2053 1160 2130 vim,
1183 2074 1263 2138 quiae
1284 2054 1410 2118 omnino
1430 2054 1524 2138 longe
1543 2061 1661 2114 remota
1674 2064 1703 2113 ts

362 2153 412 2204 est
433 2145 474 2205 ab
496 2143 635 2207 oratoris
657 2145 779 2220 officio,
801 2145 834 2208 id
861 2154 926 2216 est,
958 2143 1192 2227 quaestionem:
1223 2158 1255 2210 et
1277 2150 1363 2230 qnod
1391 2145 1534 2211 rideatur
1561 2148 1599 2208 de
1627 2165 1661 2208 se

361 2235 513 2320 polliceri
533 2258 590 2312 ea,
612 2260 692 2322 quae
713 2238 835 2302 oratori
855 2237 998 2300 attribuit
1019 2242 1057 2300 ad
1082 2238 1256 2302 dicendum.
1299 2241 1373 2305 Hoc
1393 2260 1519 2324 quoque
1540 2240 1663 2314 diiobus

361 2329 466 2393 modis
484 2332 702 2411 reprehendit.
744 2335 826 2396 Nam
848 2329 986 2403 erravit,
1016 2330 1133 2414 inquit,
1156 2333 1183 2396 si
1205 2355 1287 2408 non,
1310 2335 1395 2417 quod
1415 2333 1516 2397 omnis
1538 2344 1661 2408 orator,

360 2424 419 2486 aed
440 2426 529 2507 quod
547 2425 616 2506 ipse
636 2425 755 2508 possit,
787 2427 826 2488 ad
846 2420 1006 2486 materiem
1028 2425 1206 2489 rhetoricae
1227 2427 1302 2489 artis
1323 2425 1483 2508 applicuit.
1526 2425 1660 2500 Deinde,

360 2515 483 2598 inquit,
513 2537 572 2578 nee
594 2517 662 2598 ipse
688 2519 805 2601 potuit.
861 2517 942 2578 Nam
971 2537 1127 2600 nunquam
1155 2540 1195 2582 ex
1217 2530 1284 2584 arte
1311 2518 1396 2582 illum
1418 2519 1533 2581 dixisse
1554 2539 1662 2582 omnes
1672 2529 1704 2580 tt

359 2606 520 2670 ridemus.
562 2608 655 2694 Ergo
673 2609 818 2694 quoniam
832 2614 897 2676 duo
911 2607 1043 2673 diximus
1058 2611 1089 2675 in
1104 2613 1302 2697 Hermagora
1315 2611 1553 2696 reprehendisse
1568 2610 1662 2674 Cice-

359 2721 497 2776 eonem,
519 2703 606 2784 quod
625 2724 693 2766 rem
711 2726 775 2769 non
798 2700 983 2778 attenderit,
1007 2709 1093 2788 quod
1114 2706 1242 2768 miiitum
1258 2709 1296 2770 de
1308 2728 1342 2769 se
1354 2707 1497 2768 rideatur
1511 2724 1577 2766 esse
1590 2703 1662 2784 pol·

358 2792 465 2858 licitus
476 2817 486 2858 a
499 2794 682 2875 primosum
693 2800 897 2878 demonstrat,
914 2821 993 2878 rem,
1009 2821 1101 2884 quam
1117 2798 1237 2862 oratori
1251 2799 1441 2873 attribuerit,
1456 2818 1519 2860 non
1536 2795 1660 2858 vidisse.

361 2887 429 2950 Sed
441 2899 617 2973 antequam
630 2889 660 2953 id
681 2895 898 2968 ostendamus,
921 2893 997 2979 quid
1017 2894 1057 2956 sit
1077 2914 1190 2968 eausa,
1213 2893 1288 2976 quid
1303 2891 1462 2976 quaestio,
1487 2889 1658 2952 videamus.

444 2983 596 3046 Gerasam
622 3004 695 3046 ease
722 2984 807 3049 dicit
833 3009 924 3062 rem,
959 3009 1046 3071 qaae
1069 2987 1192 3049 habeat
1218 2986 1254 3047 in
1283 3006 1319 3048 se
1340 2983 1604 3054 controuersiam
1624 2980 1661 3042 in
1670 2991 1701 3040 2⁵

361 3071 504 3137 dicenda
521 3074 671 3156 positam
689 3098 767 3140 cum
786 3100 1013 3161 personarum
1027 3090 1198 3142 certarum
1215 3075 1484 3159 interpositione]
1525 3073 1660 3140 Causam

361 3165 462 3240 hane,
498 3165 619 3250 inqiut,
656 3189 725 3232 esse
746 3170 822 3234 dicit
839 3173 1086 3238 controversiam
1108 3171 1140 3235 in
1163 3169 1284 3232 dicendi
1304 3168 1503 3232 contentione
1523 3168 1660 3250 positam

361 3278 434 3320 con
453 3259 550 3322 certis
575 3261 732 3342 personis.
776 3264 898 3343 Osann,
927 3266 1047 3350 inquit,
1070 3285 1193 3326 causam
1212 3284 1270 3326 nos
1291 3283 1419 3347 quoque
1440 3262 1561 3328 oratori
1584 3262 1661 3325 diei·

360 3371 432 3414 snns
451 3371 521 3414 esse
542 3355 736 3419 attributam.
780 3358 861 3419 Nam
879 3357 972 3434 huic,
1003 3358 1123 3442 inquit,
1159 3375 1272 3419 canisae
1292 3353 1350 3416 tria
1372 3375 1487 3438 genera
1508 3353 1661 3438 supponi·

361 3464 451 3508 mus:
472 3444 649 3524 iudiciale,
671 3448 943 3526 deliberativum,
960 3449 1274 3514 demonstrativum.
1319 3447 1540 3528 Quaestionem
1560 3468 1660 3531 porro
1672 3459 1703 3508 to

360 3537 442 3600 hanc
469 3558 539 3602 esse
566 3539 657 3615 dicit,
691 3543 941 3606 controversiam
969 3543 1092 3630 quidem
1120 3542 1152 3605 in
1181 3540 1310 3605 dicendo
1335 3542 1487 3624 positam,
1521 3544 1576 3604 sed
1595 3541 1660 3604 siue

361 3629 457 3693 certis
482 3632 647 3712 personis3
679 3655 759 3718 quae
788 3635 908 3700 scilieet
926 3637 1084 3701 rhetorica
1105 3635 1201 3698 dictio
1230 3645 1375 3700 vocatur.
1419 3633 1540 3699 Thesis
1559 3654 1661 3716 porro

362 3723 481 3804 duplex
502 3735 570 3800 est,
592 3727 773 3790 theoretice
786 3739 818 3790 et
832 3730 996 3812 practice.
1028 3727 1225 3794 OE'lreoretiee
1246 3739 1306 3804 est,
1322 3749 1403 3812 quae
1418 3728 1520 3790 beina
1538 3747 1661 3810 cogno·

362 3816 440 3880 seit:
457 3819 630 3899 practice,
653 3841 736 3904 quae
757 3821 968 3886 inhominem
989 3821 1124 3906 negotiis
1146 3832 1177 3883 et
1201 3819 1286 3884 cirili
1307 3819 1532 3902 disceptatione
1553 3821 1688 3882 versas

363 3919 428 3974 tur.
470 3911 564 3996 Ergo
583 3912 689 3996 primo
706 3915 815 3977 asserit
836 3916 1067 3998 Hermagoran
1087 3914 1149 3975 vim
1164 3912 1231 3989 rei,
1255 3934 1346 3998 quaro
1362 3911 1483 3976 oratori
1498 3910 1659 3987 attribuat,
1672 3921 1703 3972 ³⁵

363 4022 427 4066 aon
440 4001 569 4067 vidisse.
612 4007 692 4069 Nam
714 4009 824 4072 thesin
845 4009 985 4073 oratoris
1008 4005 1165 4071 materiam
1187 4028 1251 4071 non
1272 4027 1341 4070 esse
1362 4008 1541 4088 persuadet.
1572 4003 1662 4084 Quae

364 4115 458 4178 moin
479 4097 598 4180 duplex
618 4099 677 4176 sit,
699 4101 904 4165 theoreticen
925 4099 1023 4186 magis
1043 4111 1238 4186 exaggerem
1262 4120 1319 4162 nee
1339 4098 1445 4182 parvis
1468 4110 1520 4162 nut
1540 4097 1662 4160 levibus

364 4189 615 4272 quaestionibus,
638 4197 694 4258 sed
714 4193 860 4259 infinitis:
885 4193 1009 4262 Verine
1029 4191 1099 4256 sint
1122 4213 1259 4268 sensus,
1282 4190 1433 4276 quaesit
1453 4189 1661 4282 mundisor-

438 4339 465 4396 5.
485 4335 662 4408 reprehendit
680 4339 740 4411 eos]
758 4367 795 4381 -
810 4341 918 4410 placarit
934 4356 982 4390 eos
998 4336 1195 4408 reprehendere
1215 4337 1262 4392 ed.
1283 4339 1346 4390 Bas.
1369 4334 1423 4388 Oa.

438 4413 464 4467 8·
483 4417 530 4484 put
548 4429 633 4481 aeque
649 4418 739 4482 artes]
766 4415 813 4468 stc
837 4417 921 4486 capp.
949 4411 1007 4468 cte.
1028 4411 1116 4466 inira:
1137 4412 1212 4464 dtxtr
1230 4411 1338 4482 altqra'd
1354 4427 1412 4462 esse
1431 4413 1537 4462 ineius
1554 4409 1663 4462 artibus

364 4497 420 4536 eet.
434 4511 471 4529 ι·
488 4504 611 4558 quaeque
625 4493 700 4540 artis
717 4487 768 4543 Cd-
785 4491 848 4542 Bas.
869 4489 909 4542 St.
928 4487 990 4544 ald.
1010 4488 1064 4542 Oa.

435 4561 463 4616 9.
480 4567 511 4612 tn
528 4565 653 4630 ewam]
675 4565 820 4621 ὑπόθεσιν
838 4563 938 4616 Graeci
959 4563 1089 4616 libatores
1110 4577 1218 4616 vocant.
1238 4563 1321 4615 Care.

437 4639 480 4690 to.
498 4640 697 4706 quaestionem]
718 4637 806 4694 θέσιν
824 4638 925 4692 Graeet
945 4637 1035 4690 solent
1054 4635 1198 4709 appellare.
1219 4637 1301 4691 Cirr.

436 4714 481 4765 tt.
497 4709 578 4762 atiud
593 4710 629 4762 ab
648 4720 762 4764 oratore
781 4716 1005 4780 remotissimum]
1025 4727 1106 4777 nam,
1131 4727 1161 4764 nt
1180 4710 1249 4764 tetra
1275 4710 1348 4764 dicet
1368 4709 1546 4772 Vterertnus,
1577 4721 1661 4778 qnae-

362 4785 478 4836 eumen
496 4801 546 4838 aen
564 4783 654 4837 thessa
672 4785 841 4838 theoreticen
860 4785 894 4839 ab
914 4792 1022 4840 oratore
1041 4791 1155 4839 omnino
1174 4801 1293 4840 removet
1312 4783 1434 4840 Tullius.
1452 4789 1594 4856 practicen
1612 4799 1662 4832 au·

364 4871 422 4908 eene
438 4856 524 4910 thesin
543 4857 613 4913 diets
632 4859 668 4912 ah
686 4876 794 4915 emtore
813 4867 941 4924 enatant:
973 4860 1020 4915 sed
1039 4877 1069 4915 nt
1097 4867 1251 4932 argumenti
1269 4861 1362 4914 locem
1382 4875 1495 4924 teneat,
1525 4875 1581 4912 non
1600 4871 1660 4910 ma-

362 4934 447 4984 aertse
463 4949 517 4986 eet.
555 4933 638 4988 Care.

435 5007 478 5063 aa.
496 5009 596 5078 ema]
616 5007 803 5081 ὴὺπόθεσις.
842 5009 924 5064 Caes.

435 5081 502 5136 lhitl.
520 5087 657 5152 quaestio]
679 5108 698 5158 η
716 5084 811 5146 θέσις.
847 5084 933 5142 cm.

433 5159 478 5218 33.
497 5155 659 5226 theorettee]
680 5157 801 5212 theorice
819 5161 866 5214 blo
885 5176 912 5214 et
931 5157 1002 5212 intra
1022 5159 1072 5214 cd.
1092 5161 1153 5214 Bas.
1174 5157 1213 5214 St.
1234 5159 1292 5216 Ald.
1311 5159 1370 5214 Oa.-
