4434 5959
540 600 600 666 186
1007 597 1183 662 VERSUS
1205 596 1363 660 RUFINI
1407 611 1409 616 ’

538 734 625 826 ὑμῖν.
669 740 712 803 Et
744 749 843 802 totum
871 758 970 819 paene
999 734 1201 818 principium.
1244 738 1285 800 In
1311 733 1381 798 atto
1402 735 1469 798 sic:
1512 735 1571 798 Est
1594 743 1626 796 et
1656 732 1839 808 dochmius,

538 831 592 915 qui
613 830 649 893 fit
670 852 710 894 ex
731 830 864 894 bacchio
879 841 910 894 et
928 829 1053 904 iambo,
1077 829 1128 891 vel
1149 848 1190 890 ex
1209 828 1312 890 iambo
1328 839 1359 890 et
1380 827 1512 891 cretico.
1556 827 1683 889 Stabilis
1705 825 1736 889 in
1750 825 1840 888 clau-

539 921 615 986 sulis
636 933 668 987 et
682 944 811 988 severus
831 924 988 1006 spondeus
1009 942 1155 1006 qumque,
1179 941 1244 1004 quo
1258 918 1427 1003 plurimum
1441 931 1490 984 est
1503 919 1733 984 Demosthenes
1753 938 1839 982 usus.

728 1098 910 1163 Diomedes
930 1098 980 1161 sie
1000 1096 1083 1161 dicit
1103 1095 1140 1160 in
1161 1096 1247 1160 libro
1268 1095 1415 1159 secundo
1435 1095 1523 1158 artis
1543 1115 1644 1160 suaet

513 1243 528 1293 t
566 1215 573 1224 ’
619 1219 724 1304 Igitur
743 1220 901 1301 spondeus
922 1239 940 1281 e
962 1219 1083 1281 duabus
1104 1214 1232 1296 syllabis
1260 1216 1364 1301 longis
1387 1225 1477 1298 aptus
1499 1227 1546 1279 est
1567 1213 1731 1291 clausulis,
1757 1237 1840 1300 qna·

537 1311 621 1377 libns
641 1311 774 1376 maxime
795 1312 1023 1376 Demosthenes
1043 1308 1163 1373 utitur:
1186 1310 1267 1375 πᾶσι
1288 1313 1343 1374 καὶ
1363 1303 1505 1384 πάσαις,
1525 1313 1597 1383 καὶ,
1627 1303 1726 1374 πάλιν
1747 1303 1838 1392 ὑμῖν.

536 1407 645 1470 Habet
665 1403 745 1468 enim
773 1425 887 1488 graves
918 1424 1034 1478 sonos,
1065 1402 1221 1486 finemque
1244 1422 1352 1464 sensus
1378 1412 1409 1464 et
1434 1400 1590 1464 clausulae
1615 1400 1720 1464 firmas
1744 1405 1837 1466 sedes

415 1520 420 1534 ⁸
536 1496 716 1570 constituit,
748 1506 803 1560 nt:
840 1496 1061 1580 reipublicae
1086 1517 1208 1569 causa,
1245 1505 1278 1556 et
1302 1515 1402 1556 armo
1427 1494 1574 1577 sumpsi,
1612 1505 1644 1557 et
1671 1516 1745 1558 esse
1768 1519 1837 1578 pro

536 1589 641 1654 uobis.
695 1588 836 1654 Gravior
862 1599 908 1652 est
937 1600 1039 1652 atstem
1072 1587 1167 1670 longa
1198 1585 1317 1667 syllaba
1344 1589 1571 1669 praecedente,
1607 1608 1699 1671 qnam
1727 1589 1834 1654 brevi.

496 1709 527 1760 ω
539 1682 642 1747 Aliter
663 1681 744 1747 enisu
765 1694 873 1760 sonat,
895 1703 997 1746 orma
1015 1681 1146 1764 sumpsi
1152 1702 1165 1754 ,·
1186 1680 1294 1770 aliter,
1316 1700 1389 1744 esse
1403 1702 1471 1764 pro
1486 1680 1591 1744 vohis.

857 1857 975 1924 (licem
996 1857 1043 1920 ad
1061 1855 1272 1922 Herennium
1292 1855 1327 1919 in
1348 1867 1424 1922 arte
1444 1857 1511 1921 sica

619 1983 703 2066 Περὶ
725 1972 921 2065 ὑπερβάτου.
972 1974 1160 2041 Huiusmodi
1190 1975 1397 2056 transiectio,
1432 1998 1512 2062 quae
1545 2000 1611 2041 rem
1640 2001 1703 2044 nou
1733 1982 1836 2044 reddit

535 2075 722 2148 obscuram,
748 2069 875 2134 snultusn
896 2070 1037 2153 proderit
1060 2073 1099 2133 ad
1128 2069 1397 2147 continuationes,
1427 2071 1599 2156 dequibus
1622 2086 1693 2138 aute
1718 2074 1835 2136 dictum

536 2178 601 2241 ests
630 2165 795 2252 inquibus
817 2174 944 2246 oportet
973 2165 1069 2227 verba
1091 2161 1183 2226 sicuti
1215 2167 1253 2227 ad
1286 2163 1445 2245 po'e'ticnm
1467 2177 1629 2230 exstruere
1651 2187 1831 2244 numerum,

495 2277 525 2326 tt
537 2255 571 2324 ut
590 2259 730 2343 perfecte
751 2270 782 2322 et
802 2257 1044 2342 perpolitissime
1064 2257 1187 2340 possint
1209 2277 1277 2322 csse
1298 2261 1473 2325 absolutae.

556 2429 610 2494 De
631 2424 825 2500 structuris,
849 2423 976 2499 idest,
1000 2423 1041 2487 de
1058 2425 1227 2500 numeris,
1251 2425 1320 2488 sive
1341 2425 1382 2489 de
1403 2427 1654 2491 continuatione
1677 2427 1748 2492 aive
1772 2429 1814 2492 de

612 2517 854 2604 compositione
875 2517 993 2582 Cicero
1013 2514 1062 2581 sie
1082 2517 1182 2580 dicit:
1203 2518 1289 2598 (Lib.
1314 2519 1347 2582 3.
1370 2519 1411 2582 de
1432 2523 1590 2586 Oratore.
1613 2527 1645 2598 §.
1670 2522 1758 2600 182.)

618 2637 818 2724 Longissima
839 2648 885 2700 eat
904 2634 1002 2722 igitur
1022 2636 1202 2719 complexio
1218 2641 1408 2716 verborum,
1432 2661 1511 2724 quae
1534 2641 1621 2705 volvi
1637 2662 1701 2706 runo
1719 2640 1833 2723 spiritu

535 2745 661 2817 potest;
684 2729 809 2794 sedhic
831 2742 959 2793 naturae
973 2733 1083 2794 modus
1102 2742 1168 2806 est,
1192 2732 1268 2806 artis
1289 2732 1381 2797 alius.
1412 2735 1492 2797 Nam
1514 2755 1608 2818 qustum
1631 2734 1694 2796 sint
1711 2735 1833 2797 numeni

492 2829 660 2912 nnplures,
690 2826 823 2888 iambum
842 2834 874 2886 et
895 2825 1075 2886 trochaeum
1095 2825 1292 2909 frequentem
1316 2838 1466 2912 segregat
1487 2827 1527 2889 ah
1550 2837 1678 2890 oratore
1704 2828 1835 2890 Aristo·

534 2923 633 3000 teles,
665 2917 796 2995 Catule,
833 2929 954 2992 vestes-3
983 2917 1036 3001 qui
1068 2927 1177 2980 natura
1210 2929 1310 2980 tamen
1335 2918 1497 2982 incurrunt
1516 2919 1576 3000 ipsi
1601 2919 1632 2982 in
1657 2921 1832 2984 orationem

533 3034 771 3098 sermonemque
799 3024 968 3078 nostrum.-
1011 3012 1075 3075 Sed
1094 3021 1166 3073 sum
1188 3008 1324 3094 insignes
1350 3013 1569 3094 percussiones
1593 3036 1703 3078 eorum
1725 3038 1833 3078 narrare-

532 3129 642 3172 rornm
664 3117 695 3169 et
720 3105 828 3168 minuti
851 3107 964 3187 pedes:
994 3125 1092 3188 qusare
1115 3101 1249 3185 primunr
1272 3107 1311 3167 ad
1333 3107 1463 3168 heroum
1486 3129 1543 3170 nos
1569 3105 1684 3188 dactyli
1706 3117 1737 3170 ct
1760 3131 1833 3170 aua·

485 3240 487 3243 -
533 3199 634 3281 paesti
658 3210 690 3262 et
720 3197 852 3281 spondei
879 3201 988 3281 pedem
1016 3196 1146 3274 inritat',
1182 3197 1214 3260 in
1242 3221 1305 3280 queo
1329 3198 1454 3280 impune
1482 3199 1633 3282 progredi
1663 3199 1735 3262 licet
1770 3205 1833 3264 duro

490 3319 523 3367 2⁵
534 3295 693 3356 dumtaxat
709 3294 801 3373 pedes
818 3303 871 3354 aut
893 3293 998 3373 paullo
1017 3292 1104 3372 plus,
1129 3313 1167 3354 ne
1186 3291 1276 3373 plane
1291 3291 1323 3354 in
1340 3313 1461 3354 versum
1485 3303 1537 3355 aut
1557 3292 1588 3354 in
1604 3291 1832 3358 similitudinem

534 3405 643 3448 versus
654 3383 840 3447 incidamus:
861 3385 961 3449 Aliae
974 3397 1054 3448 sunt
1063 3384 1218 3468 geminae
1227 3428 1237 3459 ,
1250 3385 1371 3468 quibus
1384 3419 1434 3447 -.
1457 3387 1571 3449 Hitres
1587 3387 1676 3450 heroi
1691 3391 1786 3467 pedes
1803 3390 1833 3450 in

533 3475 687 3559 principia
715 3478 998 3540 continuandorum
1031 3479 1201 3541 verborum
1231 3477 1306 3540 satis
1325 3467 1455 3542 'decore
1488 3481 1614 3543 cadunt.
1663 3483 1835 3545 'Probatur

533 3582 636 3632 autem
658 3571 697 3630 ab
719 3572 828 3632 eodem
850 3570 904 3632 illo
928 3567 1060 3633 maxime
1082 3592 1199 3652 paean,
1222 3570 1276 3655 quui
1297 3581 1344 3632 est
1365 3571 1493 3654 duplex.
1539 3574 1617 3636 Nam
1633 3585 1717 3637 anta
1737 3576 1833 3659 longa

533 3661 655 3740 oritur,
679 3683 770 3746 qnam
792 3673 857 3724 tres
878 3663 993 3725 breves
1014 3675 1270 3745 consequuntur,
1302 3676 1335 3728 ut
1356 3665 1433 3727 hacc
1455 3667 1571 3741 verba,
1596 3668 1757 3741 desinite,
1781 3669 1835 3730 in·

491 3755 653 3839 ancipite,
682 3755 910 3840 comprimite:
939 3767 994 3820 aut
1014 3777 1031 3820 a
1052 3755 1203 3821 brevibus
1225 3756 1370 3841 deinceps
1393 3758 1492 3824 tribus
1513 3771 1653 3824 extrema
1677 3763 1834 3841 producta

623 4017 652 4070 1.
672 4019 762 4064 toturn
777 4013 881 4083 paene]
902 4011 935 4064 Ε.
951 4033 989 4069 ·.··
1004 4029 1034 4080 p.
1052 4021 1075 4068 t.
1097 4011 1144 4066 10.

622 4090 651 4146 9.
667 4087 759 4155 vobis]
779 4087 811 4140 ll.
830 4113 866 4130 ·-
885 4087 964 4138 nobis
983 4087 1028 4141 10.

607 4169 652 4220 10.
669 4163 774 4227 aliter,
793 4179 851 4213 esse
867 4179 922 4232 pro
940 4161 1030 4230 vobis]
1051 4161 1083 4216 Ε.
1102 4191 1139 4206 -
1157 4161 1261 4214 aliter:
1277 4181 1331 4233 pre
1351 4161 1430 4216 nobis
1449 4163 1494 4218 10.
1584 4183 1588 4192 ·

605 4241 650 4294 11.
669 4237 709 4289 od
726 4237 905 4304 Herennium]
926 4236 990 4289 Lib.
1009 4241 1046 4305 lt,
1062 4237 1086 4304 5.
1106 4240 1151 4294 111.

605 4317 651 4367 12.
671 4310 836 4380 huiusmodi]
858 4311 978 4366 llerenn.
998 4311 1030 4365 Ε.
1050 4339 1087 4354 -
1104 4309 1289 4364 hrdnseemods'
1307 4312 1352 4370 10.

606 4390 651 4446 13.
665 4385 806 4458 proderit]
825 4386 943 4442 Hersen.
965 4385 999 4442 C.
1021 4415 1051 4428 -
1069 4391 1177 4458 poterit
1196 4387 1243 4439 El.

606 4464 650 4516 15.
667 4462 890 4534 perpolitissime]
912 4462 1030 4514 llerenn.
1050 4462 1096 4518 ΕΙ.
1117 4490 1155 4505 -
1169 4460 1335 4533 politissima
1353 4461 1386 4518 0.

606 4538 650 4595 19.
669 4540 729 4586 slnt
748 4539 866 4604 numere]
885 4539 943 4590 Cic.
965 4545 1083 4587 -sunt
1106 4553 1180 4590 nune.
1199 4533 1231 4589 Ε.
1252 4565 1288 4578 -
1307 4555 1380 4592 neem.
1399 4543 1456 4591 sint
1476 4539 1523 4596 10.

605 4611 651 4664 20.
668 4607 852 4680 frequentem]
872 4609 931 4664 cte.
950 4611 1006 4666 Ec.
1026 4639 1064 4653 —
1073 4612 1244 4682 frequenter
1263 4612 1285 4666 Ι.

605 4688 651 4738 22.
668 4687 881 4754 sermonemque]
902 4686 961 4738 Cle.
980 4687 1012 4739 E.
1034 4715 1064 4727 -
1087 4693 1115 4736 et
1133 4703 1285 4740 sermonem
1306 4687 1350 4742 10.
1438 4697 1441 4712 ’

607 4763 652 4820 23.
672 4756 790 4829 dactyle]
810 4759 871 4815 Cic.
891 4759 923 4814 0.
942 4788 977 4802 -
995 4760 1129 4834 dactylici
1147 4761 1193 4817 ΕΙ.

546 4860 551 4868 ·
604 4837 650 4890 21.
669 4831 735 4901 duo]
754 4834 813 4887 cte.
833 4835 865 4886 Ε.
884 4858 921 4875 -
939 4833 1008 4887 dacos
1026 4835 1072 4889 10.

605 4910 650 4965 25.
668 4914 720 4958 eut
737 4911 769 4958 e'n
785 4908 879 4974 simil]
900 4906 949 4962 nt.
967 4937 1005 4952 -
1022 4918 1073 4961 ant
1091 4912 1174 4963 simil.
1199 4909 1259 4964 Cle.
1288 4911 1348 4978 (sed
1376 4911 1461 4979 lllod,
1492 4929 1522 4968 ot
1547 4919 1632 4970 etiarn
1656 4923 1758 4970 'versus
1786 4935 1839 4990 pro

530 4999 660 5037 versuum
678 4978 887 5054 recipiendum.)
907 4983 938 5036 0.
958 4984 1030 5037 Tum
1051 4985 1097 5039 ΕΙ.
1118 4985 1204 5040 male:
1224 5003 1273 5040 nee
1292 5019 1307 5033 -
1326 5020 1345 5033 ·
1364 5019 1383 5036 -
1402 4987 1553 5044 mmmm.

605 5058 650 5116 26.
669 5055 758 5125 berei]
778 5056 837 5110 010.
858 5056 890 5110 Ε.
909 5085 946 5100 -
963 5057 1068 5112 tarmes
1085 5057 1133 5114 10.

603 5135 650 5192 27.
664 5133 817 5204 principia]
837 5130 898 5186 010.
917 5132 977 5189 EC.
994 5138 1187 5206 -principio
1206 5135 1229 5192 1.
