4434 5959
531 619 591 683 ¹2⁶
1038 625 1325 694 VICTORINUS

613 763 658 825 Ut
677 780 799 836 emor,
822 762 1021 841 irnmsnslio,
1052 766 1251 849 aegritudo]
1295 766 1383 829 lnlcr
1406 765 1599 831 iracundiam
1623 769 1754 833 stiram
1778 771 1844 835 hnc

528 854 676 933 intcrcst,
700 859 786 940 qnod
810 855 969 919 iracundia
994 871 1146 940 perpetua
1167 871 1234 935 eet,
1257 858 1303 922 ira
1320 862 1359 923 ad
1381 856 1503 942 tempus
1524 863 1706 944 susscipitur.
1730 864 1843 947 Atque

529 951 592 1013 line
611 949 663 1025 lit,
687 962 721 1012 ut
741 948 898 1011 iracundia
921 948 960 1009 sit
978 949 1149 1031 impulsior
1173 950 1241 1027 ira,
1265 951 1484 1026 ratiociunti03
1508 964 1541 1016 ut
1562 955 1651 1019 odio
1671 958 1748 1040 qnia
1763 958 1839 1018 irn-

528 1054 586 1105 tue
608 1046 658 1106 nel
684 1054 777 1110 metu
799 1040 963 1105 occidisse
991 1043 1146 1119 dicatur:
1177 1046 1264 1127 quod
1292 1055 1339 1105 est
1363 1043 1629 1109 ratiocinationis.
1685 1046 1842 1113 Ceterum

503 1136 710 1197 iiracundum
740 1154 809 1197 esse
835 1132 908 1214 qttia
937 1155 1062 1215 semper
1087 1139 1126 1198 ad
1154 1135 1370 1217 impulsionem
1396 1145 1462 1211 est,
1482 1136 1636 1213 dicimus,
1659 1163 1740 1223 quiae
1763 1162 1843 1221 pro·

401 1292 413 1303 .
527 1240 600 1311 pter
623 1228 715 1291 talem
741 1239 883 1289 naturam
903 1228 1070 1289 admissum
1092 1228 1212 1291 lacinus
1236 1228 1336 1310 possit
1359 1232 1538 1294 ostendere.
1598 1232 1842 1316 Aegritudiuens

527 1342 608 1385 vero
631 1324 774 1385 morbum
796 1319 890 1382 animi
911 1319 1037 1401 posuit,
1061 1343 1123 1385 nou
1147 1322 1360 1402 corporalem.

612 1419 653 1481 tn
674 1414 795 1499 quibus
813 1424 875 1475 aut
895 1414 1101 1477 incommodi
1117 1414 1250 1498 aliquid
1271 1414 1413 1477 maioris
1435 1414 1646 1497 adipiscendi
1670 1417 1843 1481 commodi

527 1529 653 1583 cosma,
675 1520 737 1571 oret
759 1505 902 1570 maioris
917 1504 1047 1568 nitendi
1062 1508 1268 1570 incommodi
1286 1506 1484 1588 suscipitur]
1531 1510 1574 1572 Ut
1588 1510 1702 1593 aliquid
1717 1512 1841 1571 incom-

487 1608 518 1658 ιθ
529 1602 613 1666 modi
636 1600 826 1682 esrscipiatnr
854 1611 990 1680 propter
1018 1602 1095 1661 ditas
1121 1620 1193 1672 rcs;
1225 1599 1275 1662 vel
1300 1610 1335 1662 ιιι
1358 1600 1457 1662 maius
1483 1601 1613 1687 aliquod
1638 1606 1840 1665 commodum

529 1714 774 1777 consequamur,
800 1692 851 1754 vel
874 1704 907 1753 ιιι
929 1691 1024 1752 mains
1048 1691 1278 1756 incommodum
1302 1692 1488 1757 devitemus.

608 1789 674 1853 Hic
695 1789 790 1849 locus
811 1786 898 1847 sicut
919 1785 1059 1868 aliquod
1079 1762 1369 1872 [fundamintum
1390 1785 1460 1867 est]
1505 1787 1544 1849 Id
1565 1796 1631 1863 est,
1656 1807 1763 1851 caussa.

607 1881 690 1947 Nisi
717 1879 847 1961 aliquid
874 1900 981 1962 qssore
1003 1875 1151 1968 factum
1184 1878 1246 1952 sit,
1285 1879 1490 1959 ostenditur]
1547 1880 1631 1959 Quid
1658 1880 1699 1941 sit
1721 1899 1834 1955 casm,

416 2015 419 2021 -
526 1994 605 2057 quse
628 1972 712 2054 parit
733 1972 926 2034 voluntatens
948 1968 1015 2032 sine
1038 1992 1094 2051 per
1117 1971 1332 2053 impulsionem
1355 1971 1423 2035 sive
1444 1992 1502 2053 per
1524 1970 1810 2035 ratiocinationem.

483 2078 515 2129 te
607 2070 706 2147 Ergo
726 2072 927 2138 occmetor,
960 2084 1066 2149 quum
1090 2062 1294 2145 impulsione
1314 2064 1445 2149 aliquid
1463 2061 1610 2155 factum
1637 2085 1711 2126 esse
1732 2064 1836 2145 dicet]

524 2158 625 2222 Locis
651 2156 897 2221 confirmationis
930 2176 948 2218 a
979 2176 1072 2219 causa
1103 2177 1161 2239 per
1182 2156 1401 2240 impulsionem
1426 2160 1530 2240 primo
1558 2158 1655 2231 datie,
1692 2157 1774 2219 redit
1797 2160 1838 2219 ed

524 2249 781 2335 reprehensionis
804 2252 929 2312 modos.
1378 2310 1384 2325 ,

607 2344 676 2426 Qui
698 2342 801 2405 simili
827 2341 978 2424 imprdens
999 2340 1130 2428 oliqssid
1153 2341 1402 2415 commiserint,
1425 2352 1460 2405 et
1479 2340 1742 2405 similiusdinum
1766 2344 1839 2405 eol·

523 2436 664 2515 latione]
708 2436 752 2499 Ut
773 2434 913 2516 applices
934 2436 1113 2516 exemplum
1133 2445 1165 2496 et
1187 2436 1302 2497 doceas
1324 2434 1424 2497 simile
1446 2438 1674 2517 comparando.

481 2538 541 2587 2⁰.
606 2533 652 2594 tis
680 2528 789 2610 ipsius
815 2527 923 2591 animi
953 2527 1150 2615 effectionis
1180 2526 1408 2609 explicatione
1443 2528 1634 2591 curandum
1671 2526 1735 2611 est]
1792 2528 1840 2593 Ut

521 2622 622 2707 ipsius
642 2621 842 2697 affectionis,
864 2624 928 2685 hoc
949 2632 1015 2696 est,
1037 2620 1104 2694 rei,
1126 2618 1167 2681 sit
1188 2617 1372 2699 explicatio.
1494 2696 1498 2705 ὁ

607 2719 652 2779 tn
672 2736 741 2778 non
761 2714 887 2778 ntirum
908 2714 1066 2779 videatur
1077 2757 1086 2788 ,
1110 2712 1255 2797 siquod
1275 2708 1484 2802 miscuimus
1503 2713 1566 2776 teti
1577 2712 1839 2796 perturbatione

521 2821 712 2873 commotus
731 2807 865 2870 enimus
889 2806 1084 2885 occesserit]
1141 2806 1180 2868 Id
1201 2815 1267 2879 est,
1299 2815 1333 2867 ut
1359 2806 1429 2869 reri
1456 2803 1557 2868 simile
1582 2808 1699 2888 probet
1721 2817 1754 2869 et
1776 2824 1838 2889 per

522 2901 700 2983 exemplum
722 2910 755 2963 et
776 2920 833 2982 per
855 2899 1098 2981 explicationem
1121 2894 1215 2959 animi
1236 2895 1425 2965 allectionis.

478 2998 511 3047 2⁵
606 2998 650 3059 Ut
670 2992 785 3077 quod
804 2992 879 3057 eius
891 2992 983 3071 sees-i
1002 2988 1125 3074 possit]
1170 2990 1328 3069 Qtrautum
1350 2987 1381 3051 in
1403 2990 1465 3051 hac
1485 3009 1521 3052 rc
1543 2988 1613 3053 lieri
1640 2988 1755 3071 possit.

604 3088 697 3173 Quid
718 3088 755 3150 in
783 3086 943 3169 opinione
968 3085 1061 3161 eius,
1095 3103 1196 3168 quem
1219 3092 1363 3164 urgeret,
1382 3079 1522 3173 fuerit]
1576 3084 1619 3148 tu
1642 3102 1705 3145 non
1728 3083 1836 3147 solsuu

414 3192 419 3202 '
520 3182 598 3269 quid
618 3190 806 3245 consecutus
828 3179 887 3255 sit,
914 3201 1021 3242 venitm
1044 3178 1137 3241 etiarn
1160 3174 1236 3263 quid
1258 3175 1449 3257 speraverit.

603 3274 642 3338 Si
662 3274 795 3337 ostendi
814 3285 926 3356 potest
951 3272 985 3338 ei
1010 3272 1120 3335 risum
1144 3290 1237 3343 esse,
1260 3266 1320 3351 qui
1341 3266 1529 3350 urguentur]
1573 3268 1616 3333 Ut
1638 3269 1835 3335 voluntatem

519 3365 723 3440 criminetur,
755 3364 895 3428 etiamsi
925 3365 1056 3433 effectus
1081 3361 1197 3427 defuit:
1231 3372 1265 3423 ut
1287 3381 1328 3423 ex
1351 3380 1390 3424 eo
1412 3381 1537 3423 catrsam
1559 3361 1722 3436 habuerit,
1758 3363 1835 3449 quis

476 3465 510 3515 iu
520 3456 641 3533 timuit,
679 3458 752 3541 quia
780 3456 943 3541 sperarit3
979 3453 1070 3519 etiam
1102 3454 1130 3519 si
1168 3453 1243 3518 nihil
1276 3465 1329 3517 aut
1366 3455 1523 3519 commodi
1555 3466 1609 3517 asrt
1642 3452 1838 3519 incommodi

519 3550 691 3633 acceperit.

602 3644 697 3708 Nam
711 3640 828 3725 opinio
842 3637 1134 3731 dupliciterfallit
1147 3638 1315 3718 homines]
1360 3640 1479 3723 Opinio
1496 3639 1577 3705 lallit
1600 3639 1630 3702 in
1655 3660 1710 3713 re,
1735 3660 1835 3723 quum

519 3734 629 3818 opinio
650 3756 727 3798 vera
750 3755 812 3799 non
835 3745 902 3810 est,
932 3745 964 3796 et
984 3744 1071 3797 errat
1092 3736 1133 3797 ab
1155 3754 1211 3811 en,
1236 3736 1323 3819 quod
1348 3733 1379 3797 iu
1407 3754 1485 3797 vero
1505 3745 1572 3796 est:
1608 3745 1641 3796 ut
1662 3754 1757 3818 quum
1781 3754 1835 3797 res

591 3963 619 4019 5.
639 3960 755 4012 dicimus
772 3977 842 4030 quae
859 3961 925 4026 eeu]
965 3956 997 4011 id
1016 3974 1070 4011 est:
1093 3956 1214 4012 dicimus
1232 3956 1315 4011 selem
1336 3959 1390 4010 boc
1409 3961 1438 4011 in
1457 3957 1522 4010 loco
1540 3954 1735 4029 impulsionem
1747 3957 1835 4011 intel.

515 4037 583 4111 ligi,
598 4051 672 4107 quse
690 4052 744 4089 eet.
763 4036 845 4089 Cure.

591 4118 618 4172 8.
636 4120 688 4163 aut
706 4107 872 4162 incommodi
888 4105 1009 4178 aliquid]
1034 4105 1112 4160 Olim
1130 4104 1270 4178 legebatur
1289 4108 1441 4165 commodi;
1462 4103 1534 4177 qnod
1555 4101 1757 4159 ementiendum
1774 4124 1833 4157 cu-

516 4192 637 4241 ravimus
663 4204 696 4239 ex
714 4190 775 4257 ipsc
795 4186 936 4237 Ciceronis
965 4196 1116 4247 contextu,
1147 4178 1182 4233 sd
1198 4198 1282 4253 quem
1301 4184 1415 4253 respicit
1434 4181 1602 4234 Victorinus.
1622 4180 1706 4234 cm».
1758 4179 1832 4235 Cod.

515 4264 577 4317 Bes.
598 4261 639 4315 St.
660 4259 720 4313 eti.
744 4264 803 4313 sic:
829 4267 879 4310 ent
899 4255 1035 4309 commodi
1055 4255 1162 4325 eliqrsid
1184 4260 1303 4307 nsaicrr's
1322 4254 1494 4325 adipiscendi
1517 4272 1603 4307 cause
1622 4269 1676 4309 cet.
1714 4254 1788 4307 Tum
1814 4272 1831 4308 e

515 4334 586 4391 eod.
605 4336 669 4390 Bes.
689 4334 731 4388 St.
752 4332 814 4386 dedi
833 4332 988 4385 devitemus
1006 4348 1057 4403 pro
1075 4332 1162 4403 capp.
1181 4335 1309 4384 vitemus.
1329 4330 1382 4384 Os.

589 4413 618 4468 9.
638 4408 809 4477 adipiscendi
827 4406 962 4459 commodi
980 4408 1079 4474 eausa]
1118 4403 1162 4462 Τὸ
1180 4406 1331 4473 commodi,
1350 4401 1423 4475 quod
1446 4403 1493 4458 hic
1514 4401 1623 4471 deeras,
1643 4402 1831 4476 supplevimus

515 4489 654 4558 exipsius
674 4482 761 4537 Tullii
781 4480 879 4536 serbis.
900 4482 983 4534 curs.

590 4566 635 4615 10.
654 4567 686 4611 ut
703 4557 810 4627 etipsud
826 4554 991 4608 incommodi
1008 4553 1191 4625 suscipietur]
1223 4552 1312 4607 Aurea
1329 4550 1472 4626 legebatur
1490 4552 1625 4607 eumanadi
1631 4572 1642 4612 ,-
1667 4550 1715 4606 sed
1734 4568 1832 4610 errore

514 4634 671 4690 mentteuo.
691 4632 774 4686 Csrr.
812 4631 900 4684 nabes
921 4629 991 4683 Cod.
1008 4630 1073 4683 Bes.
1092 4627 1266 4682 incommodi.

591 4714 634 4765 12.
654 4706 697 4760 lsie
715 4707 792 4759 locus
808 4710 883 4757 sieut
902 4701 1015 4775 aliquod
1023 4703 1245 4775 fundamentum
1264 4705 1316 4773 est]
1338 4702 1373 4757 τὸ
1383 4699 1606 4771 fundumentum
1643 4703 1698 4754 nod
1717 4700 1831 4768 decret,

517 4802 552 4837 ex
564 4789 624 4856 ipso
639 4783 782 4835 Ciceronis
802 4781 865 4832 loco
886 4783 1071 4837 restituturum
1092 4776 1173 4848 idque
1193 4794 1226 4829 eo
1245 4776 1395 4843 lubentius,
1416 4775 1489 4848 quod
1509 4774 1544 4828 sd
1561 4775 1597 4833 so
1632 4774 1832 4829 undamentum
1872 4768 1877 4775 “

515 4858 684 4913 referrentur
703 4858 771 4909 lssec
791 4857 928 4907 Victorini
949 4852 1045 4907 verbs:
1064 4852 1096 4904 id
1113 4860 1157 4903 ert
1174 4868 1268 4905 causa.
1287 4852 1371 4906 Cirr.

590 4939 634 4991 15.
653 4932 815 5003 impulsione
832 4927 948 4999 aliquid]
977 4925 1045 4981 Cod.
1065 4928 1128 4980 Bas.
1148 4952 1184 4968 -·
1203 4926 1310 4997 sliqrsid
1333 4932 1399 4998 imp.
1424 4922 1495 4979 Edd.
1515 4922 1582 4980 Cod.
1602 4924 1664 4977 Bes.
1686 4927 1771 4975 items
1791 4946 1834 4983 =·.

513 5012 672 5066 Accusator
691 5024 770 5074 ergo.
807 5004 894 5056 Tuos:
913 5002 995 5055 Locis
1013 4993 1216 5071 affirmationis
1235 5002 1303 5071 (sic)
1321 5019 1340 5053 a
1359 5018 1444 5055 causa
1459 5016 1512 5070 per
1530 5000 1718 5071 impulsionem
1734 5002 1831 5069 primo

512 5084 598 5144 datis.
635 5086 764 5152 Namque
783 5076 1008 5150 confirmationis
1023 5080 1182 5147 praeceptis
1199 5076 1277 5131 detis
1294 5075 1370 5133 redu
1389 5092 1442 5131 est.
1463 5076 1515 5133 Os·

588 5160 634 5225 53.
651 5158 745 5231 errat]
766 5156 808 5211 Au
826 5152 962 5207 aderrat?
981 5155 1035 5208 Οι.
