<?xml version="1.0" encoding="UTF-8"?>
<!DOCTYPE html PUBLIC "-//W3C//DTD XHTML 1.0 Transitional//EN"
    "http://www.w3.org/TR/xhtml1/DTD/xhtml1-transitional.dtd">
<html xmlns="http://www.w3.org/1999/xhtml" xml:lang="en" lang="en">
 <head>
  <title>
</title>
<meta http-equiv="Content-Type" content="text/html;charset=utf-8" />
  <meta name='ocr-system' content='tesseract 3.04.00' />
  <meta name='ocr-capabilities' content='ocr_page ocr_carea ocr_par ocr_line ocrx_word'/>
</head>
<body>
  <div class='ocr_page' id='page_1' title='image "./operaquaesupers09halmgoog/operaquaesupers09halmgoog_0263.png"; bbox 0 0 4434 5959; ppageno 0'>
   <div class='ocr_carea' id='block_1_1' title="bbox 239 3767 245 3803">
    <p class='ocr_par' dir='ltr' id='par_1_1' title="bbox 239 3767 245 3803">
     <span class='ocr_line' id='line_1_1' title="bbox 239 3767 245 3803; baseline 0 0"><span class='ocrx_word' id='word_1_1' title='bbox 239 3767 245 3803; x_wconf 84' lang='lat' dir='ltr'><strong>l</strong></span> 
     </span>
    </p>
   </div>
   <div class='ocr_carea' id='block_1_2' title="bbox 987 519 1728 587">
    <p class='ocr_par' dir='ltr' id='par_1_2' title="bbox 987 519 1728 587">
     <span class='ocr_line' id='line_1_2' title="bbox 987 519 1728 587; baseline -0.007 0"><span class='ocrx_word' id='word_1_2' title='bbox 987 519 1092 587; x_wconf 83' lang='lat' dir='ltr'><strong>CAP.</strong></span> <span class='ocrx_word' id='word_1_3' title='bbox 1123 521 1225 586; x_wconf 81' lang='lat' dir='ltr'><strong>XVl.</strong></span> <span class='ocrx_word' id='word_1_4' title='bbox 1667 523 1728 583; x_wconf 78' lang='lat' dir='ltr'><strong>att</strong></span> 
     </span>
    </p>
   </div>
   <div class='ocr_carea' id='block_1_3' title="bbox 407 659 1842 3738">
    <p class='ocr_par' dir='ltr' id='par_1_3' title="bbox 407 659 1842 3738">
     <span class='ocr_line' id='line_1_3' title="bbox 410 659 1731 749; baseline 0 -26"><span class='ocrx_word' id='word_1_5' title='bbox 410 671 459 725; x_wconf 90' lang='lat' dir='ltr'><strong>est</strong></span> <span class='ocrx_word' id='word_1_6' title='bbox 482 682 587 725; x_wconf 90' lang='lat' dir='ltr'><strong>earum</strong></span> <span class='ocrx_word' id='word_1_7' title='bbox 613 680 742 743; x_wconf 89' lang='lat' dir='ltr'><strong>quoqne</strong></span> <span class='ocrx_word' id='word_1_8' title='bbox 764 682 946 738; x_wconf 88' lang='lat' dir='ltr'><strong>causarum,</strong></span> <span class='ocrx_word' id='word_1_9' title='bbox 971 660 1002 725; x_wconf 93' lang='lat' dir='ltr'><strong>in</strong></span> <span class='ocrx_word' id='word_1_10' title='bbox 1025 663 1141 747; x_wconf 88' lang='lat' dir='ltr'><strong>quibus</strong></span> <span class='ocrx_word' id='word_1_11' title='bbox 1161 662 1278 725; x_wconf 77' lang='lat' dir='ltr'>crimen</span> <span class='ocrx_word' id='word_1_12' title='bbox 1302 659 1445 747; x_wconf 84' lang='lat' dir='ltr'><strong>quidem,</strong></span> <span class='ocrx_word' id='word_1_13' title='bbox 1468 665 1508 725; x_wconf 89' lang='lat' dir='ltr'><strong>de</strong></span> <span class='ocrx_word' id='word_1_14' title='bbox 1531 686 1596 749; x_wconf 89' lang='lat' dir='ltr'><strong>quo</strong></span> <span class='ocrx_word' id='word_1_15' title='bbox 1620 665 1731 747; x_wconf 82' lang='lat' dir='ltr'><strong>cogui-</strong></span> 
     </span>
     <span class='ocr_line' id='line_1_4' title="bbox 409 754 1729 839; baseline 0.002 -22"><span class='ocrx_word' id='word_1_16' title='bbox 409 755 455 819; x_wconf 92' lang='lat' dir='ltr'><strong>tio</strong></span> <span class='ocrx_word' id='word_1_17' title='bbox 474 765 539 830; x_wconf 88' lang='lat' dir='ltr'><strong>est,</strong></span> <span class='ocrx_word' id='word_1_18' title='bbox 564 754 657 817; x_wconf 82' lang='lat' dir='ltr'><strong>facile</strong></span> <span class='ocrx_word' id='word_1_19' title='bbox 679 754 826 828; x_wconf 75' lang='lat' dir='ltr'><strong>diluitur,</strong></span> <span class='ocrx_word' id='word_1_20' title='bbox 850 758 905 817; x_wconf 89' lang='lat' dir='ltr'><strong>sed</strong></span> <span class='ocrx_word' id='word_1_21' title='bbox 928 756 1032 817; x_wconf 82' lang='lat' dir='ltr'><strong>mtxltis</strong></span> <span class='ocrx_word' id='word_1_22' title='bbox 1054 760 1125 817; x_wconf 78' lang='lat' dir='ltr'><strong>ante</strong></span> <span class='ocrx_word' id='word_1_23' title='bbox 1146 766 1234 817; x_wconf 87' lang='lat' dir='ltr'><strong>actae</strong></span> <span class='ocrx_word' id='word_1_24' title='bbox 1250 755 1333 817; x_wconf 85' lang='lat' dir='ltr'><strong>vitae</strong></span> <span class='ocrx_word' id='word_1_25' title='bbox 1351 769 1521 820; x_wconf 88' lang='lat' dir='ltr'><strong>oneratur:</strong></span> <span class='ocrx_word' id='word_1_26' title='bbox 1545 780 1625 839; x_wconf 87' lang='lat' dir='ltr'><strong>quae</strong></span> <span class='ocrx_word' id='word_1_27' title='bbox 1642 760 1729 839; x_wconf 89' lang='lat' dir='ltr'><strong>prius</strong></span> 
     </span>
     <span class='ocr_line' id='line_1_5' title="bbox 407 846 1730 934; baseline -0.001 -23"><span class='ocrx_word' id='word_1_28' title='bbox 407 850 583 913; x_wconf 80' lang='lat' dir='ltr'><strong>amovenda</strong></span> <span class='ocrx_word' id='word_1_29' title='bbox 606 862 696 921; x_wconf 78' lang='lat' dir='ltr'><strong>stent,</strong></span> <span class='ocrx_word' id='word_1_30' title='bbox 734 859 768 909; x_wconf 92' lang='lat' dir='ltr'><strong>ut</strong></span> <span class='ocrx_word' id='word_1_31' title='bbox 791 851 885 911; x_wconf 91' lang='lat' dir='ltr'><strong>iudex</strong></span> <span class='ocrx_word' id='word_1_32' title='bbox 915 848 1072 931; x_wconf 91' lang='lat' dir='ltr'><strong>propitius</strong></span> <span class='ocrx_word' id='word_1_33' title='bbox 1097 846 1311 911; x_wconf 76' lang='lat' dir='ltr'><strong>defensionem</strong></span> <span class='ocrx_word' id='word_1_34' title='bbox 1339 848 1437 931; x_wconf 89' lang='lat' dir='ltr'><strong>ipsius</strong></span> <span class='ocrx_word' id='word_1_35' title='bbox 1459 850 1603 934; x_wconf 80' lang='lat' dir='ltr'><strong>negotii,</strong></span> <span class='ocrx_word' id='word_1_36' title='bbox 1643 856 1730 911; x_wconf 85' lang='lat' dir='ltr'><strong>cuius</strong></span> 
     </span>
     <span class='ocr_line' id='line_1_6' title="bbox 407 939 1731 1024; baseline 0 -18"><span class='ocrx_word' id='word_1_37' title='bbox 407 942 540 1023; x_wconf 87' lang='lat' dir='ltr'><strong>propria</strong></span> <span class='ocrx_word' id='word_1_38' title='bbox 564 939 707 1024; x_wconf 76' lang='lat' dir='ltr'><strong>quaestio</strong></span> <span class='ocrx_word' id='word_1_39' title='bbox 729 952 796 1016; x_wconf 85' lang='lat' dir='ltr'><strong>est,</strong></span> <span class='ocrx_word' id='word_1_40' title='bbox 834 942 951 1005; x_wconf 87' lang='lat' dir='ltr'><strong>audiat.</strong></span> <span class='ocrx_word' id='word_1_41' title='bbox 996 944 1040 1005; x_wconf 89' lang='lat' dir='ltr'><strong>Ut</strong></span> <span class='ocrx_word' id='word_1_42' title='bbox 1059 962 1121 1023; x_wconf 91' lang='lat' dir='ltr'><strong>pro</strong></span> <span class='ocrx_word' id='word_1_43' title='bbox 1149 940 1260 1005; x_wconf 89' lang='lat' dir='ltr'><strong>Caelio</strong></span> <span class='ocrx_word' id='word_1_44' title='bbox 1288 944 1341 1005; x_wconf 87' lang='lat' dir='ltr'><strong>M.</strong></span> <span class='ocrx_word' id='word_1_45' title='bbox 1365 943 1489 1005; x_wconf 82' lang='lat' dir='ltr'><strong>&#39;l&#39;ullius</strong></span> <span class='ocrx_word' id='word_1_46' title='bbox 1512 944 1600 1007; x_wconf 83' lang='lat' dir='ltr'><strong>lecit.</strong></span> <span class='ocrx_word' id='word_1_47' title='bbox 1644 946 1731 1006; x_wconf 82' lang='lat' dir='ltr'><strong>lnte‘·</strong></span> 
     </span>
     <span class='ocr_line' id='line_1_7' title="bbox 407 1033 1756 1121; baseline 0.001 -23"><span class='ocrx_word' id='word_1_48' title='bbox 407 1036 465 1098; x_wconf 91' lang='lat' dir='ltr'><strong>rim</strong></span> <span class='ocrx_word' id='word_1_49' title='bbox 488 1038 620 1117; x_wconf 88' lang='lat' dir='ltr'><strong>prodest</strong></span> <span class='ocrx_word' id='word_1_50' title='bbox 642 1035 685 1097; x_wconf 89' lang='lat' dir='ltr'><strong>ita</strong></span> <span class='ocrx_word' id='word_1_51' title='bbox 706 1056 854 1109; x_wconf 88' lang='lat' dir='ltr'><strong>narrare,</strong></span> <span class='ocrx_word' id='word_1_52' title='bbox 879 1036 968 1121; x_wconf 88' lang='lat' dir='ltr'><strong>quasi</strong></span> <span class='ocrx_word' id='word_1_53' title='bbox 986 1038 1166 1097; x_wconf 81' lang='lat' dir='ltr'><strong>damnemus</strong></span> <span class='ocrx_word' id='word_1_54' title='bbox 1180 1033 1241 1116; x_wconf 87' lang='lat' dir='ltr'><strong>ipsi</strong></span> <span class='ocrx_word' id='word_1_55' title='bbox 1261 1049 1439 1117; x_wconf 85' lang='lat' dir='ltr'><strong>susceptos.</strong></span> <span class='ocrx_word' id='word_1_56' title='bbox 1488 1039 1548 1113; x_wconf 81' lang='lat' dir='ltr'><strong>Vis</strong></span> <span class='ocrx_word' id='word_1_57' title='bbox 1570 1050 1603 1099; x_wconf 87' lang='lat' dir='ltr'><strong>te</strong></span> <span class='ocrx_word' id='word_1_58' title='bbox 1620 1036 1756 1100; x_wconf 62' lang='lat' dir='ltr'><strong>‹ticamt</strong></span> 
     </span>
     <span class='ocr_line' id='line_1_8' title="bbox 407 1128 1731 1219; baseline 0.002 -28"><span class='ocrx_word' id='word_1_59' title='bbox 407 1128 490 1192; x_wconf 80' lang='lat' dir='ltr'><strong>nino.</strong></span> <span class='ocrx_word' id='word_1_60' title='bbox 515 1150 582 1191; x_wconf 89' lang='lat' dir='ltr'><strong>non</strong></span> <span class='ocrx_word' id='word_1_61' title='bbox 609 1150 682 1191; x_wconf 88' lang='lat' dir='ltr'><strong>esse</strong></span> <span class='ocrx_word' id='word_1_62' title='bbox 710 1130 878 1211; x_wconf 73' lang='lat' dir='ltr'><strong>pulsum?</strong></span> <span class='ocrx_word' id='word_1_63' title='bbox 907 1152 1026 1193; x_wconf 90' lang='lat' dir='ltr'><strong>errore</strong></span> <span class='ocrx_word' id='word_1_64' title='bbox 1055 1128 1217 1211; x_wconf 68' lang='lat' dir='ltr'><strong>lapsum?</strong></span> <span class='ocrx_word' id='word_1_65' title='bbox 1252 1149 1333 1191; x_wconf 86' lang='lat' dir='ltr'><strong>nera</strong></span> <span class='ocrx_word' id='word_1_66' title='bbox 1357 1143 1438 1191; x_wconf 88' lang='lat' dir='ltr'><strong>sunt</strong></span> <span class='ocrx_word' id='word_1_67' title='bbox 1456 1132 1533 1194; x_wconf 85' lang='lat' dir='ltr'><strong>ista</strong></span> <span class='ocrx_word' id='word_1_68' title='bbox 1546 1128 1731 1219; x_wconf 81' lang='lat' dir='ltr'><strong>fortasse;</strong></span> 
     </span>
     <span class='ocr_line' id='line_1_9' title="bbox 407 1222 1732 1307; baseline 0.002 -22"><span class='ocrx_word' id='word_1_69' title='bbox 407 1244 514 1307; x_wconf 80' lang='lat' dir='ltr'><strong>quum</strong></span> <span class='ocrx_word' id='word_1_70' title='bbox 536 1234 649 1285; x_wconf 86' lang='lat' dir='ltr'><strong>tamen</strong></span> <span class='ocrx_word' id='word_1_71' title='bbox 669 1222 859 1306; x_wconf 82' lang='lat' dir='ltr'><strong>ingenuam</strong></span> <span class='ocrx_word' id='word_1_72' title='bbox 880 1222 1071 1305; x_wconf 78' lang='lat' dir='ltr'><strong>stuprasti,</strong></span> <span class='ocrx_word' id='word_1_73' title='bbox 1102 1224 1193 1283; x_wconf 87' lang='lat' dir='ltr'><strong>solve</strong></span> <span class='ocrx_word' id='word_1_74' title='bbox 1213 1222 1328 1284; x_wconf 83' lang='lat' dir='ltr'><strong>decem</strong></span> <span class='ocrx_word' id='word_1_75' title='bbox 1349 1224 1460 1286; x_wconf 89' lang='lat' dir='ltr'><strong>milia.</strong></span> <span class='ocrx_word' id='word_1_76' title='bbox 1508 1225 1581 1285; x_wconf 85' lang='lat' dir='ltr'><strong>Nou</strong></span> <span class='ocrx_word' id='word_1_77' title='bbox 1605 1246 1732 1303; x_wconf 79' lang='lat' dir='ltr'><strong>semper</strong></span> 
     </span>
     <span class='ocr_line' id='line_1_10' title="bbox 408 1316 1731 1400; baseline 0 -21"><span class='ocrx_word' id='word_1_78' title='bbox 408 1337 448 1379; x_wconf 89' lang='lat' dir='ltr'><strong>eo</strong></span> <span class='ocrx_word' id='word_1_79' title='bbox 475 1316 605 1389; x_wconf 90' lang='lat' dir='ltr'><strong>ordine,</strong></span> <span class='ocrx_word' id='word_1_80' title='bbox 629 1338 694 1399; x_wconf 91' lang='lat' dir='ltr'><strong>quo</strong></span> <span class='ocrx_word' id='word_1_81' title='bbox 723 1316 798 1400; x_wconf 91' lang='lat' dir='ltr'><strong>quid</strong></span> <span class='ocrx_word' id='word_1_82' title='bbox 821 1328 923 1380; x_wconf 90' lang='lat' dir='ltr'><strong>actum</strong></span> <span class='ocrx_word' id='word_1_83' title='bbox 948 1326 1014 1391; x_wconf 91' lang='lat' dir='ltr'><strong>est,</strong></span> <span class='ocrx_word' id='word_1_84' title='bbox 1039 1335 1170 1377; x_wconf 88' lang='lat' dir='ltr'><strong>narrare</strong></span> <span class='ocrx_word' id='word_1_85' title='bbox 1191 1316 1343 1396; x_wconf 89' lang='lat' dir='ltr'><strong>expedit,</strong></span> <span class='ocrx_word' id='word_1_86' title='bbox 1374 1320 1429 1378; x_wconf 91' lang='lat' dir='ltr'><strong>sed</strong></span> <span class='ocrx_word' id='word_1_87' title='bbox 1452 1318 1620 1400; x_wconf 88' lang='lat' dir='ltr'><strong>aliquando</strong></span> <span class='ocrx_word' id='word_1_88' title='bbox 1639 1319 1731 1379; x_wconf 86' lang='lat' dir='ltr'><strong>nobis</strong></span> 
     </span>
     <span class='ocr_line' id='line_1_11' title="bbox 409 1406 1730 1491; baseline -0.002 -18"><span class='ocrx_word' id='word_1_89' title='bbox 409 1408 566 1473; x_wconf 76' lang='lat' dir='ltr'><strong>excidisse</strong></span> <span class='ocrx_word' id='word_1_90' title='bbox 592 1406 712 1491; x_wconf 91' lang='lat' dir='ltr'><strong>aliquid</strong></span> <span class='ocrx_word' id='word_1_91' title='bbox 742 1408 974 1483; x_wconf 68' lang='lat' dir='ltr'><strong>emendabimus,</strong></span> <span class='ocrx_word' id='word_1_92' title='bbox 1011 1420 1045 1471; x_wconf 90' lang='lat' dir='ltr'><strong>ut</strong></span> <span class='ocrx_word' id='word_1_93' title='bbox 1077 1409 1109 1472; x_wconf 91' lang='lat' dir='ltr'><strong>id</strong></span> <span class='ocrx_word' id='word_1_94' title='bbox 1140 1407 1268 1473; x_wconf 88' lang='lat' dir='ltr'><strong>utiliore</strong></span> <span class='ocrx_word' id='word_1_95' title='bbox 1297 1410 1372 1473; x_wconf 88' lang='lat' dir='ltr'><strong>loco</strong></span> <span class='ocrx_word' id='word_1_96' title='bbox 1401 1411 1549 1477; x_wconf 87' lang='lat' dir='ltr'><strong>dicamus.</strong></span> <span class='ocrx_word' id='word_1_97' title='bbox 1600 1410 1730 1473; x_wconf 80' lang='lat' dir='ltr'><strong>lnterirn</strong></span> 
     </span>
     <span class='ocr_line' id='line_1_12' title="bbox 410 1502 1842 1587; baseline 0 -22"><span class='ocrx_word' id='word_1_98' title='bbox 410 1502 592 1565; x_wconf 88' lang='lat' dir='ltr'><strong>reddituros</strong></span> <span class='ocrx_word' id='word_1_99' title='bbox 614 1524 673 1565; x_wconf 88' lang='lat' dir='ltr'><strong>nos</strong></span> <span class='ocrx_word' id='word_1_100' title='bbox 695 1502 851 1587; x_wconf 86' lang='lat' dir='ltr'><strong>reliquum</strong></span> <span class='ocrx_word' id='word_1_101' title='bbox 876 1504 1019 1567; x_wconf 78' lang='lat' dir='ltr'><strong>ordinem</strong></span> <span class='ocrx_word' id='word_1_102' title='bbox 1051 1513 1224 1579; x_wconf 86' lang='lat' dir='ltr'><strong>testamur,</strong></span> <span class='ocrx_word' id='word_1_103' title='bbox 1262 1504 1352 1587; x_wconf 87' lang='lat' dir='ltr'><strong>quasi</strong></span> <span class='ocrx_word' id='word_1_104' title='bbox 1374 1504 1419 1566; x_wconf 91' lang='lat' dir='ltr'><strong>sic</strong></span> <span class='ocrx_word' id='word_1_105' title='bbox 1441 1504 1550 1565; x_wconf 79' lang='lat' dir='ltr'><strong>intima</strong></span> <span class='ocrx_word' id='word_1_106' title='bbox 1572 1502 1611 1563; x_wconf 86' lang='lat' dir='ltr'><strong>sit</strong></span> <span class='ocrx_word' id='word_1_107' title='bbox 1637 1520 1775 1568; x_wconf 80' lang='lat' dir='ltr'><strong>earrsatn</strong></span> <span class='ocrx_word' id='word_1_108' title='bbox 1835 1567 1842 1580; x_wconf 64' lang='grc'><em>,</em></span> 
     </span>
     <span class='ocr_line' id='line_1_13' title="bbox 410 1595 1765 1681; baseline -0.002 -23"><span class='ocrx_word' id='word_1_109' title='bbox 410 1595 561 1660; x_wconf 88' lang='lat' dir='ltr'><strong>lucidior.</strong></span> <span class='ocrx_word' id='word_1_110' title='bbox 607 1596 735 1659; x_wconf 85' lang='lat' dir='ltr'><strong>Interim</strong></span> <span class='ocrx_word' id='word_1_111' title='bbox 760 1618 796 1660; x_wconf 86' lang='lat' dir='ltr'><strong>re</strong></span> <span class='ocrx_word' id='word_1_112' title='bbox 813 1598 959 1679; x_wconf 84' lang='lat' dir='ltr'><strong>exposita</strong></span> <span class='ocrx_word' id='word_1_113' title='bbox 980 1596 1198 1681; x_wconf 84' lang='lat' dir='ltr'><strong>subiungimus</strong></span> <span class='ocrx_word' id='word_1_114' title='bbox 1221 1617 1347 1672; x_wconf 84' lang='lat' dir='ltr'><strong>catrsas,</strong></span> <span class='ocrx_word' id='word_1_115' title='bbox 1371 1618 1454 1681; x_wconf 87' lang='lat' dir='ltr'><strong>quae</strong></span> <span class='ocrx_word' id='word_1_116' title='bbox 1479 1609 1730 1659; x_wconf 87' lang='lat' dir='ltr'><strong>antecesserunt.</strong></span> <span class='ocrx_word' id='word_1_117' title='bbox 1761 1632 1765 1639; x_wconf 94' lang='lat'><em>-</em></span> 
     </span>
     <span class='ocr_line' id='line_1_14' title="bbox 412 1689 1732 1773; baseline 0.001 -21"><span class='ocrx_word' id='word_1_118' title='bbox 412 1689 573 1770; x_wconf 75' lang='lat' dir='ltr'><strong>Quaedam</strong></span> <span class='ocrx_word' id='word_1_119' title='bbox 598 1700 698 1751; x_wconf 88' lang='lat' dir='ltr'><strong>tamen</strong></span> <span class='ocrx_word' id='word_1_120' title='bbox 722 1690 860 1772; x_wconf 74' lang='lat' dir='ltr'><strong>turpiter</strong></span> <span class='ocrx_word' id='word_1_121' title='bbox 880 1702 1131 1754; x_wconf 88' lang='lat' dir='ltr'><strong>convertuntur:</strong></span> <span class='ocrx_word' id='word_1_122' title='bbox 1169 1702 1204 1753; x_wconf 84' lang='lat' dir='ltr'><strong>ut</strong></span> <span class='ocrx_word' id='word_1_123' title='bbox 1226 1691 1256 1753; x_wconf 89' lang='lat' dir='ltr'><strong>si</strong></span> <span class='ocrx_word' id='word_1_124' title='bbox 1283 1691 1446 1773; x_wconf 78' lang='lat' dir='ltr'><strong>peperisse</strong></span> <span class='ocrx_word' id='word_1_125' title='bbox 1469 1712 1597 1764; x_wconf 84' lang='lat' dir='ltr'><strong>narres,</strong></span> <span class='ocrx_word' id='word_1_126' title='bbox 1622 1690 1732 1753; x_wconf 88' lang='lat' dir='ltr'><strong>deinde</strong></span> 
     </span>
     <span class='ocr_line' id='line_1_15' title="bbox 412 1781 1732 1866; baseline -0.001 -21"><span class='ocrx_word' id='word_1_127' title='bbox 412 1781 617 1864; x_wconf 82' lang='lat' dir='ltr'><strong>concepisse:</strong></span> <span class='ocrx_word' id='word_1_128' title='bbox 652 1796 794 1865; x_wconf 87' lang='lat' dir='ltr'><strong>apertum</strong></span> <span class='ocrx_word' id='word_1_129' title='bbox 818 1794 1036 1847; x_wconf 87' lang='lat' dir='ltr'><strong>testamentum</strong></span> <span class='ocrx_word' id='word_1_130' title='bbox 1060 1805 1220 1866; x_wconf 80' lang='lat' dir='ltr'><strong>exponas,</strong></span> <span class='ocrx_word' id='word_1_131' title='bbox 1253 1784 1366 1847; x_wconf 90' lang='lat' dir='ltr'><strong>deinde</strong></span> <span class='ocrx_word' id='word_1_132' title='bbox 1389 1784 1520 1847; x_wconf 74' lang='lat' dir='ltr'><strong>lacteum.</strong></span> <span class='ocrx_word' id='word_1_133' title='bbox 1571 1786 1732 1847; x_wconf 83' lang='lat' dir='ltr'><strong>Excessus</strong></span> 
     </span>
     <span class='ocr_line' id='line_1_16' title="bbox 412 1876 1732 1961; baseline -0.005 -18"><span class='ocrx_word' id='word_1_134' title='bbox 412 1876 445 1943; x_wconf 89' lang='lat' dir='ltr'><strong>in</strong></span> <span class='ocrx_word' id='word_1_135' title='bbox 464 1876 645 1939; x_wconf 80' lang='lat' dir='ltr'><strong>narratione</strong></span> <span class='ocrx_word' id='word_1_136' title='bbox 671 1900 820 1961; x_wconf 89' lang='lat' dir='ltr'><strong>perquam</strong></span> <span class='ocrx_word' id='word_1_137' title='bbox 842 1899 919 1940; x_wconf 89' lang='lat' dir='ltr'><strong>raro</strong></span> <span class='ocrx_word' id='word_1_138' title='bbox 940 1877 1153 1960; x_wconf 81' lang='lat' dir='ltr'><strong>permittitur,</strong></span> <span class='ocrx_word' id='word_1_139' title='bbox 1179 1889 1210 1941; x_wconf 88' lang='lat' dir='ltr'><strong>et</strong></span> <span class='ocrx_word' id='word_1_140' title='bbox 1228 1876 1255 1941; x_wconf 88' lang='lat' dir='ltr'><strong>is</strong></span> <span class='ocrx_word' id='word_1_141' title='bbox 1278 1878 1382 1940; x_wconf 84' lang='lat' dir='ltr'><strong>tdmen</strong></span> <span class='ocrx_word' id='word_1_142' title='bbox 1404 1881 1512 1940; x_wconf 88' lang='lat' dir='ltr'><strong>breris</strong></span> <span class='ocrx_word' id='word_1_143' title='bbox 1534 1889 1565 1940; x_wconf 88' lang='lat' dir='ltr'><strong>et</strong></span> <span class='ocrx_word' id='word_1_144' title='bbox 1584 1877 1674 1950; x_wconf 85' lang='lat' dir='ltr'><strong>talis,</strong></span> <span class='ocrx_word' id='word_1_145' title='bbox 1699 1888 1732 1937; x_wconf 90' lang='lat' dir='ltr'><strong>ut</strong></span> 
     </span>
     <span class='ocr_line' id='line_1_17' title="bbox 413 1969 1776 2055; baseline 0.001 -23"><span class='ocrx_word' id='word_1_146' title='bbox 413 1969 447 2032; x_wconf 85' lang='lat' dir='ltr'><strong>ri</strong></span> <span class='ocrx_word' id='word_1_147' title='bbox 473 1972 607 2052; x_wconf 87' lang='lat' dir='ltr'><strong>quadam</strong></span> <span class='ocrx_word' id='word_1_148' title='bbox 632 1970 764 2034; x_wconf 78' lang='lat' dir='ltr'><strong>allectus</strong></span> <span class='ocrx_word' id='word_1_149' title='bbox 791 1972 953 2035; x_wconf 85' lang='lat' dir='ltr'><strong>videamur</strong></span> <span class='ocrx_word' id='word_1_150' title='bbox 979 1993 996 2033; x_wconf 89' lang='lat' dir='ltr'><strong>a</strong></span> <span class='ocrx_word' id='word_1_151' title='bbox 1020 1983 1108 2035; x_wconf 88' lang='lat' dir='ltr'><strong>recto</strong></span> <span class='ocrx_word' id='word_1_152' title='bbox 1134 1971 1247 2034; x_wconf 91' lang='lat' dir='ltr'><strong>itinere</strong></span> <span class='ocrx_word' id='word_1_153' title='bbox 1269 1971 1409 2053; x_wconf 88' lang='lat' dir='ltr'><strong>depulsi,</strong></span> <span class='ocrx_word' id='word_1_154' title='bbox 1448 1970 1549 2055; x_wconf 87' lang='lat' dir='ltr'><strong>qualis</strong></span> <span class='ocrx_word' id='word_1_155' title='bbox 1570 1983 1618 2033; x_wconf 90' lang='lat' dir='ltr'><strong>est</strong></span> <span class='ocrx_word' id='word_1_156' title='bbox 1639 1970 1776 2035; x_wconf 74' lang='lat' dir='ltr'><strong>Cice-¹³</strong></span> 
     </span>
     <span class='ocr_line' id='line_1_18' title="bbox 412 2062 1734 2149; baseline 0 -24"><span class='ocrx_word' id='word_1_157' title='bbox 412 2065 501 2127; x_wconf 87' lang='lat' dir='ltr'><strong>renis</strong></span> <span class='ocrx_word' id='word_1_158' title='bbox 522 2062 606 2126; x_wconf 87' lang='lat' dir='ltr'><strong>circa</strong></span> <span class='ocrx_word' id='word_1_159' title='bbox 631 2064 755 2145; x_wconf 76' lang='lat' dir='ltr'><strong>nuptias</strong></span> <span class='ocrx_word' id='word_1_160' title='bbox 777 2065 885 2128; x_wconf 87' lang='lat' dir='ltr'><strong>Sasiae</strong></span> <span class='ocrx_word' id='word_1_161' title='bbox 908 2086 1022 2131; x_wconf 76' lang='lat' dir='ltr'><strong>serino.</strong></span> <span class='ocrx_word' id='word_1_162' title='bbox 1056 2064 1320 2149; x_wconf 86' lang='lat' dir='ltr'><strong>Quandoquidem</strong></span> <span class='ocrx_word' id='word_1_163' title='bbox 1345 2068 1496 2129; x_wconf 86' lang='lat' dir='ltr'><strong>adversus</strong></span> <span class='ocrx_word' id='word_1_164' title='bbox 1519 2063 1669 2137; x_wconf 84' lang='lat' dir='ltr'><strong>indicem,</strong></span> <span class='ocrx_word' id='word_1_165' title='bbox 1701 2075 1734 2125; x_wconf 91' lang='lat' dir='ltr'><strong>ut</strong></span> 
     </span>
     <span class='ocr_line' id='line_1_19' title="bbox 412 2155 1734 2243; baseline -0.003 -22"><span class='ocrx_word' id='word_1_166' title='bbox 412 2155 442 2221; x_wconf 89' lang='lat' dir='ltr'><strong>in</strong></span> <span class='ocrx_word' id='word_1_167' title='bbox 461 2156 657 2239; x_wconf 86' lang='lat' dir='ltr'><strong>prohoemio</strong></span> <span class='ocrx_word' id='word_1_168' title='bbox 678 2156 880 2232; x_wconf 84' lang='lat' dir='ltr'><strong>dictumest,</strong></span> <span class='ocrx_word' id='word_1_169' title='bbox 903 2158 999 2221; x_wconf 89' lang='lat' dir='ltr'><strong>babet</strong></span> <span class='ocrx_word' id='word_1_170' title='bbox 1021 2159 1145 2243; x_wconf 89' lang='lat' dir='ltr'><strong>quidem</strong></span> <span class='ocrx_word' id='word_1_171' title='bbox 1166 2159 1328 2241; x_wconf 88' lang='lat' dir='ltr'><strong>exempla,</strong></span> <span class='ocrx_word' id='word_1_172' title='bbox 1353 2162 1409 2223; x_wconf 91' lang='lat' dir='ltr'><strong>sed</strong></span> <span class='ocrx_word' id='word_1_173' title='bbox 1433 2158 1557 2220; x_wconf 88' lang='lat' dir='ltr'><strong>minime</strong></span> <span class='ocrx_word' id='word_1_174' title='bbox 1581 2157 1734 2238; x_wconf 86' lang='lat' dir='ltr'><strong>probabi·</strong></span> 
     </span>
     <span class='ocr_line' id='line_1_20' title="bbox 411 2248 1734 2336; baseline 0.002 -25"><span class='ocrx_word' id='word_1_175' title='bbox 411 2248 486 2311; x_wconf 87' lang='lat' dir='ltr'><strong>liter</strong></span> <span class='ocrx_word' id='word_1_176' title='bbox 508 2248 545 2311; x_wconf 88' lang='lat' dir='ltr'><strong>fit</strong></span> <span class='ocrx_word' id='word_1_177' title='bbox 566 2251 786 2331; x_wconf 89' lang='lat' dir='ltr'><strong>apostrophe:</strong></span> <span class='ocrx_word' id='word_1_178' title='bbox 831 2249 982 2315; x_wconf 83' lang='lat' dir='ltr'><strong>allocutio</strong></span> <span class='ocrx_word' id='word_1_179' title='bbox 1004 2274 1133 2336; x_wconf 89' lang='lat' dir='ltr'><strong>quoque</strong></span> <span class='ocrx_word' id='word_1_180' title='bbox 1156 2274 1255 2335; x_wconf 86' lang='lat' dir='ltr'><strong>aeque</strong></span> <span class='ocrx_word' id='word_1_181' title='bbox 1271 2274 1422 2336; x_wconf 82' lang='lat' dir='ltr'><strong>perquam</strong></span> <span class='ocrx_word' id='word_1_182' title='bbox 1446 2274 1521 2315; x_wconf 86' lang='lat' dir='ltr'><strong>raro</strong></span> <span class='ocrx_word' id='word_1_183' title='bbox 1543 2252 1734 2314; x_wconf 90' lang='lat' dir='ltr'><strong>admittenda</strong></span> 
     </span>
     <span class='ocr_line' id='line_1_21' title="bbox 412 2342 1734 2425; baseline -0.001 -20"><span class='ocrx_word' id='word_1_184' title='bbox 412 2354 478 2418; x_wconf 87' lang='lat' dir='ltr'><strong>est,</strong></span> <span class='ocrx_word' id='word_1_185' title='bbox 504 2343 561 2405; x_wconf 87' lang='lat' dir='ltr'><strong>nisi</strong></span> <span class='ocrx_word' id='word_1_186' title='bbox 585 2343 636 2405; x_wconf 93' lang='lat' dir='ltr'><strong>ubi</strong></span> <span class='ocrx_word' id='word_1_187' title='bbox 659 2366 740 2425; x_wconf 89' lang='lat' dir='ltr'><strong>opus</strong></span> <span class='ocrx_word' id='word_1_188' title='bbox 764 2342 822 2409; x_wconf 90' lang='lat' dir='ltr'><strong>tibi</strong></span> <span class='ocrx_word' id='word_1_189' title='bbox 843 2356 875 2407; x_wconf 93' lang='lat' dir='ltr'><strong>et</strong></span> <span class='ocrx_word' id='word_1_190' title='bbox 898 2344 952 2407; x_wconf 89' lang='lat' dir='ltr'><strong>ubi</strong></span> <span class='ocrx_word' id='word_1_191' title='bbox 975 2348 1012 2407; x_wconf 89' lang='lat' dir='ltr'><strong>ad</strong></span> <span class='ocrx_word' id='word_1_192' title='bbox 1035 2344 1227 2407; x_wconf 85' lang='lat' dir='ltr'><strong>celeritatem</strong></span> <span class='ocrx_word' id='word_1_193' title='bbox 1250 2357 1281 2406; x_wconf 92' lang='lat' dir='ltr'><strong>et</strong></span> <span class='ocrx_word' id='word_1_194' title='bbox 1305 2348 1342 2406; x_wconf 87' lang='lat' dir='ltr'><strong>ad</strong></span> <span class='ocrx_word' id='word_1_195' title='bbox 1360 2346 1451 2407; x_wconf 84' lang='lat' dir='ltr'><strong>tidem</strong></span> <span class='ocrx_word' id='word_1_196' title='bbox 1468 2344 1635 2425; x_wconf 89' lang='lat' dir='ltr'><strong>plurimum</strong></span> <span class='ocrx_word' id='word_1_197' title='bbox 1657 2365 1734 2405; x_wconf 83' lang='lat' dir='ltr'><strong>rou·</strong></span> 
     </span>
     <span class='ocr_line' id='line_1_22' title="bbox 411 2436 1778 2521; baseline -0.004 -20"><span class='ocrx_word' id='word_1_198' title='bbox 411 2438 486 2501; x_wconf 85' lang='lat' dir='ltr'><strong>lert.</strong></span> <span class='ocrx_word' id='word_1_199' title='bbox 532 2440 576 2501; x_wconf 90' lang='lat' dir='ltr'><strong>Ut</strong></span> <span class='ocrx_word' id='word_1_200' title='bbox 608 2440 691 2521; x_wconf 87' lang='lat' dir='ltr'><strong>apud</strong></span> <span class='ocrx_word' id='word_1_201' title='bbox 722 2438 773 2501; x_wconf 85' lang='lat' dir='ltr'><strong>M.</strong></span> <span class='ocrx_word' id='word_1_202' title='bbox 806 2436 966 2512; x_wconf 76' lang='grc' dir='ltr'>ΤιιΗιιιιιι,</span> <span class='ocrx_word' id='word_1_203' title='bbox 1005 2451 1043 2503; x_wconf 84' lang='lat' dir='ltr'><strong>ut</strong></span> <span class='ocrx_word' id='word_1_204' title='bbox 1075 2440 1199 2515; x_wconf 84' lang='lat' dir='ltr'><strong>adeas,</strong></span> <span class='ocrx_word' id='word_1_205' title='bbox 1238 2450 1372 2502; x_wconf 87' lang='lat' dir='ltr'><strong>tanturn</strong></span> <span class='ocrx_word' id='word_1_206' title='bbox 1394 2440 1504 2503; x_wconf 85' lang='lat' dir='ltr'><strong>dabis.</strong></span> <span class='ocrx_word' id='word_1_207' title='bbox 1557 2436 1734 2503; x_wconf 87' lang='lat' dir='ltr'><strong>Plurimum</strong></span> <span class='ocrx_word' id='word_1_208' title='bbox 1746 2444 1778 2492; x_wconf 74' lang='lat'><strong>20</strong></span> 
     </span>
     <span class='ocr_line' id='line_1_23' title="bbox 410 2530 1735 2618; baseline 0 -27"><span class='ocrx_word' id='word_1_209' title='bbox 410 2530 533 2605; x_wconf 87' lang='lat' dir='ltr'><strong>relert,</strong></span> <span class='ocrx_word' id='word_1_210' title='bbox 557 2552 637 2614; x_wconf 91' lang='lat' dir='ltr'><strong>quae</strong></span> <span class='ocrx_word' id='word_1_211' title='bbox 661 2530 701 2593; x_wconf 91' lang='lat' dir='ltr'><strong>sit</strong></span> <span class='ocrx_word' id='word_1_212' title='bbox 724 2544 833 2593; x_wconf 87' lang='lat' dir='ltr'><strong>natura</strong></span> <span class='ocrx_word' id='word_1_213' title='bbox 850 2530 916 2595; x_wconf 86' lang='lat' dir='ltr'><strong>eius</strong></span> <span class='ocrx_word' id='word_1_214' title='bbox 938 2530 1003 2609; x_wconf 87' lang='lat' dir='ltr'><strong>rei,</strong></span> <span class='ocrx_word' id='word_1_215' title='bbox 1029 2554 1123 2618; x_wconf 90' lang='lat' dir='ltr'><strong>quam</strong></span> <span class='ocrx_word' id='word_1_216' title='bbox 1139 2532 1349 2615; x_wconf 86' lang='lat' dir='ltr'><strong>exponimus:</strong></span> <span class='ocrx_word' id='word_1_217' title='bbox 1374 2544 1408 2593; x_wconf 94' lang='lat' dir='ltr'><strong>ut</strong></span> <span class='ocrx_word' id='word_1_218' title='bbox 1430 2532 1461 2594; x_wconf 90' lang='lat' dir='ltr'><strong>in</strong></span> <span class='ocrx_word' id='word_1_219' title='bbox 1481 2531 1614 2613; x_wconf 83' lang='lat' dir='ltr'><strong>privatis</strong></span> <span class='ocrx_word' id='word_1_220' title='bbox 1636 2552 1735 2612; x_wconf 89' lang='lat' dir='ltr'><strong>quae·</strong></span> 
     </span>
     <span class='ocr_line' id='line_1_24' title="bbox 412 2622 1732 2707; baseline 0.002 -22"><span class='ocrx_word' id='word_1_221' title='bbox 412 2622 569 2688; x_wconf 88' lang='lat' dir='ltr'><strong>stionibus</strong></span> <span class='ocrx_word' id='word_1_222' title='bbox 590 2646 718 2705; x_wconf 86' lang='lat' dir='ltr'><strong>pressus</strong></span> <span class='ocrx_word' id='word_1_223' title='bbox 739 2637 770 2687; x_wconf 90' lang='lat' dir='ltr'><strong>et</strong></span> <span class='ocrx_word' id='word_1_224' title='bbox 795 2625 879 2688; x_wconf 83' lang='lat' dir='ltr'><strong>relut</strong></span> <span class='ocrx_word' id='word_1_225' title='bbox 898 2625 1067 2707; x_wconf 86' lang='lat' dir='ltr'><strong>applicitus</strong></span> <span class='ocrx_word' id='word_1_226' title='bbox 1089 2628 1136 2690; x_wconf 87' lang='lat' dir='ltr'><strong>rei</strong></span> <span class='ocrx_word' id='word_1_227' title='bbox 1161 2627 1200 2703; x_wconf 81' lang='lat' dir='ltr'><strong>sit</strong></span> <span class='ocrx_word' id='word_1_228' title='bbox 1222 2627 1340 2689; x_wconf 86' lang='lat' dir='ltr'><strong>cultus.</strong></span> <span class='ocrx_word' id='word_1_229' title='bbox 1393 2628 1431 2689; x_wconf 92' lang='lat' dir='ltr'><strong>ln</strong></span> <span class='ocrx_word' id='word_1_230' title='bbox 1457 2626 1580 2702; x_wconf 83' lang='lat' dir='ltr'><strong>verbis,</strong></span> <span class='ocrx_word' id='word_1_231' title='bbox 1620 2636 1732 2705; x_wconf 87' lang='lat' dir='ltr'><strong>utpote</strong></span> 
     </span>
     <span class='ocr_line' id='line_1_25' title="bbox 412 2717 1736 2805; baseline 0.002 -27"><span class='ocrx_word' id='word_1_232' title='bbox 412 2739 505 2801; x_wconf 91' lang='lat' dir='ltr'><strong>quam</strong></span> <span class='ocrx_word' id='word_1_233' title='bbox 528 2717 668 2799; x_wconf 88' lang='lat' dir='ltr'><strong>propriis</strong></span> <span class='ocrx_word' id='word_1_234' title='bbox 691 2728 722 2780; x_wconf 93' lang='lat' dir='ltr'><strong>et</strong></span> <span class='ocrx_word' id='word_1_235' title='bbox 744 2719 989 2783; x_wconf 82' lang='lat' dir='ltr'><strong>accommodatis</strong></span> <span class='ocrx_word' id='word_1_236' title='bbox 1012 2732 1043 2783; x_wconf 89' lang='lat' dir='ltr'><strong>et</strong></span> <span class='ocrx_word' id='word_1_237' title='bbox 1066 2742 1185 2783; x_wconf 89' lang='lat' dir='ltr'><strong>summa</strong></span> <span class='ocrx_word' id='word_1_238' title='bbox 1207 2721 1367 2805; x_wconf 83' lang='lat' dir='ltr'><strong>diligentia</strong></span> <span class='ocrx_word' id='word_1_239' title='bbox 1390 2718 1575 2793; x_wconf 86' lang='lat' dir='ltr'><strong>delineatis,</strong></span> <span class='ocrx_word' id='word_1_240' title='bbox 1601 2738 1736 2797; x_wconf 88' lang='lat' dir='ltr'><strong>compo-</strong></span> 
     </span>
     <span class='ocr_line' id='line_1_26' title="bbox 412 2810 1733 2899; baseline 0.001 -27"><span class='ocrx_word' id='word_1_241' title='bbox 412 2810 484 2874; x_wconf 88' lang='lat' dir='ltr'><strong>sitio</strong></span> <span class='ocrx_word' id='word_1_242' title='bbox 511 2810 703 2874; x_wconf 89' lang='lat' dir='ltr'><strong>dissimulata</strong></span> <span class='ocrx_word' id='word_1_243' title='bbox 726 2812 870 2895; x_wconf 89' lang='lat' dir='ltr'><strong>quidem,</strong></span> <span class='ocrx_word' id='word_1_244' title='bbox 904 2814 959 2875; x_wconf 91' lang='lat' dir='ltr'><strong>sed</strong></span> <span class='ocrx_word' id='word_1_245' title='bbox 985 2826 1088 2876; x_wconf 88' lang='lat' dir='ltr'><strong>tamen</strong></span> <span class='ocrx_word' id='word_1_246' title='bbox 1115 2838 1209 2899; x_wconf 87' lang='lat' dir='ltr'><strong>quam</strong></span> <span class='ocrx_word' id='word_1_247' title='bbox 1240 2814 1317 2877; x_wconf 91' lang='lat' dir='ltr'><strong>lenis</strong></span> <span class='ocrx_word' id='word_1_248' title='bbox 1350 2826 1382 2877; x_wconf 90' lang='lat' dir='ltr'><strong>et</strong></span> <span class='ocrx_word' id='word_1_249' title='bbox 1416 2813 1539 2895; x_wconf 86' lang='lat' dir='ltr'><strong>placida</strong></span> <span class='ocrx_word' id='word_1_250' title='bbox 1573 2815 1733 2874; x_wconf 90' lang='lat' dir='ltr'><strong>decurrat.</strong></span> 
     </span>
     <span class='ocr_line' id='line_1_27' title="bbox 414 2904 1778 2989; baseline -0.001 -21"><span class='ocrx_word' id='word_1_251' title='bbox 414 2904 554 2989; x_wconf 82' lang='lat' dir='ltr'><strong>Figurae</strong></span> <span class='ocrx_word' id='word_1_252' title='bbox 582 2909 751 2970; x_wconf 87' lang='lat' dir='ltr'><strong>verborum</strong></span> <span class='ocrx_word' id='word_1_253' title='bbox 769 2928 831 2970; x_wconf 87' lang='grc' dir='ltr'>ιιοιι</span> <span class='ocrx_word' id='word_1_254' title='bbox 854 2906 924 2970; x_wconf 89' lang='lat' dir='ltr'><strong>illae</strong></span> <span class='ocrx_word' id='word_1_255' title='bbox 946 2909 1094 2988; x_wconf 85' lang='lat' dir='ltr'><strong>po&#39;e’ticae</strong></span> <span class='ocrx_word' id='word_1_256' title='bbox 1110 2922 1141 2972; x_wconf 88' lang='lat' dir='ltr'><strong>et</strong></span> <span class='ocrx_word' id='word_1_257' title='bbox 1162 2920 1273 2972; x_wconf 90' lang='lat' dir='ltr'><strong>contra</strong></span> <span class='ocrx_word' id='word_1_258' title='bbox 1289 2911 1443 2971; x_wconf 89' lang='lat' dir='ltr'><strong>rationem</strong></span> <span class='ocrx_word' id='word_1_259' title='bbox 1460 2904 1610 2988; x_wconf 86' lang='lat' dir='ltr'><strong>loquendi</strong></span> <span class='ocrx_word' id='word_1_260' title='bbox 1624 2916 1735 2967; x_wconf 78' lang='lat' dir='ltr'><strong>arneto·</strong></span> <span class='ocrx_word' id='word_1_261' title='bbox 1747 2910 1778 2957; x_wconf 81' lang='lat'><strong>²⁵</strong></span> 
     </span>
     <span class='ocr_line' id='line_1_28' title="bbox 413 3000 1767 3083; baseline -0.004 -22"><span class='ocrx_word' id='word_1_262' title='bbox 413 3000 506 3062; x_wconf 87' lang='lat' dir='ltr'><strong>ritate</strong></span> <span class='ocrx_word' id='word_1_263' title='bbox 531 3011 671 3063; x_wconf 84' lang='lat' dir='ltr'><strong>veterum</strong></span> <span class='ocrx_word' id='word_1_264' title='bbox 697 3012 861 3081; x_wconf 84' lang='lat' dir='ltr'><strong>receptae:</strong></span> <span class='ocrx_word' id='word_1_265' title='bbox 885 3002 977 3062; x_wconf 90' lang='lat' dir='ltr'><strong>debet</strong></span> <span class='ocrx_word' id='word_1_266' title='bbox 1004 3002 1084 3065; x_wconf 88' lang='lat' dir='ltr'><strong>enim</strong></span> <span class='ocrx_word' id='word_1_267' title='bbox 1103 3001 1384 3083; x_wconf 84' lang='lat' dir='ltr'><strong>essepurissimus</strong></span> <span class='ocrx_word' id='word_1_268' title='bbox 1403 3021 1536 3073; x_wconf 76' lang='lat' dir='ltr'><strong>serino:</strong></span> <span class='ocrx_word' id='word_1_269' title='bbox 1581 3021 1639 3061; x_wconf 88' lang='lat' dir='ltr'><strong>nec</strong></span> <span class='ocrx_word' id='word_1_270' title='bbox 1657 3018 1735 3060; x_wconf 90' lang='lat' dir='ltr'><strong>rero</strong></span> <span class='ocrx_word' id='word_1_271' title='bbox 1762 3042 1767 3055; x_wconf 91' lang='lat'><strong>.</strong></span> 
     </span>
     <span class='ocr_line' id='line_1_29' title="bbox 412 3091 1736 3176; baseline -0.002 -20"><span class='ocrx_word' id='word_1_272' title='bbox 412 3092 443 3157; x_wconf 91' lang='lat' dir='ltr'><strong>in</strong></span> <span class='ocrx_word' id='word_1_273' title='bbox 468 3097 599 3155; x_wconf 89' lang='lat' dir='ltr'><strong>eundem</strong></span> <span class='ocrx_word' id='word_1_274' title='bbox 623 3114 729 3155; x_wconf 87' lang='lat' dir='ltr'><strong>casnm</strong></span> <span class='ocrx_word' id='word_1_275' title='bbox 762 3092 854 3156; x_wconf 88' lang='lat' dir='ltr'><strong>simili</strong></span> <span class='ocrx_word' id='word_1_276' title='bbox 875 3094 1108 3175; x_wconf 79' lang='lat' dir='ltr'><strong>cnrrrpositione</strong></span> <span class='ocrx_word' id='word_1_277' title='bbox 1130 3116 1225 3176; x_wconf 88' lang='lat' dir='ltr'><strong>pares</strong></span> <span class='ocrx_word' id='word_1_278' title='bbox 1255 3094 1470 3157; x_wconf 88' lang='lat' dir='ltr'><strong>elocutionum</strong></span> <span class='ocrx_word' id='word_1_279' title='bbox 1504 3104 1623 3155; x_wconf 86' lang='lat' dir='ltr'><strong>tractus</strong></span> <span class='ocrx_word' id='word_1_280' title='bbox 1658 3091 1736 3153; x_wconf 83' lang='lat' dir='ltr'><strong>inei·</strong></span> 
     </span>
     <span class='ocr_line' id='line_1_30' title="bbox 413 3185 1736 3275; baseline -0.002 -26"><span class='ocrx_word' id='word_1_281' title='bbox 413 3190 500 3251; x_wconf 90' lang='lat' dir='ltr'><strong>dant.</strong></span> <span class='ocrx_word' id='word_1_282' title='bbox 545 3186 608 3253; x_wconf 87' lang='lat' dir='ltr'><strong>Ubi</strong></span> <span class='ocrx_word' id='word_1_283' title='bbox 631 3200 733 3249; x_wconf 89' lang='lat' dir='ltr'><strong>autem</strong></span> <span class='ocrx_word' id='word_1_284' title='bbox 759 3188 861 3275; x_wconf 87' lang='lat' dir='ltr'><strong>maior</strong></span> <span class='ocrx_word' id='word_1_285' title='bbox 883 3209 934 3251; x_wconf 88' lang='lat' dir='ltr'><strong>res</strong></span> <span class='ocrx_word' id='word_1_286' title='bbox 953 3186 1031 3262; x_wconf 87' lang='lat' dir='ltr'><strong>erit,</strong></span> <span class='ocrx_word' id='word_1_287' title='bbox 1058 3198 1089 3251; x_wconf 88' lang='lat' dir='ltr'><strong>et</strong></span> <span class='ocrx_word' id='word_1_288' title='bbox 1107 3186 1227 3253; x_wconf 88' lang='lat' dir='ltr'><strong>atrocia</strong></span> <span class='ocrx_word' id='word_1_289' title='bbox 1250 3186 1408 3251; x_wconf 88' lang='lat' dir='ltr'><strong>invidiose</strong></span> <span class='ocrx_word' id='word_1_290' title='bbox 1431 3198 1462 3249; x_wconf 91' lang='lat' dir='ltr'><strong>et</strong></span> <span class='ocrx_word' id='word_1_291' title='bbox 1484 3186 1584 3249; x_wconf 86' lang='lat' dir='ltr'><strong>tristia</strong></span> <span class='ocrx_word' id='word_1_292' title='bbox 1607 3185 1736 3249; x_wconf 82' lang='lat' dir='ltr'><strong>misera·</strong></span> 
     </span>
     <span class='ocr_line' id='line_1_31' title="bbox 412 3278 1737 3357; baseline -0.003 -14"><span class='ocrx_word' id='word_1_293' title='bbox 412 3282 519 3345; x_wconf 87' lang='lat' dir='ltr'><strong>biliter</strong></span> <span class='ocrx_word' id='word_1_294' title='bbox 542 3280 648 3344; x_wconf 89' lang='lat' dir='ltr'><strong>dicere</strong></span> <span class='ocrx_word' id='word_1_295' title='bbox 672 3280 796 3356; x_wconf 89' lang='lat' dir='ltr'><strong>licebit,</strong></span> <span class='ocrx_word' id='word_1_296' title='bbox 823 3304 886 3346; x_wconf 91' lang='lat' dir='ltr'><strong>non</strong></span> <span class='ocrx_word' id='word_1_297' title='bbox 913 3294 945 3345; x_wconf 93' lang='lat' dir='ltr'><strong>ut</strong></span> <span class='ocrx_word' id='word_1_298' title='bbox 964 3292 1167 3344; x_wconf 86' lang='lat' dir='ltr'><strong>consumatur</strong></span> <span class='ocrx_word' id='word_1_299' title='bbox 1188 3282 1340 3354; x_wconf 79' lang='lat' dir='ltr'><strong>affectus,</strong></span> <span class='ocrx_word' id='word_1_300' title='bbox 1364 3283 1421 3343; x_wconf 90' lang='lat' dir='ltr'><strong>sed</strong></span> <span class='ocrx_word' id='word_1_301' title='bbox 1440 3290 1543 3341; x_wconf 90' lang='lat' dir='ltr'><strong>tamen</strong></span> <span class='ocrx_word' id='word_1_302' title='bbox 1566 3282 1653 3341; x_wconf 86' lang='lat' dir='ltr'><strong>relat</strong></span> <span class='ocrx_word' id='word_1_303' title='bbox 1669 3278 1737 3357; x_wconf 88' lang='lat' dir='ltr'><strong>pri·</strong></span> 
     </span>
     <span class='ocr_line' id='line_1_32' title="bbox 413 3374 1783 3461; baseline -0.004 -24"><span class='ocrx_word' id='word_1_304' title='bbox 413 3375 469 3437; x_wconf 83' lang='lat' dir='ltr'><strong>nais</strong></span> <span class='ocrx_word' id='word_1_305' title='bbox 491 3375 580 3439; x_wconf 87' lang='lat' dir='ltr'><strong>lineis</strong></span> <span class='ocrx_word' id='word_1_306' title='bbox 603 3375 811 3458; x_wconf 77' lang='lat' dir='ltr'><strong>designetur,</strong></span> <span class='ocrx_word' id='word_1_307' title='bbox 835 3389 887 3451; x_wconf 86' lang='lat' dir='ltr'><strong>ut,</strong></span> <span class='ocrx_word' id='word_1_308' title='bbox 911 3377 1013 3461; x_wconf 88' lang='lat' dir='ltr'><strong>qualis</strong></span> <span class='ocrx_word' id='word_1_309' title='bbox 1032 3374 1139 3439; x_wconf 89' lang='lat' dir='ltr'><strong>lutura</strong></span> <span class='ocrx_word' id='word_1_310' title='bbox 1160 3375 1199 3437; x_wconf 85' lang='lat' dir='ltr'><strong>sit</strong></span> <span class='ocrx_word' id='word_1_311' title='bbox 1221 3375 1329 3457; x_wconf 85' lang='lat' dir='ltr'><strong>imago</strong></span> <span class='ocrx_word' id='word_1_312' title='bbox 1353 3374 1416 3446; x_wconf 88' lang='lat' dir='ltr'><strong>rei,</strong></span> <span class='ocrx_word' id='word_1_313' title='bbox 1440 3374 1546 3435; x_wconf 89' lang='lat' dir='ltr'><strong>statim</strong></span> <span class='ocrx_word' id='word_1_314' title='bbox 1570 3384 1735 3453; x_wconf 84' lang='lat' dir='ltr'><strong>appareat.</strong></span> <span class='ocrx_word' id='word_1_315' title='bbox 1748 3396 1783 3443; x_wconf 60' lang='lat'><strong>32</strong></span> 
     </span>
     <span class='ocr_line' id='line_1_33' title="bbox 412 3467 1737 3553; baseline -0.005 -20"><span class='ocrx_word' id='word_1_316' title='bbox 412 3468 543 3553; x_wconf 86' lang='lat' dir='ltr'><strong>lamque</strong></span> <span class='ocrx_word' id='word_1_317' title='bbox 572 3471 622 3532; x_wconf 88' lang='lat' dir='ltr'><strong>rel</strong></span> <span class='ocrx_word' id='word_1_318' title='bbox 645 3470 721 3531; x_wconf 88' lang='lat' dir='ltr'><strong>iram</strong></span> <span class='ocrx_word' id='word_1_319' title='bbox 747 3471 797 3533; x_wconf 85' lang='lat' dir='ltr'><strong>vel</strong></span> <span class='ocrx_word' id='word_1_320' title='bbox 826 3470 1074 3534; x_wconf 85' lang='lat' dir='ltr'><strong>misericordiam</strong></span> <span class='ocrx_word' id='word_1_321' title='bbox 1102 3470 1154 3535; x_wconf 87' lang='lat' dir='ltr'><strong>vel</strong></span> <span class='ocrx_word' id='word_1_322' title='bbox 1184 3470 1349 3553; x_wconf 81' lang='lat' dir='ltr'><strong>quodlibet</strong></span> <span class='ocrx_word' id='word_1_323' title='bbox 1370 3467 1453 3529; x_wconf 89' lang='lat' dir='ltr'><strong>aliud</strong></span> <span class='ocrx_word' id='word_1_324' title='bbox 1472 3468 1503 3529; x_wconf 90' lang='lat' dir='ltr'><strong>in</strong></span> <span class='ocrx_word' id='word_1_325' title='bbox 1526 3467 1629 3531; x_wconf 86' lang='lat' dir='ltr'><strong>iudice</strong></span> <span class='ocrx_word' id='word_1_326' title='bbox 1655 3489 1737 3547; x_wconf 78' lang='lat' dir='ltr'><strong>optas</strong></span> 
     </span>
     <span class='ocr_line' id='line_1_34' title="bbox 411 3560 1736 3647; baseline -0.001 -23"><span class='ocrx_word' id='word_1_327' title='bbox 411 3560 524 3636; x_wconf 86' lang='lat' dir='ltr'><strong>luerit,</strong></span> <span class='ocrx_word' id='word_1_328' title='bbox 550 3563 664 3625; x_wconf 88' lang='lat' dir='ltr'><strong>ceteris</strong></span> <span class='ocrx_word' id='word_1_329' title='bbox 684 3563 829 3645; x_wconf 88' lang='lat' dir='ltr'><strong>partibus</strong></span> <span class='ocrx_word' id='word_1_330' title='bbox 850 3584 1089 3647; x_wconf 84' lang='lat' dir='ltr'><strong>praeparemus.</strong></span> <span class='ocrx_word' id='word_1_331' title='bbox 1134 3561 1304 3625; x_wconf 88' lang='lat' dir='ltr'><strong>Sententiis</strong></span> <span class='ocrx_word' id='word_1_332' title='bbox 1323 3583 1452 3645; x_wconf 85' lang='lat' dir='ltr'><strong>quoque</strong></span> <span class='ocrx_word' id='word_1_333' title='bbox 1470 3561 1634 3641; x_wconf 77' lang='lat' dir='ltr'><strong>fatigatam</strong></span> <span class='ocrx_word' id='word_1_334' title='bbox 1658 3562 1736 3625; x_wconf 89' lang='lat' dir='ltr'><strong>iudi-</strong></span> 
     </span>
     <span class='ocr_line' id='line_1_35' title="bbox 412 3655 1734 3738; baseline -0.001 -21"><span class='ocrx_word' id='word_1_335' title='bbox 412 3656 457 3719; x_wconf 87' lang='lat' dir='ltr'><strong>cis</strong></span> <span class='ocrx_word' id='word_1_336' title='bbox 473 3656 677 3719; x_wconf 88' lang='lat' dir='ltr'><strong>intentionem</strong></span> <span class='ocrx_word' id='word_1_337' title='bbox 693 3655 781 3720; x_wconf 89' lang='lat' dir='ltr'><strong>relici</strong></span> <span class='ocrx_word' id='word_1_338' title='bbox 792 3668 932 3738; x_wconf 88' lang='lat' dir='ltr'><strong>oportet,</strong></span> <span class='ocrx_word' id='word_1_339' title='bbox 951 3657 1125 3721; x_wconf 75' lang='lat' dir='ltr'><strong>etmaxinm</strong></span> <span class='ocrx_word' id='word_1_340' title='bbox 1139 3657 1229 3721; x_wconf 86' lang='lat' dir='ltr'><strong>brevi</strong></span> <span class='ocrx_word' id='word_1_341' title='bbox 1241 3656 1474 3730; x_wconf 88' lang='lat' dir='ltr'><strong>interiectione,</strong></span> <span class='ocrx_word' id='word_1_342' title='bbox 1493 3656 1593 3737; x_wconf 88' lang='lat' dir='ltr'><strong>qualis</strong></span> <span class='ocrx_word' id='word_1_343' title='bbox 1601 3667 1648 3719; x_wconf 91' lang='lat' dir='ltr'><strong>est</strong></span> <span class='ocrx_word' id='word_1_344' title='bbox 1661 3655 1734 3716; x_wconf 89' lang='lat' dir='ltr'><strong>illa:</strong></span> 
     </span>
    </p>
   </div>
   <div class='ocr_carea' id='block_1_4' title="bbox 402 3738 1737 3843">
    <p class='ocr_par' dir='ltr' id='par_1_4' title="bbox 402 3738 1737 3843">
     <span class='ocr_line' id='line_1_36' title="bbox 402 3738 1737 3843; baseline -0.003 -30"><span class='ocrx_word' id='word_1_345' title='bbox 402 3749 576 3843; x_wconf 83' lang='lat' dir='ltr'><strong>fecerunt</strong></span> <span class='ocrx_word' id='word_1_346' title='bbox 585 3750 675 3813; x_wconf 87' lang='lat' dir='ltr'><strong>servi</strong></span> <span class='ocrx_word' id='word_1_347' title='bbox 683 3750 841 3825; x_wconf 85' lang='lat' dir='ltr'><strong>Milonis,</strong></span> <span class='ocrx_word' id='word_1_348' title='bbox 852 3738 1029 3835; x_wconf 79' lang='lat' dir='ltr'><strong>quotisuos</strong></span> <span class='ocrx_word' id='word_1_349' title='bbox 1038 3753 1180 3837; x_wconf 84' lang='lat' dir='ltr'><strong>quisque</strong></span> <span class='ocrx_word' id='word_1_350' title='bbox 1189 3773 1307 3815; x_wconf 85' lang='lat' dir='ltr'><strong>servos</strong></span> <span class='ocrx_word' id='word_1_351' title='bbox 1319 3751 1354 3813; x_wconf 90' lang='lat' dir='ltr'><strong>in</strong></span> <span class='ocrx_word' id='word_1_352' title='bbox 1367 3774 1404 3813; x_wconf 88' lang='lat' dir='ltr'><strong>re</strong></span> <span class='ocrx_word' id='word_1_353' title='bbox 1411 3749 1474 3814; x_wconf 87' lang='lat' dir='ltr'><strong>tali</strong></span> <span class='ocrx_word' id='word_1_354' title='bbox 1470 3748 1602 3839; x_wconf 81' lang='lat' dir='ltr'><strong>farere</strong></span> <span class='ocrx_word' id='word_1_355' title='bbox 1610 3748 1737 3813; x_wconf 68' lang='lat' dir='ltr'><strong>voltus·</strong></span> 
     </span>
    </p>
   </div>
   <div class='ocr_carea' id='block_1_5' title="bbox 411 3840 1780 4396">
    <p class='ocr_par' dir='ltr' id='par_1_5' title="bbox 411 3840 1780 4396">
     <span class='ocr_line' id='line_1_37' title="bbox 412 3840 1780 3928; baseline 0 -21"><span class='ocrx_word' id='word_1_356' title='bbox 412 3858 490 3920; x_wconf 86' lang='lat' dir='ltr'><strong>set;</strong></span> <span class='ocrx_word' id='word_1_357' title='bbox 535 3864 758 3928; x_wconf 89' lang='lat' dir='ltr'><strong>nonnunquam</strong></span> <span class='ocrx_word' id='word_1_358' title='bbox 780 3854 811 3905; x_wconf 90' lang='lat' dir='ltr'><strong>et</strong></span> <span class='ocrx_word' id='word_1_359' title='bbox 838 3844 988 3920; x_wconf 85' lang='lat' dir='ltr'><strong>liberior,</strong></span> <span class='ocrx_word' id='word_1_360' title='bbox 1027 3856 1060 3907; x_wconf 90' lang='lat' dir='ltr'><strong>ut</strong></span> <span class='ocrx_word' id='word_1_361' title='bbox 1089 3858 1156 3908; x_wconf 88' lang='lat' dir='ltr'><strong>est:</strong></span> <span class='ocrx_word' id='word_1_362' title='bbox 1191 3846 1288 3909; x_wconf 87' lang='lat' dir='ltr'><strong>nubit</strong></span> <span class='ocrx_word' id='word_1_363' title='bbox 1306 3865 1436 3928; x_wconf 79' lang='lat' dir='ltr'><strong>genero</strong></span> <span class='ocrx_word' id='word_1_364' title='bbox 1457 3863 1597 3916; x_wconf 82' lang='lat' dir='ltr'><strong>socrus,</strong></span> <span class='ocrx_word' id='word_1_365' title='bbox 1633 3840 1780 3907; x_wconf 74' lang='lat' dir='ltr'><strong>nullists</strong></span> 
     </span>
     <span class='ocr_line' id='line_1_38' title="bbox 411 3934 1735 4031; baseline -0.002 -32"><span class='ocrx_word' id='word_1_366' title='bbox 411 3937 627 4018; x_wconf 76' lang='lat' dir='ltr'><strong>aruspicibus,</strong></span> <span class='ocrx_word' id='word_1_367' title='bbox 662 3938 765 4002; x_wconf 90' lang='lat' dir='ltr'><strong>nullis</strong></span> <span class='ocrx_word' id='word_1_368' title='bbox 794 3939 1011 4013; x_wconf 76' lang='lat' dir='ltr'><strong>asertoribus,</strong></span> <span class='ocrx_word' id='word_1_369' title='bbox 1024 3937 1189 4031; x_wconf 84' lang='lat' dir='ltr'><strong>funestis</strong></span> <span class='ocrx_word' id='word_1_370' title='bbox 1209 3940 1381 4005; x_wconf 87' lang='lat' dir='ltr'><strong>ominibus</strong></span> <span class='ocrx_word' id='word_1_371' title='bbox 1399 3937 1565 4001; x_wconf 85' lang='lat' dir='ltr'><strong>omniurn.</strong></span> <span class='ocrx_word' id='word_1_372' title='bbox 1625 3934 1735 3997; x_wconf 83' lang='lat' dir='ltr'><strong>Finem</strong></span> 
     </span>
     <span class='ocr_line' id='line_1_39' title="bbox 415 4028 1733 4115; baseline -0.002 -22"><span class='ocrx_word' id='word_1_373' title='bbox 415 4032 564 4094; x_wconf 88' lang='lat' dir='ltr'><strong>narrandi</strong></span> <span class='ocrx_word' id='word_1_374' title='bbox 593 4030 717 4111; x_wconf 92' lang='lat' dir='ltr'><strong>quidam</strong></span> <span class='ocrx_word' id='word_1_375' title='bbox 746 4030 853 4095; x_wconf 91' lang='lat' dir='ltr'><strong>dieunt</strong></span> <span class='ocrx_word' id='word_1_376' title='bbox 882 4036 1115 4115; x_wconf 86' lang='lat' dir='ltr'><strong>perducendum</strong></span> <span class='ocrx_word' id='word_1_377' title='bbox 1139 4054 1209 4096; x_wconf 89' lang='lat' dir='ltr'><strong>esse</strong></span> <span class='ocrx_word' id='word_1_378' title='bbox 1232 4054 1291 4109; x_wconf 88' lang='lat' dir='ltr'><strong>eo,</strong></span> <span class='ocrx_word' id='word_1_379' title='bbox 1328 4035 1410 4095; x_wconf 74' lang='lat' dir='ltr'><strong>rende</strong></span> <span class='ocrx_word' id='word_1_380' title='bbox 1437 4029 1581 4113; x_wconf 86' lang='lat' dir='ltr'><strong>quaestio</strong></span> <span class='ocrx_word' id='word_1_381' title='bbox 1608 4028 1733 4095; x_wconf 69' lang='lat' dir='ltr'><strong>oritura</strong></span> 
     </span>
     <span class='ocr_line' id='line_1_40' title="bbox 414 4122 1736 4209; baseline -0.003 -22"><span class='ocrx_word' id='word_1_382' title='bbox 414 4137 467 4200; x_wconf 87' lang='lat' dir='ltr'><strong>nt,</strong></span> <span class='ocrx_word' id='word_1_383' title='bbox 502 4125 556 4187; x_wconf 80' lang='lat' dir='ltr'><strong>bis</strong></span> <span class='ocrx_word' id='word_1_384' title='bbox 580 4126 679 4188; x_wconf 85' lang='lat' dir='ltr'><strong>rebus</strong></span> <span class='ocrx_word' id='word_1_385' title='bbox 710 4127 761 4189; x_wconf 89' lang='lat' dir='ltr'><strong>ita</strong></span> <span class='ocrx_word' id='word_1_386' title='bbox 789 4126 898 4209; x_wconf 80' lang='lat' dir='ltr'><strong>gestis</strong></span> <span class='ocrx_word' id='word_1_387' title='bbox 927 4125 1067 4189; x_wconf 82' lang='lat' dir='ltr'><strong>Publius</strong></span> <span class='ocrx_word' id='word_1_388' title='bbox 1098 4127 1279 4191; x_wconf 81' lang='lat' dir='ltr'><strong>Dolabella</strong></span> <span class='ocrx_word' id='word_1_389' title='bbox 1308 4136 1452 4207; x_wconf 86' lang='lat' dir='ltr'><strong>praetor</strong></span> <span class='ocrx_word' id='word_1_390' title='bbox 1487 4122 1671 4185; x_wconf 79' lang='lat' dir='ltr'><strong>interdixit</strong></span> <span class='ocrx_word' id='word_1_391' title='bbox 1703 4134 1736 4185; x_wconf 87' lang='lat' dir='ltr'><strong>et</strong></span> 
     </span>
     <span class='ocr_line' id='line_1_41' title="bbox 412 4214 1736 4304; baseline -0.003 -23"><span class='ocrx_word' id='word_1_392' title='bbox 412 4230 520 4281; x_wconf 84' lang='lat' dir='ltr'><strong>cetera</strong></span> <span class='ocrx_word' id='word_1_393' title='bbox 544 4218 678 4283; x_wconf 90' lang='lat' dir='ltr'><strong>deinde:</strong></span> <span class='ocrx_word' id='word_1_394' title='bbox 712 4244 759 4284; x_wconf 86' lang='lat' dir='ltr'><strong>eac</strong></span> <span class='ocrx_word' id='word_1_395' title='bbox 789 4222 852 4283; x_wconf 80' lang='lat' dir='ltr'><strong>bac</strong></span> <span class='ocrx_word' id='word_1_396' title='bbox 872 4219 1069 4304; x_wconf 78' lang='lat' dir='ltr'><strong>quaestione</strong></span> <span class='ocrx_word' id='word_1_397' title='bbox 1092 4218 1185 4283; x_wconf 85' lang='lat' dir='ltr'><strong>nobis</strong></span> <span class='ocrx_word' id='word_1_398' title='bbox 1214 4217 1435 4282; x_wconf 81' lang='lat' dir='ltr'><strong>iudicandum</strong></span> <span class='ocrx_word' id='word_1_399' title='bbox 1463 4226 1528 4280; x_wconf 83' lang='lat' dir='ltr'><strong>est.</strong></span> <span class='ocrx_word' id='word_1_400' title='bbox 1574 4214 1670 4295; x_wconf 90' lang='lat' dir='ltr'><strong>Qnod</strong></span> <span class='ocrx_word' id='word_1_401' title='bbox 1693 4216 1736 4277; x_wconf 87' lang='lat' dir='ltr'><strong>ait</strong></span> 
     </span>
     <span class='ocr_line' id='line_1_42' title="bbox 414 4310 1779 4396; baseline -0.002 -23"><span class='ocrx_word' id='word_1_402' title='bbox 414 4310 631 4391; x_wconf 83' lang='lat' dir='ltr'><strong>Quintilianus</strong></span> <span class='ocrx_word' id='word_1_403' title='bbox 664 4334 681 4375; x_wconf 88' lang='lat' dir='ltr'><strong>a</strong></span> <span class='ocrx_word' id='word_1_404' title='bbox 707 4312 845 4396; x_wconf 86' lang='lat' dir='ltr'><strong>petitore</strong></span> <span class='ocrx_word' id='word_1_405' title='bbox 865 4333 991 4394; x_wconf 85' lang='lat' dir='ltr'><strong>semper</strong></span> <span class='ocrx_word' id='word_1_406' title='bbox 1012 4312 1083 4377; x_wconf 82' lang='lat' dir='ltr'><strong>lieri</strong></span> <span class='ocrx_word' id='word_1_407' title='bbox 1106 4334 1226 4395; x_wconf 85' lang='lat' dir='ltr'><strong>posse,</strong></span> <span class='ocrx_word' id='word_1_408' title='bbox 1269 4312 1486 4376; x_wconf 81' lang='lat' dir='ltr'><strong>adelensors</strong></span> <span class='ocrx_word' id='word_1_409' title='bbox 1510 4332 1573 4374; x_wconf 89' lang='lat' dir='ltr'><strong>non</strong></span> <span class='ocrx_word' id='word_1_410' title='bbox 1594 4323 1779 4390; x_wconf 61' lang='lat' dir='ltr'><strong>serapeum</strong></span> 
     </span>
    </p>
   </div>
   <div class='ocr_carea' id='block_1_6' title="bbox 502 4551 1734 4693">
    <p class='ocr_par' dir='ltr' id='par_1_6' title="bbox 502 4551 1734 4693">
     <span class='ocr_line' id='line_1_43' title="bbox 502 4551 1734 4624; baseline -0.001 -17"><span class='ocrx_word' id='word_1_411' title='bbox 502 4562 525 4608; x_wconf 90' lang='lat' dir='ltr'><strong>l.</strong></span> <span class='ocrx_word' id='word_1_412' title='bbox 544 4562 605 4609; x_wconf 74' lang='lat' dir='ltr'><strong>Cael.</strong></span> <span class='ocrx_word' id='word_1_413' title='bbox 625 4562 695 4624; x_wconf 76' lang='lat' dir='ltr'><strong>qaid.</strong></span> <span class='ocrx_word' id='word_1_414' title='bbox 733 4562 757 4609; x_wconf 82' lang='grc'><strong>6.</strong></span> <span class='ocrx_word' id='word_1_415' title='bbox 778 4551 992 4609; x_wconf 67' lang='lat' dir='ltr'><strong>testimonum·</strong></span> <span class='ocrx_word' id='word_1_416' title='bbox 1014 4577 1073 4609; x_wconf 89' lang='lat' dir='ltr'><strong>nen.</strong></span> <span class='ocrx_word' id='word_1_417' title='bbox 1112 4560 1153 4611; x_wconf 77' lang='lat' dir='ltr'><strong>lb.</strong></span> <span class='ocrx_word' id='word_1_418' title='bbox 1172 4560 1274 4608; x_wconf 75' lang='lat' dir='ltr'><strong>Factam</strong></span> <span class='ocrx_word' id='word_1_419' title='bbox 1295 4578 1309 4606; x_wconf 83' lang='lat' dir='ltr'><strong>a</strong></span> <span class='ocrx_word' id='word_1_420' title='bbox 1329 4576 1367 4608; x_wconf 83' lang='lat' dir='ltr'><strong>ma</strong></span> <span class='ocrx_word' id='word_1_421' title='bbox 1390 4564 1525 4619; x_wconf 71' lang='lat' dir='ltr'><strong>suppletur.</strong></span> <span class='ocrx_word' id='word_1_422' title='bbox 1564 4560 1605 4608; x_wconf 87' lang='lat' dir='ltr'><strong>tt.</strong></span> <span class='ocrx_word' id='word_1_423' title='bbox 1625 4561 1734 4623; x_wconf 73' lang='lat' dir='ltr'><strong>quidem}</strong></span> 
     </span>
     <span class='ocr_line' id='line_1_44' title="bbox 551 4630 1731 4693; baseline 0 -16"><span class='ocrx_word' id='word_1_424' title='bbox 551 4632 584 4677; x_wconf 82' lang='lat' dir='ltr'><strong>lta</strong></span> <span class='ocrx_word' id='word_1_425' title='bbox 603 4632 664 4679; x_wconf 88' lang='lat' dir='ltr'><strong>Cod.</strong></span> <span class='ocrx_word' id='word_1_426' title='bbox 685 4631 727 4680; x_wconf 78' lang='lat'><strong>23.</strong></span> <span class='ocrx_word' id='word_1_427' title='bbox 747 4634 809 4680; x_wconf 74' lang='lat' dir='ltr'><strong>Cael.</strong></span> <span class='ocrx_word' id='word_1_428' title='bbox 827 4634 967 4681; x_wconf 80' lang='lat' dir='ltr'><strong>deliniatis.</strong></span> <span class='ocrx_word' id='word_1_429' title='bbox 989 4631 1030 4681; x_wconf 79' lang='grc'><strong>35.</strong></span> <span class='ocrx_word' id='word_1_430' title='bbox 1051 4634 1111 4693; x_wconf 66' lang='lat' dir='ltr'><strong>larg.</strong></span> <span class='ocrx_word' id='word_1_431' title='bbox 1130 4633 1259 4679; x_wconf 78' lang='lat' dir='ltr'><strong>liberiore.</strong></span> <span class='ocrx_word' id='word_1_432' title='bbox 1278 4632 1326 4679; x_wconf 71' lang='lat'><strong>0⁸.</strong></span> <span class='ocrx_word' id='word_1_433' title='bbox 1346 4630 1389 4679; x_wconf 78' lang='lat'><strong>³⁹.</strong></span> <span class='ocrx_word' id='word_1_434' title='bbox 1408 4631 1570 4678; x_wconf 54' lang='lat' dir='ltr'><strong>[duceris</strong></span> <span class='ocrx_word' id='word_1_435' title='bbox 1587 4641 1731 4691; x_wconf 72' lang='lat' dir='ltr'><strong>sponsione.</strong></span> 
     </span>
    </p>
   </div>
   <div class='ocr_carea' id='block_1_7' title="bbox 486 4771 1505 4997">
    <p class='ocr_par' dir='ltr' id='par_1_7' title="bbox 486 4771 1505 4997">
     <span class='ocr_line' id='line_1_45' title="bbox 490 4771 1505 4831; baseline -0.002 -2"><span class='ocrx_word' id='word_1_436' title='bbox 490 4774 532 4829; x_wconf 74' lang='lat'><strong>16.</strong></span> <span class='ocrx_word' id='word_1_437' title='bbox 553 4774 606 4826; x_wconf 82' lang='lat' dir='ltr'><strong>Pro</strong></span> <span class='ocrx_word' id='word_1_438' title='bbox 626 4771 737 4830; x_wconf 82' lang='lat' dir='ltr'><strong>cluent.</strong></span> <span class='ocrx_word' id='word_1_439' title='bbox 759 4772 808 4829; x_wconf 86' lang='lat' dir='ltr'><strong>Vl.</strong></span> <span class='ocrx_word' id='word_1_440' title='bbox 1014 4822 1018 4827; x_wconf 93' lang='lat'><strong>.</strong></span> <span class='ocrx_word' id='word_1_441' title='bbox 1185 4776 1232 4831; x_wconf 80' lang='grc'><strong>20.</strong></span> <span class='ocrx_word' id='word_1_442' title='bbox 1254 4772 1286 4825; x_wconf 89' lang='grc' dir='ltr'><strong>Ιιι</strong></span> <span class='ocrx_word' id='word_1_443' title='bbox 1307 4772 1383 4826; x_wconf 75' lang='lat' dir='ltr'><strong>verr.</strong></span> <span class='ocrx_word' id='word_1_444' title='bbox 1401 4772 1436 4828; x_wconf 79' lang='lat' dir='ltr'><strong>V.</strong></span> <span class='ocrx_word' id='word_1_445' title='bbox 1458 4772 1505 4829; x_wconf 77' lang='lat' dir='ltr'><strong>bb.</strong></span> 
     </span>
     <span class='ocr_line' id='line_1_46' title="bbox 488 4847 1488 4921; baseline -0.005 -14"><span class='ocrx_word' id='word_1_446' title='bbox 488 4850 533 4907; x_wconf 78' lang='grc'><strong>35.</strong></span> <span class='ocrx_word' id='word_1_447' title='bbox 553 4847 620 4921; x_wconf 78' lang='lat' dir='ltr'><strong>Cap.</strong></span> <span class='ocrx_word' id='word_1_448' title='bbox 641 4852 676 4903; x_wconf 85' lang='lat' dir='ltr'><strong>X.</strong></span> <span class='ocrx_word' id='word_1_449' title='bbox 1182 4848 1230 4907; x_wconf 70' lang='grc'><strong>56.</strong></span> <span class='ocrx_word' id='word_1_450' title='bbox 1253 4847 1307 4900; x_wconf 81' lang='lat' dir='ltr'><strong>Pro</strong></span> <span class='ocrx_word' id='word_1_451' title='bbox 1325 4847 1437 4902; x_wconf 82' lang='lat' dir='ltr'><strong>Cluent.</strong></span> <span class='ocrx_word' id='word_1_452' title='bbox 1455 4848 1488 4902; x_wconf 82' lang='lat' dir='ltr'><strong>V.</strong></span> 
     </span>
     <span class='ocr_line' id='line_1_47' title="bbox 486 4920 1413 4997; baseline 0.001 -20"><span class='ocrx_word' id='word_1_453' title='bbox 486 4927 531 4984; x_wconf 76' lang='grc'><strong>58.</strong></span> <span class='ocrx_word' id='word_1_454' title='bbox 551 4926 607 4977; x_wconf 75' lang='lat' dir='ltr'><strong>tlc.</strong></span> <span class='ocrx_word' id='word_1_455' title='bbox 629 4940 680 4997; x_wconf 90' lang='lat' dir='ltr'><strong>pro</strong></span> <span class='ocrx_word' id='word_1_456' title='bbox 699 4922 821 4979; x_wconf 83' lang='lat' dir='ltr'><strong>Caecina</strong></span> <span class='ocrx_word' id='word_1_457' title='bbox 841 4922 918 4979; x_wconf 84' lang='lat' dir='ltr'><strong>vttt.</strong></span> <span class='ocrx_word' id='word_1_458' title='bbox 1186 4920 1234 4982; x_wconf 77' lang='lat' dir='ltr'><strong>ltlt.</strong></span> <span class='ocrx_word' id='word_1_459' title='bbox 1254 4922 1301 4977; x_wconf 83' lang='lat' dir='ltr'><strong>lV.</strong></span> <span class='ocrx_word' id='word_1_460' title='bbox 1319 4927 1347 4979; x_wconf 84' lang='lat'><strong>2.</strong></span> <span class='ocrx_word' id='word_1_461' title='bbox 1366 4920 1413 4978; x_wconf 77' lang='lat' dir='ltr'><strong>fin.</strong></span> 
     </span>
    </p>
   </div>
   <div class='ocr_carea' id='block_1_8' title="bbox 0 0 2225 5956">
    <p class='ocr_par' dir='ltr' id='par_1_8' title="bbox 0 0 2225 5956">
     <span class='ocr_line' id='line_1_48' title="bbox 0 0 2225 5956; baseline 0 0"><span class='ocrx_word' id='word_1_462' title='bbox 0 0 2225 5956; x_wconf 95' lang='lat' dir='ltr'><strong> </strong></span> 
     </span>
    </p>
   </div>
  </div>
 </body>
</html>
