4434 5959
923 596 1015 660 LlB.
1038 597 1086 662 11.
1605 603 1664 663 133

356 728 483 815 facilius
506 729 665 793 videbitur
686 753 754 795 esse
775 736 976 814 praeceptio,
1000 748 1034 799 ut
1054 738 1146 801 locos
1160 738 1296 801 omnium
1316 753 1571 823 argumentorum
1594 762 1663 802 sese

357 826 595 905 qsrodammodo
618 826 789 888 offerentes
814 826 920 891 ridere
936 829 1111 909 possimus:
1135 852 1176 892 ex
1198 830 1326 913 quibus,
1349 846 1381 893 ut
1403 818 1497 913 s⁸upra
1514 833 1659 907 diximus,

356 920 455 983 moto
477 939 517 979 ex
540 917 669 1001 singulis
691 918 868 993 attributis,
894 923 986 983 modo
1009 942 1050 985 ex
1072 922 1247 985 coniunctis
1271 938 1450 1007 argumenta
1475 940 1659 999 irascentur,

358 1032 439 1089 quiae
462 1022 515 1098 suu
545 1011 722 1091 probabilia
744 1024 836 1073 erunt
857 1025 908 1073 aut
938 1015 1112 1077 necessaria
1135 1016 1182 1077 ad
1201 1038 1259 1078 eas
1284 1040 1354 1087 res,
1387 1040 1472 1100 puae
1495 1040 1565 1079 rem
1592 1041 1664 1079 rre-

357 1102 496 1164 dibilem
524 1115 586 1164 aut
611 1104 840 1167 incredibilem
866 1102 988 1189 faeere
1016 1120 1174 1189 possunt.
1226 1113 1322 1191 Quae
1343 1132 1434 1184 rem,
1458 1109 1575 1192 inquit,
1600 1124 1689 1172 nous

357 1216 545 1277 personam,
570 1196 657 1257 errius
674 1195 793 1259 scilicet
815 1197 996 1260 attributum
1020 1211 1079 1261 est.

442 1292 489 1353 Et
524 1310 601 1349 eum
618 1286 721 1377 faeti
752 1290 942 1371 suspicione
972 1291 1177 1375 iunguntur]
1220 1296 1262 1357 Et
1290 1296 1340 1355 hle
1371 1293 1419 1355 rei
1456 1293 1522 1356 eius
1534 1338 1543 1369 ,
1581 1296 1662 1357 irride

250 1423 251 1432 ι
358 1380 504 1444 iudicium
528 1393 594 1455 est,
618 1402 679 1443 non
703 1403 876 1461 personne,
901 1384 986 1445 cuitu
1010 1384 1192 1445 attributum
1215 1398 1273 1448 est.

445 1472 577 1537 Deinde
604 1485 720 1536 utrum
748 1475 785 1537 id
804 1473 957 1565 facinus
984 1478 1043 1555 sit,
1078 1476 1169 1560 qumi
1187 1478 1360 1559 poenitere
1370 1476 1493 1565 freerit
1515 1479 1661 1559 neeesse]

360 1568 554 1630 Aunotanda
574 1588 656 1628 nova
677 1566 820 1632 locutios
840 1567 987 1632 Poenitet
1009 1590 1057 1631 me
1087 1591 1150 1633 oon
1173 1570 1253 1633 illius
1274 1571 1337 1651 rei,
1366 1574 1422 1634 sed
1444 1572 1590 1635 Poenitet
1616 1586 1705 1635 mem

358 1662 440 1723 banc
461 1682 541 1721 rem.
724 1666 735 1675 “
1137 1682 1140 1691 ’

446 1757 538 1815 Τιιιιι
565 1775 612 1814 ex
630 1752 793 1835 singulis,
830 1765 903 1815 tum
922 1776 969 1815 ex
989 1754 1177 1817 coniunctis
1199 1770 1404 1837 argumenta
1423 1758 1499 1837 cet]
1553 1760 1619 1821 Aut
1644 1781 1662 1822 a

359 1866 451 1909 causa
481 1857 535 1906 aut
566 1866 583 1906 a
613 1866 748 1926 persona
778 1856 830 1907 nsit
865 1866 882 1906 a
911 1846 1000 1908 lactis
1032 1858 1085 1907 nist
1116 1868 1155 1909 ex
1178 1848 1351 1911 coniunctis
1374 1863 1554 1933 argumenta
1576 1862 1660 1912 certa

359 1950 544 2008 nascentur,
569 1951 601 2015 ut
623 1939 769 2000 attributa
792 1959 947 2019 personae
968 1939 1114 2001 attributa
1138 1940 1222 2003 laeto
1246 1942 1422 2005 rideantur.

441 2024 614 2097 Acceduni
635 2043 750 2093 aretem
775 2032 823 2093 ad
846 2030 1054 2095 coniecturam
1073 2053 1173 2115 saepe
1196 2034 1426 2116 qemestiones,
1452 2036 1658 2106 testimonia,
1673 2050 1702 2096 ts

359 2146 533 2198 ruenores,
556 2146 642 2207 pisae
663 2137 784 2188 eontra
804 2126 882 2203 cet.]
924 2126 1058 2188 Praeter
1077 2125 1157 2185 banc
1179 2126 1358 2203 materiam,
1381 2149 1440 2209 qua
1461 2128 1660 2190 coniecturae

250 2221 251 2228 ’
360 2227 542 2300 argumenta
558 2217 736 2280 tribuuntur
753 2238 769 2277 a
786 2238 894 2291 carisa,
919 2238 936 2280 a
961 2237 1119 2298 persona,
1143 2239 1161 2279 a
1182 2219 1286 2293 lacto,
1311 2222 1461 2281 accedunt
1480 2222 1559 2283 alise
1583 2242 1660 2301 pro-

250 2305 251 2312 ¹
359 2309 503 2372 bationes
534 2308 594 2371 soli
626 2310 839 2373 coniecturae
868 2330 992 2390 semper
1027 2310 1208 2384 adiunctam
1250 2323 1424 2386 tormento,
1462 2313 1658 2389 testimonia,

359 2422 513 2464 rmnores.
558 2404 647 2465 Haec
674 2400 755 2463 eoim
785 2400 815 2463 iu
838 2402 905 2464 aliis
934 2402 1210 2467 constitutionibus
1240 2426 1301 2468 nou
1333 2406 1560 2491 valent;·quia
1597 2428 1658 2471 nou

360 2496 546 2559 adhibentur
563 2494 641 2569 ista,
665 2495 724 2557 nisi
746 2516 839 2578 quum
861 2517 913 2559 res
933 2508 1084 2579 negatur:
1108 2518 1188 2579 qum
1204 2498 1306 2561 omnia
1325 2495 1383 2560 ista
1406 2500 1445 2559 ad
1459 2500 1557 2582 partis
1576 2522 1660 2563 corsi·
1672 2515 1703 2565 2⁰

359 2592 450 2653 moda
472 2589 684 2671 retorquenda
702 2600 785 2651 sum.
810 2590 886 2652 Hoc
905 2588 1100 2669 probationis
1118 2611 1215 2672 geniis
1233 2590 1347 2653 Graeci
1367 2594 1489 2671 πίστεις
1511 2592 1662 2681 ἀτέχνους

358 2695 496 2746 vocant:
535 2683 621 2766 qsmd
641 2704 735 2762 qssrrm
758 2682 803 2742 bis
826 2692 939 2744 orator
960 2680 1075 2756 utitur,
1104 2682 1196 2745 fidem
1220 2684 1342 2765 quidem
1365 2684 1457 2747 iudici
1480 2686 1571 2759 lacit,
1605 2688 1659 2747 sed

359 2798 422 2840 non
444 2776 603 2839 oratione.
647 2776 722 2837 Hoc
749 2773 856 2837 Tullio
879 2773 1001 2835 minime
1022 2776 1142 2856 placet:
1175 2776 1248 2838 dicit
1270 2778 1351 2841 enim
1374 2780 1463 2841 etiam
1487 2783 1562 2841 haec
1581 2800 1660 2860 pro·

359 2870 521 2931 batiooum
544 2888 659 2951 genera
681 2865 821 2950 indigere
841 2878 908 2928 arte
930 2878 960 2929 et
982 2869 1049 2948 peri
1071 2872 1166 2931 modo
1188 2880 1222 2930 ut
1244 2891 1285 2932 ex
1308 2894 1398 2933 carisa
1422 2883 1450 2933 et
1473 2891 1607 2953 persona
1630 2881 1660 2931 et

358 2960 445 3023 lacto
468 2970 650 3043 argumenta
674 2958 763 3032 duci,
797 2981 891 3039 qrssuu
914 2961 951 3023 de
972 2960 1152 3033 tormentis,
1183 2963 1330 3037 testibus,
1355 2963 1534 3026 rumoribus
1555 2962 1702 3043 disput-2⁵

359 3062 460 3127 tatur,
497 3076 537 3115 ex
559 3054 620 3115 illis
648 3054 765 3114 scilicet
785 3052 1061 3132 attributionibus,
1099 3075 1181 3137 quse
1210 3068 1263 3117 asrt
1292 3042 1420 3139 negotio
1443 3067 1495 3117 aut
1516 3054 1659 3135 personis

358 3147 506 3208 videntur
526 3168 593 3207 esse
615 3146 809 3209 subiunctas.
855 3148 997 3226 Namque
1031 3167 1127 3229 quum
1156 3160 1264 3209 contra
1288 3159 1382 3211 testes
1398 3146 1510 3209 dieitur
1531 3157 1660 3225 srstlrro

358 3240 502 3313 testibus,
520 3242 625 3323 utique
636 3239 784 3301 attributa
798 3258 953 3320 personae
965 3237 1172 3318 contingenda
1182 3250 1493 3321 suntperoaturam,
1507 3238 1618 3302 rictum
1628 3250 1659 3299 et

358 3345 484 3404 retes-23
500 3344 532 3394 ut
545 3332 621 3393 lides
633 3335 701 3394 data
718 3332 788 3394 testi
806 3332 861 3404 sit,
886 3343 939 3393 aut
957 3343 989 3393 ut
1008 3334 1106 3413 possit
1124 3345 1176 3395 aru
1197 3354 1258 3395 nou
1277 3334 1377 3413 possit
1390 3331 1541 3395 adhiberi.
1586 3332 1660 3393 Hoc

359 3425 443 3487 etin
475 3424 657 3488 tormentis:
689 3446 759 3487 naso
788 3424 873 3496 eius,
912 3424 967 3507 qui
996 3436 1181 3508 torquetur,
1219 3427 1402 3489 excutienda
1432 3445 1566 3509 persona
1599 3436 1703 3486 ceusu

359 3520 451 3603 Ergo
474 3518 577 3581 omnia
599 3519 788 3602 argumentis
809 3519 970 3599 probanda
993 3530 1082 3581 suntt
1105 3541 1239 3601 quonum
1263 3532 1518 3604 argumentorum
1542 3538 1658 3595 ¹reuera

360 3613 422 3673 duo
443 3621 534 3685 suut3
552 3633 647 3682 ιιιιιιιιι
663 3610 843 3693 proprimn,
869 3631 1032 3672 commune
1046 3612 1139 3675 aliud.
1185 3614 1354 3693 Proprium
1371 3624 1445 3685 est,
1462 3614 1546 3693 quod
1564 3609 1660 3691 ipsius

360 3723 470 3766 musae
494 3716 525 3767 et
546 3701 667 3787 negotii
688 3715 753 3766 est:
776 3714 810 3764 ut
830 3706 914 3767 sex.
937 3704 1081 3767 Roscius
1102 3728 1206 3788 pestem
1226 3708 1344 3768 coedes
1352 3706 1462 3796 sacta
1483 3716 1552 3776 est,
1590 3706 1659 3767 Ro·

359 3817 435 3859 mae
457 3795 638 3888 nonfuit:
665 3818 733 3859 non
754 3815 839 3879 ergo
862 3808 997 3875 patrem
1025 3796 1211 3885 interfecit.
1271 3796 1444 3862 Commune
1466 3809 1533 3869 est,
1572 3796 1658 3877 qirod

359 3888 527 3953 transferri
556 3890 587 3953 io
608 3888 721 3953 similes
742 3907 851 3950 carmos
873 3900 990 3967 potest.
1042 3891 1148 3953 lilius
1165 3902 1302 3973 patrem
1323 3889 1517 3979 interserit:
1553 3889 1701 3951 reeta-³5

362 3992 431 4045 mot
452 3982 645 4047 istiusmodi
665 3982 914 4065 suspicionibus
934 3981 1011 4063 ipsa
1031 3994 1169 4045 natum.

440 4078 515 4139 Hoc
528 4076 723 4159 argrsmenti
739 4094 865 4158 genus,
888 4075 970 4157 quia
990 4074 1181 4164 transferri
1198 4074 1234 4138 in
1248 4074 1376 4137 similes
1397 4094 1519 4136 causas
1532 4081 1658 4155 potest,

361 4169 547 4231 eommrmis
577 4172 671 4233 locus
701 4167 840 4247 elicitur]
893 4170 1054 4231 Locorum
1081 4181 1182 4231 suumn
1216 4168 1423 4231 communium
1458 4186 1572 4251 genera
1596 4168 1658 4225 duo

361 4274 446 4335 sont;
479 4284 573 4326 unttm
601 4286 696 4347 quum
725 4276 828 4326 certae
855 4261 902 4323 rei
929 4274 1012 4324 certe
1033 4274 1080 4323 est
1102 4261 1318 4343 arnplilicatio;
1356 4260 1458 4335 aliud,
1492 4278 1587 4341 quirun
1610 4254 1658 4317 rei

433 4522 483 4574 12.
499 4516 583 4586 Tun]
603 4514 672 4569 cod.
692 4518 754 4571 Bas.
777 4542 808 4559 -·
827 4515 916 4587 Quum
934 4514 1006 4574 Eud.
1028 4518 1082 4571 Os.

433 4595 480 4651 15.
500 4594 591 4659 certa]
612 4589 722 4645 Excidit
742 4611 757 4645 e
776 4592 861 4663 Capp.
881 4593 933 4646 Οι.

432 4671 480 4722 2¹.
500 4666 612 4729 πίστεις
629 4664 784 4742 dsejrrour]
823 4666 964 4739 Perpetem
979 4664 1083 4719 editum
1100 4680 1159 4718 erat
1177 4661 1274 4727 πίστις
1287 4657 1429 4737 ἄτεχνος,
1448 4677 1478 4714 m
1493 4677 1659 4735 pstctquum

360 4756 391 4793 er
409 4745 467 4813 lpse
486 4746 557 4794 seris
575 4744 725 4806 orsttonts,
759 4757 818 4794 rum
845 4758 877 4792 ex
904 4740 1156 4813 consequentibus,
1186 4737 1231 4791 obt
1258 4738 1351 4790 eadem
1378 4742 1499 4791 occurrit
1529 4738 1658 4807 loquendi

360 4812 488 4868 termula:
510 4820 540 4868 tn
558 4816 707 4869 Basileenst
727 4814 849 4869 edtrtone
869 4816 982 4888 legunt:
1004 4816 1107 4867 Graeci
1126 4812 1254 4888 ἄτεχνον
1271 4822 1382 4864 vocant.
1403 4813 1485 4865 Curr-

432 4892 477 4947 29.
495 4898 526 4941 es
543 4887 624 4960 fides
641 4889 710 4942 data
735 4896 803 4942 testt
825 4896 880 4956 slt,
911 4898 961 4943 aus
979 4892 1025 4961 ut]
1058 4890 1126 4943 cod.
1153 4890 1216 4946 nes.
1243 4915 1281 4929 -
1299 4896 1329 4939 ut
1341 4886 1421 4961 fides
1438 4892 1476 4939 rr't
1505 4886 1574 4937 dntn
1593 4892 1660 4937 teste·

360 4968 416 5031 ste,
433 4973 466 5017 nt
481 4973 533 5016 aut
551 4962 619 5018 istd.
639 4965 692 5018 Οιι.

431 5042 477 5098 59.
498 5038 630 5091 beorum
656 5042 836 5091 commentum
863 5055 968 5108 genera
996 5036 1050 5090 dno
1076 5040 1154 5105 sunt]
1193 5035 1320 5089 Tertium
1352 5033 1426 5087 addit
1455 5034 1660 5102 Quintilianus,

250 5089 251 5102 ,
306 5138 310 5146 ·
361 5110 482 5169 videlicet
509 5113 634 5168 loeornnr
661 5118 866 5181 communium,
894 5112 966 5167 node
991 5127 1150 5184 argumenta
1176 5108 1299 5183 depromi
1332 5110 1443 5171 seleon
1483 5124 1512 5161 ιιι
1543 5112 1619 5163 torus
1645 5122 1663 5159 s
