4434 5959
929 552 1022 621 Lan.
1042 552 1111 619 111.
1621 552 1681 617 snt

361 712 493 777 quoqne
514 700 616 757 totum
639 691 745 778 signat
766 693 816 773 id,
851 694 939 782 quod
958 692 1119 779 designat,
1149 704 1243 779 etque
1265 692 1369 757 omnis
1392 705 1629 780 coaequantur,
1653 705 1685 758 et

362 785 508 848 delinitio
530 786 660 850 definito
683 797 714 849 et
735 798 842 869 partes
865 792 925 855 toti
947 800 979 851 et
1000 797 1076 850 nota
1098 786 1162 862 rei,
1197 807 1291 871 quiam
1319 786 1553 870 significatione
1576 788 1685 851 decla·

361 890 435 955 rat,
469 878 498 942 si
520 900 583 942 uon
606 879 648 942 sit
670 880 804 945 univoca
829 883 880 947 vel
903 881 1096 967 aeqsrivoca.
1136 881 1187 943 rel
1216 881 1242 942 si
1263 902 1334 955 res,
1372 901 1454 965 qliae
1476 880 1683 965 designatur,

362 994 428 1037 non
451 972 491 1035 sit
515 972 697 1037 multivoca.
743 976 826 1041 Sane
848 976 925 1041 illud
946 972 1085 1038 dubitari
1106 983 1194 1036 recte
1214 984 1341 1061 potest,
1365 994 1439 1048 cur,
1468 994 1563 1057 qtusm
1586 974 1686 1037 dixis·
1714 1045 1717 1053 ¹

363 1078 415 1129 set
436 1069 500 1130 elsio
530 1087 647 1151 genera
677 1084 746 1131 esse
777 1069 1011 1145 definitionum,
1043 1089 1106 1131 uon
1130 1067 1215 1149 ipsas
1236 1066 1437 1132 definitiones
1459 1067 1593 1147 partitus
1617 1079 1712 1143 est‚5

362 1162 421 1224 sed
442 1180 525 1244 quac
548 1159 761 1235 deliniuntur,
795 1160 911 1240 idest,
946 1162 1119 1244 corporale
1141 1172 1236 1245 atque
1258 1160 1476 1243 incorporale.
1520 1159 1616 1238 Quod
1637 1159 1687 1223 iu·

364 1254 456 1319 eicco
475 1253 593 1316 dictum
614 1251 762 1331 videtur,
787 1256 859 1339 quia
884 1257 1027 1321 delinitio
1044 1278 1140 1340 quirum
1161 1256 1203 1317 sit
1222 1258 1261 1316 ad
1280 1255 1415 1339 aliquid,
1439 1265 1473 1319 ut
1491 1250 1609 1315 dicim
1626 1263 1686 1330 est,

365 1348 523 1432 quandam
547 1346 630 1428 capit
652 1346 770 1423 exiis,
794 1370 930 1432 qtromm
953 1349 1158 1415 substantiam
1181 1350 1387 1423 determinat,
1411 1344 1605 1433 qrsalitatem.
1661 1344 1666 1352 '

454 1440 554 1522 (Cap.
577 1443 608 1507 5.
632 1445 663 1517 §.
687 1440 757 1521 28.)
799 1446 912 1528 Atque
934 1444 1037 1507 etiam
1059 1441 1280 1519 definitiones
1302 1472 1337 1484 -
1364 1437 1511 1518 -seeri
1527 1450 1688 1521 possunt.

451 1532 610 1615 Quoniam
634 1533 776 1597 definitio
798 1533 841 1597 ita
865 1559 906 1601 ex
927 1538 1066 1600 subiecta
1089 1556 1146 1609 re,
1181 1554 1273 1619 quam
1296 1532 1425 1607 delinit,
1461 1532 1734 1613 proprietatem

366 1624 471 1708 capit,
494 1639 529 1689 ut
549 1636 651 1689 lamen
674 1628 809 1690 sormam
835 1630 997 1713 propriam
1020 1650 1084 1692 non
1107 1628 1283 1711 relinquat,
1314 1626 1435 1688 idcirco
1455 1635 1532 1706 post
1553 1644 1607 1687 eas
1629 1624 1692 1687 dil·

367 1720 519 1785 l'ercotias
543 1718 779 1795 definitionum,
804 1743 886 1806 quae
909 1724 1005 1787 abiis
1026 1723 1122 1785 rebus
1146 1732 1266 1783 tractae
1284 1730 1376 1795 sunt,
1400 1739 1482 1803 quiae
1499 1717 1693 1782 delinieban-

259 1816 264 1827 '
369 1824 442 1892 tur,
479 1835 561 1877 nunc
593 1835 611 1876 a
639 1815 773 1897 propria
801 1816 906 1881 lorma
935 1815 1153 1881 definitionum
1183 1813 1376 1877 differentias
1398 1811 1505 1874 tradit.
1549 1810 1691 1895 Propria

368 1928 452 1972 vero
471 1908 575 1972 iorma
597 1906 852 1992 uniuscuiusque
875 1910 1044 1993 compositi
1066 1909 1097 1973 in
1115 1908 1181 1971 suis
1200 1908 1345 1989 partibus
1363 1915 1505 1979 constat,
1527 1905 1635 1988 itaque
1651 1926 1693 1968 es

368 2000 515 2083 partibus
538 2000 751 2065 definitionum
783 2004 860 2067 tales
892 2002 1083 2068 differentias
1117 2003 1231 2078 docet,
1268 2000 1355 2085 quod
1383 1998 1462 2063 aliae
1495 1998 1693 2065 definitiones
1704 2014 1735 2067 tt

370 2116 431 2177 per
451 2092 656 2169 divisionem,
681 2094 760 2159 aliae
782 2116 841 2177 per
863 2097 1066 2179 partitionem
1091 2095 1183 2158 liunt.
1240 2094 1400 2160 Debnitur
1421 2091 1502 2155 enim
1521 2113 1573 2155 res
1594 2112 1693 2176 quse·-

370 2188 471 2265 libet,
495 2190 568 2251 datm
592 2200 645 2251 aut
669 2188 736 2252 cius
757 2190 881 2273 species
899 2212 1009 2257 omnes
1028 2200 1254 2253 enumerantur
1272 2200 1326 2251 arnt
1345 2197 1466 2270 partes.
1509 2186 1592 2249 Pars
1612 2204 1693 2251 aero

371 2304 389 2347 a
413 2280 521 2364 specie
542 2281 620 2367 quid
641 2280 786 2359 differat,
810 2286 918 2367 paullo
936 2282 1099 2367 posterius
1119 2281 1234 2345 dicans.
1278 2282 1373 2345 Nunc
1395 2283 1585 2362 exponenda
1606 2280 1694 2344 arbi·

369 2386 443 2440 tror
461 2372 631 2439 Ciceronis
648 2376 809 2459 exempla;
842 2380 895 2441 slat
917 2380 999 2443 enim
1017 2374 1199 2461 partitionis
1219 2374 1399 2456 exemplum
1422 2374 1497 2436 hoc.
1541 2374 1591 2436 sit
1612 2375 1694 2437 enim

370 2467 573 2551 propositum
598 2468 747 2547 delinire,
783 2470 858 2556 quid
885 2471 999 2535 sitias
1022 2470 1136 2544 civile;
1173 2470 1312 2533 dicensus
1338 2468 1399 2531 itas
1432 2466 1488 2529 lus
1512 2466 1606 2531 ciuile
1623 2480 1737 2543 estne

372 2564 461 2646 qrsod
489 2562 523 2625 in
553 2562 697 2646 legibus,
726 2564 1024 2640 senatusconsultis,
1054 2565 1150 2626 rebus
1168 2562 1332 2634 iudicatis,
1367 2558 1624 2640 iurisperitorum
1640 2582 1695 2623 au·

370 2654 543 2731 ctoritate,
566 2656 676 2719 edictis
699 2656 956 2743 magistratuum,
980 2678 1090 2735 more,
1115 2656 1274 2741 aequitate
1294 2653 1453 2718 consistit.
1498 2654 1572 2715 Lex
1595 2652 1694 2737 igitur

370 2760 438 2827 est,
463 2770 554 2833 quiam
576 2750 716 2831 populus
738 2750 922 2815 centuriatis
946 2752 1083 2816 comitiis
1106 2751 1247 2815 sciverit.
1299 2746 1581 2815 Senatusconsulta
1599 2760 1692 2827 stant,

371 2864 455 2927 quae
482 2842 602 2907 luerint
634 2854 762 2908 senatus
796 2846 985 2911 auctoritate
1011 2849 1151 2909 decreta.
1212 2846 1277 2909 Res
1305 2843 1460 2910 iudicatae
1481 2851 1575 2914 ⁸⁰⁰1,
1612 2862 1694 2925 quae

369 2934 455 2999 inter
478 2958 553 3014 eos,
579 2936 634 3021 qui
654 2958 752 3020 super
775 2939 930 3023 aliquare
952 2941 1131 3025 ambigunt,
1155 2936 1307 3001 sententia
1322 2936 1460 3001 iudicum
1478 2938 1598 3002 suerint
1614 2940 1737 2996 con-2⁵

370 3032 519 3105 stitutae,
558 3053 691 3114 quarum
718 3034 865 3115 exemplo
893 3046 1018 3097 ceterae
1040 3054 1169 3117 quicque
1195 3028 1386 3094 indicantur.
1430 3029 1692 3113 iurisperitorum

371 3125 545 3189 auctoritas
560 3136 610 3187 est
636 3148 766 3203 eorum,
787 3126 841 3209 quai
863 3148 904 3190 ex
927 3127 1091 3191 duodecim
1111 3122 1227 3188 tabulis
1249 3123 1301 3187 vel
1327 3145 1369 3187 ex
1392 3124 1503 3188 edictis
1526 3122 1694 3207 magistra-

371 3229 460 3282 tuum
482 3218 532 3281 ius
559 3218 653 3282 civile
675 3220 875 3302 interpretati
896 3230 985 3295 sunt,
1020 3221 1177 3301 probatae
1205 3215 1319 3280 civicam
1344 3217 1469 3281 iudiciis
1492 3216 1693 3296 creditaeque

371 3314 558 3375 sententiae.
603 3311 718 3375 Edicta
741 3313 978 3397 magistratuum
1000 3324 1092 3385 sunt,
1117 3332 1199 3397 quae
1217 3320 1385 3392 praetores
1400 3310 1513 3374 urbani
1531 3309 1582 3373 vel
1601 3328 1694 3389 perc·

371 3404 456 3490 grini
473 3406 524 3469 rel
540 3406 658 3469 aediles
674 3408 798 3469 currules
811 3408 878 3470 iura
897 3408 1022 3471 dixere.
1066 3407 1145 3469 Mos
1167 3417 1234 3480 est,
1259 3406 1347 3487 quod
1365 3402 1396 3466 in
1418 3404 1546 3467 civitate
1564 3403 1736 3467 sotirumso

371 3511 421 3561 est
441 3498 525 3561 lieri.
571 3498 725 3582 Aequitas
748 3510 814 3575 est,
850 3503 937 3584 qatod
966 3499 1117 3563 naturalis
1145 3498 1229 3561 ratio
1258 3497 1427 3579 persuasit.
1483 3500 1573 3563 Haec
1595 3495 1694 3579 igitur

371 3590 479 3655 omnia
511 3612 605 3653 unam
636 3593 771 3655 sormam
802 3593 877 3658 iuris
907 3594 1042 3659 efficiunt
1068 3605 1224 3675 tamquam
1252 3602 1378 3672 partes,
1417 3594 1506 3656 velint
1533 3589 1693 3655 hominem

371 3696 487 3767 caput,
512 3684 659 3761 brachia,
684 3685 820 3763 thorax,
844 3699 975 3763 venter,
999 3708 1092 3749 crura
1108 3699 1204 3769 atque
1218 3689 1329 3766 pedes.
1373 3688 1511 3751 Partitio
1534 3697 1580 3748 est
1597 3683 1692 3755 enim,

370 3790 407 3842 ut
430 3778 496 3860 ipsc
528 3776 593 3855 ait,
631 3800 713 3863 qatae
740 3800 831 3842 ulnam
863 3796 1021 3865 quietaque
1050 3803 1116 3843 rem
1149 3781 1346 3862 propositam
1377 3780 1466 3864 quasi
1490 3780 1523 3842 in
1552 3779 1691 3841 membra

370 3872 536 3953 discerpit.
580 3872 723 3935 Alteram
745 3894 823 3937 vero
844 3888 963 3956 partem
988 3874 1202 3949 delinitionis,
1227 3895 1308 3957 quac
1327 3894 1387 3955 per
1410 3874 1595 3936 divisionem
1619 3886 1736 3952 spe-35

371 3965 492 4030 cientem
515 3966 569 4043 fit,
604 3965 660 4027 tali
680 3978 836 4029 monstrat
858 3968 1021 4051 exeiuplo.
1075 3967 1196 4032 Delinit
1218 3968 1318 4043 enim,
1343 3968 1418 4049 quid
1440 3967 1481 4030 sit
1503 3963 1692 4028 abalienatio

373 4058 443 4121 eius
465 4059 533 4134 rei,
571 4080 652 4141 quase
678 4058 811 4140 mancipi
832 4070 897 4135 cst,
929 4063 1055 4124 dicens:
1093 4060 1312 4125 Abalienatio
1329 4072 1381 4123 est
1402 4060 1476 4121 eius
1498 4061 1568 4130 rei,
1605 4076 1694 4142 quas

370 4153 523 4235 mancipi
542 4166 610 4227 est,
634 4165 695 4215 atat
718 4154 861 4216 traditio
882 4155 984 4219 alteri
1005 4176 1100 4218 nexu
1120 4166 1182 4215 out
1203 4153 1312 4217 cessio
1333 4153 1369 4216 in
1384 4154 1478 4227 ime,
1501 4152 1591 4215 inter
1606 4169 1692 4233 patos

370 4268 415 4309 eo
437 4246 513 4311 iure
534 4246 728 4323 civilifieri
745 4260 905 4330 possesne.
961 4250 1042 4311 Nam
1069 4248 1138 4309 iure
1164 4246 1250 4309 cirili
1274 4246 1342 4307 lieri
1370 4246 1487 4329 aliquid
1517 4266 1580 4307 non
1611 4243 1694 4303 inter

372 4338 454 4402 alios
487 4339 546 4402 nisi
574 4340 654 4401 inter
683 4340 768 4403 cives
802 4342 965 4405 llomanos
994 4350 1120 4423 potest,
1144 4360 1280 4424 quorum
1301 4350 1349 4401 est
1377 4338 1469 4401 etiam
1498 4340 1547 4400 ius
1576 4333 1736 4413 cirilestn

371 4434 462 4515 quod
491 4420 656 4496 duodecim
690 4434 806 4497 tabulis
839 4434 1033 4499 continetur.
1079 4434 1198 4497 Onines
1225 4456 1304 4497 vero
1324 4454 1396 4508 res,
1419 4454 1500 4515 qrrae
1520 4428 1694 4493 abalienari

371 4537 530 4608 possunt,
556 4527 680 4603 idest,
705 4549 785 4609 quac
811 4550 827 4590 a
851 4516 961 4592 obstro
984 4529 1022 4590 ad
1041 4527 1171 4589 alterius
1193 4526 1328 4589 transire
1343 4526 1513 4589 dominium
1538 4533 1691 4607 possunt,

370 4630 427 4681 aut
454 4618 587 4703 mancipi
610 4632 700 4697 siunt,
726 4632 780 4683 aut
799 4644 857 4685 nec
881 4621 1029 4705 mancipi.
1086 4620 1230 4703 lllancipi
1251 4640 1304 4683 res
1324 4632 1449 4685 veteres
1471 4619 1691 4701 appellabant,

435 4800 475 4858 ’4.
495 4806 521 4853 si
548 4821 612 4867 rea,
642 4820 711 4873 quiae
736 4810 871 4870 signant,
904 4822 959 4855 nors
978 4809 1036 4853 siat
1055 4804 1224 4855 multivocas
1248 4807 1334 4858 Paris.
1374 4806 1400 4863 6.
1420 4822 1490 4871 paene
1505 4802 1694 4871 designantur

369 4878 457 4932 Paris.
511 4883 555 4937 18.
587 4876 658 4928 Pars
678 4910 696 4921 -
718 4910 735 4920 -
754 4876 882 4950 differat]
906 4880 991 4931 iiius.
1013 4908 1045 4920 —
1069 4877 1169 4929 Partes
1188 4910 1206 4922 -
1225 4910 1243 4922 -
1262 4872 1398 4949 dfi'crnut
1420 4879 1488 4933 Eud.
1545 4886 1589 4939 113.
1618 4879 1693 4932 dom.

368 4960 506 5025 possiunt,
528 4960 577 5003 nasi
598 4959 719 5023 mancipi
737 4956 813 5021 saint]
838 4958 912 5005 basa.
933 4982 968 4995 —
988 4952 1060 5005 dont.
1090 4960 1215 5024 nsancipi
1240 4962 1306 5005 stent
1331 4954 1442 5027 (medus
1463 4958 1587 5019 omissis)
1616 4956 1692 5007 Eius.

373 5056 405 5069 -·
427 5027 500 5081 aiom.
519 5037 656 5097 poenitat,
677 5034 798 5097 iraaneips'
817 5028 907 5079 dietae
927 5037 991 5080 serrat
1014 5032 1078 5079 len.
1100 5028 1186 5083 Paris.
1232 5030 1302 5084 ibid.
1322 5038 1373 5081 acer
1391 5046 1440 5081 nee
1459 5030 1595 5099 mancipi]
1616 5030 1693 5104 iilos.

370 5130 408 5145 -
428 5110 478 5153 ase!
498 5120 554 5153 noa
574 5108 695 5174 mancipi
715 5104 837 5159 naac-
859 5120 912 5158 om.
934 5107 999 5158 Vsu.
1021 5107 1106 5157 Paris.

455 5204 580 5245 sss-usa·-
594 5206 617 5247 aa
632 5204 676 5247 ca.
698 5206 744 5247 vn.
762 5206 786 5245 ν.
800 5208 821 5248 s.
1359 5179 1399 5243 21
