4434 5959
505 627 509 633 ’
555 605 617 675 tls
992 612 1035 680 C.
1058 613 1215 681 IULIUS
1237 611 1417 680 VICTOR

554 771 726 831 egerere,
756 751 919 834 asperis,
942 761 960 817 'a
981 751 1176 830 differentia,
1201 776 1217 816 s
1239 752 1393 836 proprio,
1419 773 1435 816 s
1458 751 1656 829 delinitione,
1681 773 1697 816 s
1719 752 1863 818 nomine.

555 841 652 923 Circa
673 865 739 907 rem
760 865 777 907 a
799 845 910 921 simili,
944 867 961 909 a
983 847 1139 924 dissimili,
1164 868 1182 910 a
1203 845 1293 928 pari,
1318 867 1334 908 a
1358 845 1538 922 contrario,
1561 867 1577 908 a
1601 845 1739 924 maiore,
1762 869 1779 910 a
1802 845 1865 910 mi-

553 956 651 1013 nore,
688 959 709 1000 a·
727 941 958 1020 praecedente,
992 942 1032 1003 ab
1054 960 1113 1017 eo,
1150 941 1237 1022 quud
1257 937 1349 1002 simul
1370 951 1437 1015 est,
1468 951 1735 1024 acouseqnente.
1780 941 1866 1004 Post

553 1051 639 1108 rem,
673 1033 713 1093 ab
739 1041 870 1107 eventu,
905 1051 922 1096 a
952 1032 1107 1098 iudicatis.
1160 1032 1205 1097 Hi
1243 1033 1305 1097 loci
1336 1033 1409 1096 ideo
1438 1053 1620 1096 communes
1641 1033 1863 1114 appellantur,

528 1124 626 1208 equis
648 1122 677 1187 in
699 1124 785 1189 omni
807 1145 924 1209 genem
944 1147 1108 1190 cansarum
1130 1145 1171 1189 ex
1193 1124 1240 1188 his
1262 1136 1448 1209 arguments
1471 1124 1541 1188 duci
1564 1135 1709 1206 possunt.
1762 1127 1865 1190 Nam-

553 1239 615 1301 que
629 1237 647 1280 a
660 1237 795 1302 persona
811 1219 1062 1283 considerabitur
1080 1219 1202 1300 patria,
1227 1237 1357 1292 namen,
1383 1237 1501 1302 genus,
1525 1216 1670 1298 eorporis
1692 1219 1862 1294 habitudo,

552 1320 692 1387 mores,
712 1311 795 1388 rita,
825 1311 934 1388 amici,
965 1323 1068 1388 setas,
1091 1312 1249 1387 incessus,
1273 1314 1394 1376 vultus.
1438 1312 1552 1396 Itaque
1574 1311 1740 1392 proposita
1761 1333 1864 1396 quae·

544 1401 672 1479 stione,
709 1402 800 1467 etism
830 1402 864 1466 in
891 1403 1073 1468 coniectura
1105 1403 1297 1468 considerari
1319 1415 1427 1486 potest
1447 1403 1621 1468 cuiusmodi
1640 1423 1779 1484 persons
1801 1403 1865 1480 sit,

553 1507 589 1560 ut
609 1492 667 1577 per
682 1517 762 1581 quae
783 1497 830 1560 illi
851 1497 995 1560 eamdent
1016 1511 1069 1561 ant
1090 1497 1298 1560 confirmetur
1318 1496 1434 1560 crimen
1457 1509 1510 1560 stit
1530 1495 1716 1579 repellatur.
1760 1495 1794 1558 st
1816 1519 1861 1559 ex

510 1589 687 1651 tlbarbars
708 1589 851 1665 natione,
875 1591 926 1652 vel
948 1601 1059 1654 contre
1080 1590 1107 1654 si
1128 1611 1168 1654 ex
1191 1589 1274 1662 miti,
1297 1587 1325 1652 si
1346 1612 1386 1653 ex
1408 1589 1561 1654 seditioso
1582 1608 1718 1672 genere,
1743 1589 1794 1652 vel
1817 1611 1863 1652 ex

551 1680 673 1755 leroei,
698 1679 725 1743 si
747 1681 877 1759 nobilis,
900 1680 927 1744 si
949 1685 1117 1762 robustus,
1138 1683 1165 1747 si
1187 1681 1360 1758 invalidus,
1383 1683 1410 1746 si
1425 1681 1518 1748 bonis
1533 1682 1689 1756 moribus,
1715 1682 1766 1744 vel
1781 1703 1864 1745 con.

550 1784 600 1837 tra
627 1773 837 1857 nequissimis.
895 1775 932 1838 Iu
959 1796 1025 1859 qno
1052 1777 1151 1840 ferme
1180 1787 1251 1839 ente
1279 1788 1348 1839 acta
1379 1776 1442 1839 rita
1464 1773 1681 1858 perenni-itum
1718 1773 1865 1838 sibonis

550 1865 677 1930 inunctus
698 1868 749 1929 rel
771 1865 935 1949 pessimis,
958 1867 986 1932 si
1007 1889 1068 1954 qua
1089 1881 1157 1932 arte
1179 1870 1354 1950 praeditus,
1378 1867 1405 1932 si
1429 1868 1534 1932 verbis
1548 1887 1672 1952 semper
1687 1887 1862 1950 arrogans,

552 1957 579 2021 si
607 1971 786 2022 mansuetus
821 1970 853 2022 et
884 1961 1057 2024 modestus.
1114 1962 1193 2025 Item
1223 1974 1307 2024 setas
1340 1964 1393 2024 dat
1421 1961 1550 2046 aliquod
1578 1971 1799 2042 argumentum
1828 1965 1863 2024 in

510 2057 719 2136 tsutramque
740 2066 878 2134 partem,
910 2056 963 2116 dat
984 2053 1077 2117 etism
1097 2055 1246 2118 fortuna:
1278 2074 1499 2136 nonnunquam
1521 2064 1552 2116 et
1573 2052 1712 2115 incessus
1735 2065 1767 2118 et
1791 2058 1865 2119 sitl-

551 2155 601 2208 tns
623 2155 655 2207 et
676 2145 818 2221 habitum
853 2148 908 2209 sed
937 2159 968 2210 et
989 2169 1101 2211 nomeu
1126 2147 1225 2230 ipsum
1255 2148 1342 2232 qttasi
1365 2147 1511 2212 indicium
1535 2165 1655 2209 morum
1679 2137 1863 2227 apprehen·

550 2237 647 2302 ditur.
703 2239 746 2302 Et
776 2240 807 2303 in
834 2240 1053 2304 controversis
1081 2238 1220 2314 linitiva,
1254 2251 1436 2326 argumenta
1465 2237 1666 2304 nibilominus
1688 2239 1762 2302 duci
1783 2263 1866 2323 pos.

550 2342 623 2396 snut
644 2353 661 2394 a
682 2352 830 2412 persona.
873 2334 954 2399 Non
973 2345 1025 2398 est
1053 2333 1291 2416 saerilegium,
1320 2355 1425 2418 quum
1444 2333 1488 2396 ab
1505 2354 1546 2396 eo
1566 2333 1650 2417 quid
1675 2331 1717 2395 de
1734 2339 1865 2418 templo

551 2424 762 2498 detrahitur,
785 2426 880 2493 euim
896 2429 1023 2490 tutelae
1043 2438 1145 2511 atque
1163 2426 1337 2491 custodiae
1358 2427 1577 2492 commissum
1596 2439 1660 2491 est.
1705 2429 1744 2492 Si
1757 2451 1865 2509 prae·

508 2521 541 2570 2⁰
550 2528 667 2600 ceptor
694 2516 898 2601 discipubnn
929 2520 1176 2596 verberaverit,
1211 2520 1341 2584 iniuria
1372 2530 1540 2584 nonest.
1595 2520 1747 2584 Similiter
1774 2531 1806 2585 et
1828 2521 1863 2582 in

551 2610 719 2693 qualitate:
753 2611 785 2674 si
812 2613 955 2677 honesta
985 2615 1031 2676 sit
1052 2634 1222 2696 persona,
1241 2611 1390 2704 factum
1416 2633 1549 2697 quoque
1580 2614 1654 2676 eires
1681 2615 1866 2677 honestum

533 2704 738 2778 iudicetur,
775 2717 809 2768 nt
840 2705 957 2771 Cicero
984 2729 1044 2791 pro
1088 2705 1237 2773 Cluentio
1266 2707 1353 2772 lecit.
1411 2708 1443 2769 A
1472 2726 1564 2769 causa
1594 2705 1625 2768 in
1653 2705 1862 2772 coniectura:

548 2818 690 2860 causam
713 2798 875 2861 adulterii
884 2797 1011 2889 suisse
1031 2821 1204 2876 amorem,
1235 2813 1297 2863 aaut
1321 2799 1504 2883 parricidii
1529 2798 1724 2862 auaritiam.
1770 2801 1863 2879 Qttae

548 2890 733 2975 plerumque
756 2889 833 2973 poni
852 2904 1111 2976 argumentorum
1136 2893 1215 2957 loeis
1241 2894 1314 2956 satis
1337 2915 1402 2958 non
1425 2903 1491 2968 est,
1514 2893 1572 2955 nisi
1596 2907 1761 2956 oratorum
1787 2894 1863 2957 viri·

479 3015 481 3019 ¹
506 2985 609 3052 esbus
632 2984 838 3061 adiuventur,
861 2985 893 3048 id
915 2996 982 3063 est,
1010 2989 1050 3049 de
1071 2987 1105 3049 vi
1126 2985 1327 3056 averitiseset
1349 2988 1386 3049 de
1408 2985 1440 3047 vi
1462 2983 1527 3048 odii
1547 2983 1638 3046 latins
1661 2986 1860 3067 disputetur,

550 3089 613 3140 tam
646 3078 677 3141 in
707 3078 890 3143 defensione
919 3101 1012 3163 quem
1038 3080 1070 3142 in
1103 3079 1314 3142 aestuatione.
1367 3079 1447 3142 Nam
1480 3078 1564 3140 siout
1588 3077 1633 3140 illi
1657 3080 1742 3142 velet
1763 3081 1862 3144 lnime

549 3184 695 3247 calisam,
717 3172 759 3234 ita
782 3172 945 3237 defensori
965 3172 1111 3256 proderit
1133 3194 1196 3235 non
1215 3172 1324 3236 luisse.
1369 3172 1400 3237 A
1422 3191 1514 3234 caiisa
1535 3171 1677 3235 linitiva:
1699 3175 1730 3239 si
1746 3175 1864 3238 bumi-

549 3266 632 3328 eitia
647 3266 818 3349 pulsauit,
852 3267 983 3329 iniuria
1001 3279 1072 3338 est,·
1091 3277 1125 3328 et
1144 3265 1203 3349 qui
1224 3265 1311 3327 lueri
1329 3261 1496 3358 faciendi
1514 3285 1621 3327 causa
1640 3265 1676 3328 in
1696 3271 1866 3352 templum

549 3359 656 3434 venit,
680 3359 870 3443 sacrilegus
898 3372 961 3423 est.
1018 3361 1100 3426 Non
1123 3357 1213 3422 enim
1233 3379 1289 3421 res
1308 3357 1519 3437 maleficium
1527 3354 1651 3446 facit,
1675 3361 1737 3424 sed
1756 3383 1867 3425 casua

507 3459 539 3510 ιο
549 3449 718 3535 faciendi.
770 3452 898 3516 Sinon
915 3463 954 3516 ut
974 3454 1106 3515 lucrum
1116 3451 1300 3544 facerem,
1332 3451 1393 3516 sed
1415 3453 1462 3514 ad
1481 3462 1643 3515 ornatum
1664 3455 1866 3519 commoda-

547 3565 638 3619 rem,
655 3544 930 3629 detraxialiquid
939 3545 1129 3628 detemplo,
1147 3565 1215 3611 non
1226 3545 1514 3628 estsuerilegium.
1537 3543 1569 3606 A
1580 3563 1674 3606 cause
1685 3542 1715 3606 in
1728 3547 1867 3631 qualita-

548 3646 600 3699 te:
624 3637 1086 3712 si‘causahonestauidetur,
1110 3659 1166 3701 res
1176 3659 1308 3723 quoque
1322 3641 1464 3702 honesta
1476 3637 1632 3700 videatur
1646 3657 1785 3702 necesse
1795 3653 1862 3704 est.

549 3733 648 3795 Bona
666 3731 892 3814 consumpsit;
928 3732 960 3794 si
977 3753 1043 3814 per
1061 3729 1258 3807 luxuriam,
1295 3731 1432 3814 turpius
1438 3753 1451 3804 ,·
1472 3731 1504 3794 si
1516 3753 1581 3813 per
1601 3729 1864 3809 liberalitatem,

548 3824 734 3888 honestius.
779 3825 811 3886 A
834 3836 979 3906 tempore
1001 3823 1031 3887 in
1047 3823 1251 3888 coniectura:
1273 3823 1305 3887 si
1323 3844 1414 3900 noae,
1448 3823 1479 3888 si
1500 3821 1712 3887 sollemnitas
1730 3825 1862 3909 alimen,

505 3917 580 3984 tesi
603 3917 860 4001 opportunitas,
896 3917 929 3981 si
945 3917 1031 3980 dies.
1087 3918 1117 3980 A
1146 3907 1289 3999 temp'ore
1317 3916 1348 3980 in
1369 3918 1450 3981 line:
1483 3929 1523 3980 ut
1543 3917 1777 3983 Demosthenes
1798 3943 1866 3996 pu·

547 4009 671 4074 blisum
694 4009 823 4073 crimen
842 4030 916 4073 esse
935 4009 1036 4084 dicit,
1060 4011 1153 4094 quod
1171 4011 1261 4074 lautis
1278 4013 1438 4094 pselsatus
1457 4008 1608 4101 etsestis
1627 4006 1746 4075 diebets
1768 4013 1863 4076 uide-

546 4115 656 4168 retur.
698 4103 731 4167 A
752 4114 897 4184 tempore
916 4103 1130 4186 inqualitate:
1152 4102 1338 4187 frequenter
1352 4102 1435 4166 euim
1452 4115 1595 4186 tempore
1610 4128 1661 4170 res
1678 4120 1732 4172 sut
1753 4105 1861 4188 turpis

545 4208 600 4261 sut
620 4199 750 4261 honesta
769 4207 876 4279 potest
890 4195 1011 4271 rideri,
1035 4207 1089 4259 etit
1111 4195 1194 4259 utilis
1216 4206 1269 4258 atet
1286 4197 1481 4260 necessaris:
1503 4210 1542 4261 ut
1561 4221 1662 4264 arma
1681 4201 1857 4274 habuisse,

544 4313 650 4376 quum
666 4291 850 4356 latrocinia
867 4290 1019 4375 plurima
1039 4290 1353 4365 committerentur,
1386 4287 1447 4354 aut
1467 4291 1589 4355 damus
1609 4313 1860 4377 expugnaren-

503 4394 615 4459 rotur.
660 4386 694 4449 A
715 4384 789 4448 loeo
810 4383 843 4448 iu
864 4384 1068 4448 coniectura:
1101 4395 1140 4446 ut
1160 4385 1194 4446 si
1211 4383 1349 4459 siluam,
1379 4395 1545 4462 montem,
1569 4407 1750 4469 campum,
1773 4399 1862 4448 tem·

540 4478 656 4560 plum,
694 4476 849 4553 domum,
885 4477 1054 4539 civitatem
1084 4488 1328 4552 causarentur,
1365 4497 1512 4562 qnorum
1536 4490 1598 4542 ant
1622 4490 1860 4562 opportwuem

543 4570 680 4636 crimini
710 4573 802 4656 qnod
832 4573 1023 4636 intenditur
1043 4583 1105 4636 aut
1126 4569 1275 4632 alienum
1305 4571 1581 4654 argumentando
1606 4571 1700 4660 effici
1724 4585 1859 4656 potest.

543 4665 578 4728 A
600 4664 674 4728 loeo
693 4662 726 4727 in
757 4665 839 4742 bne,
876 4677 912 4728 ut
942 4665 1023 4730 idem
1043 4664 1121 4728 illud
1143 4662 1385 4728 Demosthenist
1421 4665 1514 4748 qrtod
1538 4665 1574 4727 in
1598 4667 1735 4728 theatro
1758 4677 1792 4727 et
1822 4665 1861 4728 in

543 4760 670 4841 templo
696 4760 857 4841 pulsatus
884 4758 952 4835 sit,
990 4778 1064 4822 esse
1088 4757 1263 4841 publicum
1286 4757 1427 4822 crimen.
1480 4761 1513 4822 A
1536 4759 1610 4823 loco
1629 4747 1663 4820 in
1683 4757 1858 4843 qualitate:

614 5003 656 5054 ll.
675 5007 737 5054 cad.
752 5005 889 5067 praeditis.
933 5005 974 5054 tt.
993 5009 1054 5057 Cot.
1073 5007 1397 5060 mansuetissimum.
1435 5005 1477 5060 ll.
1496 5009 1526 5058 so·
1544 5011 1611 5057 deest
1629 5011 1654 5058 ia
1672 5011 1733 5058 (lod.

618 5119 789 5216 tlt-'conus
808 5151 928 5211 Mtdluu
946 5153 980 5211 de
999 5155 1086 5233 alapa.
1174 5209 1178 5218 .
