4434 5959
724 1755 1425 1932 ruinarum(

380 2328 524 2484 Quod
550 2365 763 2442 iamdudum
787 2368 828 2442 in
853 2367 992 2466 optatis
1018 2376 1101 2442 erat
1125 2365 1324 2468 philologis
1350 2375 1388 2443 et
1413 2368 1495 2442 iure
1522 2368 1704 2444 consultis

377 2529 589 2624 universis,
617 2527 765 2601 tandem
791 2535 832 2601 ut
857 2551 971 2601 unum
993 2528 1035 2601 in
1060 2550 1198 2626 corpus
1225 2525 1487 2628 redigerentur
1512 2525 1562 2602 Μ.
1591 2527 1706 2602 Tullii

378 2685 606 2763 scholiastae
634 2696 672 2760 et
694 2684 870 2761 rhetores
897 2685 1039 2787 aliquot
1064 2686 1112 2760 ad
1137 2687 1217 2796 eius
1238 2687 1464 2784 scriptorum
1483 2685 1705 2761 emendatio·

253 2934 255 2949 ν
378 2871 460 2921 nem
486 2845 592 2920 haud
616 2845 789 2942 inutiles,
815 2845 855 2919 id
878 2846 1000 2944 ipsum
1023 2847 1208 2920 communi
1225 2870 1323 2920 nunc
1341 2845 1498 2920 consilio
1519 2868 1602 2920 cum
1622 2845 1705 2920 Bai·

380 3015 459 3080 tero
493 3027 582 3078 meo
615 3004 770 3104 exsequi
805 3004 941 3080 studui.
1010 3003 1134 3105 Atque
1169 3029 1214 3078 eo
1249 3005 1364 3105 magis
1391 3004 1571 3078 eiusmodi
1598 3006 1705 3105 quasi

378 3165 674 3264 supplementum
699 3188 837 3264 operae
863 3162 1037 3240 Ciceroni
1061 3173 1146 3238 ante
1172 3174 1327 3240 navatae
1349 3163 1601 3239 necessarium
1619 3189 1719 3240 esse-

379 3324 572 3421 ducimus,
611 3322 711 3423 quod
744 3347 855 3423 quum
890 3320 932 3399 C.
960 3323 1076 3398 lulius
1101 3322 1236 3398 Victor
1261 3332 1299 3399 et
1325 3320 1478 3401 Scholia
1502 3322 1704 3399 bobiensia

378 3485 415 3558 in
446 3485 581 3559 codice
616 3481 801 3561 Vaticano
838 3485 886 3558 ah
924 3481 1067 3584 Angelo
1106 3483 1206 3557 Maio
1243 3481 1290 3557 V.
1330 3479 1372 3558 C.
1406 3507 1526 3582 nuper
1551 3493 1703 3582 reperta

252 3738 254 3743 1
378 3645 523 3718 nostris
546 3643 588 3717 in
612 3644 728 3718 terris
745 3641 909 3718 nondum
935 3651 1022 3718 sunt
1047 3645 1232 3741 repetita,
1258 3651 1335 3716 tum
1361 3643 1400 3716 in
1427 3642 1563 3716 ceteris
1588 3643 1704 3718 omni·

378 3803 446 3878 bus
482 3801 658 3878 nonnihil
692 3800 830 3877 afferre
854 3825 968 3902 posse
1000 3801 1111 3876 nobis
1149 3801 1337 3899 videmur,
1370 3795 1444 3901 quo
1470 3802 1703 3877 correctiora

381 3987 487 4062 quam
513 3961 690 4036 inlibris
717 3960 836 4036 adhuc
860 3961 1019 4060 vulgatis
1043 3959 1239 4060 prodeant.
1293 3958 1390 4062 Quid
1417 3969 1538 4034 autem
1562 3960 1602 4034 in
1628 3961 1703 4034 sin·

380 4121 471 4222 gulis
496 4122 721 4220 praestitum
746 4120 822 4218 sit,
848 4120 1058 4221 siugulatim
1082 4121 1319 4220 exposuimus
1343 4121 1382 4193 in
1407 4117 1701 4220 praelationibus

380 4284 441 4356 uni
479 4280 614 4381 cuique
654 4281 832 4380 scriptori
866 4281 1111 4380 praemissis;
1145 4303 1240 4381 quae
1267 4279 1411 4379 quidem
1437 4278 1603 4380 praecipi
1629 4230 1708 4354 hoc

381 4439 462 4515 loco
488 4439 584 4515 nihil
609 4441 752 4515 attinet.
803 4438 923 4515 Nemo
948 4463 1062 4537 vero,
1088 4447 1131 4516 ut
1156 4439 1316 4538 opinor,
1341 4461 1412 4512 nos
1437 4436 1699 4536 reprehendet,

382 4601 479 4698 quod
512 4599 703 4675 omisimus
739 4598 921 4674 Macrobii
957 4599 997 4672 in
1040 4596 1233 4677 Somnium
1266 4594 1454 4696 Scipionis
1481 4605 1702 4672 commenta·

380 4758 496 4856 rium,
522 4760 659 4860 quippe
685 4760 749 4860 qui
774 4769 812 4835 et
837 4758 977 4834 diversi
1002 4759 1150 4861 generis
1177 4757 1228 4832 sit
1253 4758 1435 4832 anostris
1453 4757 1701 4858 grammaticis

382 4939 423 4990 ac
464 4917 714 5016 rhetoribus,
763 4927 802 4994 et
847 4916 1020 4994 facillime
1065 4942 1086 4992 a
1133 4918 1265 5019 quovis
1306 4915 1450 4991 consuli
1486 4926 1623 5018 queat3
1660 4925 1702 4992 ut

382 5073 470 5150 illud
500 5086 715 5178 taceamus,
758 5078 886 5154 sedulo
912 5066 1218 5178 prospiciendum
1254 5073 1394 5172 luisse,
1428 5099 1475 5149 ne
1500 5075 1610 5150 nimis
1636 5099 1697 5148 ex·

384 5245 569 5312 cresceret
594 5238 683 5313 libri
709 5239 839 5314 moles.
892 5237 1039 5313 ludices
1065 5248 1188 5315 autem
1214 5235 1492 5337 copiosissimos
1512 5234 1699 5308 nominum
