4434 5959
546 588 608 656 386
1089 592 1325 661 BOETHIUS

546 731 658 796 studiis
680 743 934 797 annumerentur.
978 732 1077 798 Simul
1101 735 1233 799 dandam
1248 757 1316 799 esse
1332 757 1462 820 operam
1481 737 1574 818 dicit,
1599 739 1748 826 quoniam
1763 741 1865 806 bene·

546 829 624 892 uolo
648 828 751 892 animo
771 825 938 893 Ciceronis
960 847 1042 910 opus
1062 829 1233 892 Trebatius
1249 841 1332 893 esset
1353 831 1515 911 edituros,
1539 845 1598 911 ut,
1622 856 1718 920 quum
1731 834 1763 898 in
1784 838 1867 900 mul-

545 934 652 987 torum
677 943 788 986 manus
814 921 972 999 venisset,
994 924 1150 1004 prodesse
1168 923 1206 986 iis
1220 924 1250 986 in
1267 923 1426 1010 integrum
1449 941 1577 1009 posset,
1602 929 1656 1013 qui
1678 930 1775 994 rectis
1797 945 1867 995 stu-

546 1017 603 1081 diis
626 1030 826 1095 tenerentur,
849 1017 913 1080 boc
928 1036 1057 1101 quoque
1079 1017 1235 1081 Trebatio
1255 1018 1401 1084 beneficii
1421 1021 1546 1086 nomine
1564 1026 1760 1103 concedens,
1778 1031 1867 1111 quod

520 1113 585 1174 sad
606 1131 677 1174 erim
696 1110 814 1193 scripta
836 1119 868 1172 et
886 1131 948 1191 per
969 1131 1038 1173 eum
1061 1108 1144 1173 edita
1166 1110 1364 1194 [protutura]
1387 1113 1530 1195 plurimis
1552 1118 1785 1184 conscriberet.

631 1205 731 1288 (Cap.
754 1205 807 1269 19.
831 1205 863 1278 §.
887 1203 956 1284 73.)
976 1207 1072 1268 Haec
1095 1225 1181 1288 ergo
1203 1207 1462 1290 argumentatio
1476 1243 1518 1256 -·
1532 1245 1568 1256 --
1593 1210 1867 1304 adsociendam

538 1299 667 1379 fidem.

629 1391 838 1458 Extrinsecus
867 1393 1005 1476 positum
1036 1393 1214 1477 argumenti
1246 1393 1371 1470 loetum,
1409 1415 1504 1480 quem
1534 1397 1587 1462 M.
1618 1397 1747 1463 Tullius
1769 1413 1868 1466 rorat

546 1490 623 1554 artis
642 1499 822 1573 expertem,
847 1486 881 1551 in
901 1487 1240 1568 testimoniopositum
1264 1499 1332 1550 e'sse
1347 1491 1545 1570 pronuntiat.
1588 1489 1739 1556 Dubitari
1760 1508 1865 1560 autem

503 1602 535 1652 tu
545 1594 670 1668 potest,
695 1582 772 1668 quid
791 1580 846 1646 hic
867 1580 957 1645 locus
979 1603 997 1645 a
1019 1580 1240 1663 superioribus
1263 1583 1407 1657 differat,
1432 1605 1513 1666 quos
1532 1584 1564 1648 in
1585 1584 1707 1648 allectis
1730 1586 1865 1654 locarit.

545 1681 626 1742 Nam
649 1678 695 1741 uti
717 1677 830 1741 allecta
850 1696 977 1759 semper
996 1677 1029 1738 io
1050 1675 1204 1738 relatione
1224 1687 1296 1738 sunt
1318 1675 1509 1753 constituta,
1533 1679 1576 1742 ita
1600 1679 1691 1742 etiam
1717 1682 1865 1747 testimo·

544 1771 596 1836 nia
618 1773 729 1847 adea,
764 1791 899 1856 quorum
922 1779 995 1832 sunt
1019 1768 1217 1846 testimonio,
1240 1770 1436 1835 referuntur.
1491 1773 1595 1837 Omne
1614 1772 1696 1836 cuim
1719 1775 1866 1840 testimo·

544 1871 629 1934 nium
647 1878 779 1931 testatae
798 1864 844 1928 rei
870 1873 919 1926 est
940 1861 1166 1926 testimonium.
1226 1863 1389 1944 Quocirca
1413 1887 1470 1928 eur
1492 1877 1545 1929 aut
1567 1887 1623 1943 ea,
1648 1889 1729 1950 quae
1752 1871 1867 1935 affecta

546 1965 662 2027 dudum
685 1973 799 2026 vocata
821 1970 914 2034 sunt,
952 1978 1016 2021 non
1038 1956 1236 2021 extrinsecus
1262 1959 1485 2036 collocentur,
1520 1971 1574 2022 aut
1596 1980 1650 2036 ea,
1685 1983 1767 2045 quae
1784 1985 1869 2027 nrrne

505 2068 702 2122 ssvocanuu
728 2051 943 2128 extrinsecus,
967 2072 1031 2115 oon
1052 2050 1135 2114 iuter
1157 2049 1268 2114 allecta
1284 2065 1463 2134 ponantur,
1489 2053 1597 2138 quaeri
1619 2065 1746 2135 potest:
1769 2081 1868 2143 quum

545 2148 734 2237 praesertim
761 2169 818 2222 ea,
852 2165 934 2231 quae
962 2145 1109 2208 adiuncta
1135 2165 1203 2208 esse
1234 2146 1365 2229 negotio
1400 2147 1543 2230 superius
1575 2145 1730 2224 diximus,
1769 2151 1871 2214 veluti

547 2248 704 2330 quoddam
727 2240 938 2305 testimonium
973 2259 1068 2322 saepe
1096 2241 1193 2302 robus
1223 2239 1375 2316 afferant,
1413 2262 1508 2326 quum
1540 2261 1581 2303 ex
1614 2259 1745 2318 eorum,
1786 2265 1870 2330 quac

546 2347 789 2424 praecesserunt
814 2333 866 2397 rel
888 2343 1058 2397 consecuta
1081 2343 1174 2407 sieut,
1211 2331 1329 2416 signis,
1365 2338 1452 2416 quod
1474 2346 1598 2420 gestum
1621 2333 1680 2411 sit,
1719 2339 1869 2400 couside-

545 2433 612 2498 rari
634 2431 749 2494 soleat.
794 2429 939 2508 Quorum
959 2428 1097 2492 omnium
1121 2425 1296 2516 eommunis
1318 2427 1437 2492 solutio
1456 2441 1520 2505 est,
1555 2429 1643 2512 quod
1674 2449 1717 2490 ex
1745 2430 1869 2493 affectis

503 2535 731 2612 ttargumenta
754 2522 951 2609 quaedum,
976 2524 1016 2584 ab
1039 2531 1172 2585 oratore
1197 2519 1400 2584 inveniuntur
1421 2521 1551 2606 eiusque
1577 2539 1679 2602 opera
1699 2535 1797 2610 atque
1820 2523 1868 2586 in·

546 2619 668 2686 dustria
691 2629 882 2692 nascuntur3
916 2638 952 2679 ra
976 2636 1077 2691 vero,
1102 2633 1184 2697 quac
1207 2611 1402 2678 extrinsecus
1427 2616 1532 2697 posita
1554 2631 1648 2696 sont,
1678 2618 1727 2683 rei
1743 2629 1867 2682 tantum

545 2714 759 2780 testimonium
781 2713 948 2795 praebent.
992 2709 1069 2773 Non
1092 2707 1174 2770 euim
1196 2705 1399 2770 inveniuntur
1420 2712 1460 2772 ab
1484 2722 1634 2790 oratore,
1657 2715 1715 2776 sed
1731 2711 1767 2775 iis
1792 2732 1868 2774 ora-

544 2821 600 2875 tor
628 2807 728 2871 utitur
752 2805 866 2889 positis
893 2815 994 2888 atque
1023 2813 1094 2863 ante
1118 2798 1311 2865 constitutis.
1370 2801 1554 2887 Numquae
1583 2826 1600 2868 a
1628 2826 1748 2891 genere
1772 2805 1866 2870 vela

544 2903 650 2987 speeie
673 2902 724 2966 rel
746 2897 896 2964 arcteris
918 2895 1040 2960 allectis
1062 2906 1247 2978 argumenta
1272 2903 1361 2971 sumt,
1387 2893 1518 2976 abipso
1541 2901 1777 2979 quodammodo
1793 2919 1869 2962 ora.

502 3004 534 3054 25
545 3011 617 3063 tore
637 2995 819 3081 pariuntur.
875 2989 1070 3058 Testimonia
1093 3007 1174 3051 vero
1197 2985 1257 3050 sibi
1279 2986 1346 3068 ipse
1369 3008 1433 3050 nou
1457 2989 1575 3067 elficit,
1598 2997 1656 3058 sed
1677 2997 1716 3057 ad
1738 3015 1866 3056 cansam

544 3092 643 3155 utitur
665 3101 737 3154 aute
770 3085 981 3171 praeparatis.
1039 3083 1115 3164 Quo
1140 3081 1193 3156 fit,
1229 3091 1263 3142 ut
1291 3093 1477 3164 argumenta
1501 3104 1542 3147 ex
1565 3087 1687 3152 allectis
1714 3087 1744 3150 in
1771 3107 1866 3150 eausa

544 3183 648 3247 statim
671 3195 764 3266 atque
789 3203 829 3244 ex
849 3184 998 3263 tempore
1020 3186 1208 3250 nascautur;
1231 3195 1267 3238 ea
1291 3195 1390 3252 vero,
1415 3177 1540 3260 quaein
1560 3181 1746 3245 testimoniis
1761 3181 1866 3264 posita

544 3288 635 3356 suut,
660 3289 731 3340 aute
752 3297 818 3339 rem
838 3270 1074 3358 praecurrentia
1096 3269 1315 3334 confirmando
1335 3291 1425 3332 ustum
1441 3272 1574 3356 negotio
1588 3273 1752 3355 posterius
1771 3295 1865 3357 prae·

544 3383 641 3434 stent.
684 3368 730 3433 Et
756 3369 787 3430 io
810 3367 964 3430 adiunctis
986 3368 1026 3429 ab
1055 3375 1186 3429 oratore
1218 3361 1401 3426 coniectura
1429 3364 1593 3450 colligitur
1621 3381 1654 3432 et
1682 3369 1863 3433 auditorum

503 3463 699 3527 tumentibus
721 3460 899 3536 intimatum
921 3448 1106 3523 testimonio
1123 3478 1203 3522 vero
1225 3478 1288 3519 non
1307 3458 1337 3521 iu
1363 3457 1552 3523 coniecturis
1576 3473 1630 3524 aut
1650 3461 1683 3526 io
1706 3461 1864 3545 ssupicio·

546 3559 656 3630 nibus,
694 3555 800 3617 sedin
830 3553 878 3616 rei
904 3565 1013 3638 gestae
1034 3549 1215 3614 narratione
1238 3550 1426 3614 consistunt.
1472 3553 1620 3617 Ostendit
1638 3567 1742 3619 autem
1766 3557 1864 3619 vebr-

546 3649 699 3725 mcotiua,
738 3647 814 3732 quid
836 3657 920 3709 esset
944 3645 1174 3720 testimouium,
1213 3662 1308 3726 quum
1328 3643 1403 3706 dicit
1422 3643 1456 3714 id
1475 3665 1546 3728 agse
1568 3648 1781 3712 testimouium
1804 3669 1866 3713 vo·

546 3742 630 3824 curi,
663 3743 751 3826 quod
772 3742 810 3802 ab
839 3739 944 3824 aliqua
970 3750 1101 3802 extenua
1130 3757 1166 3801 re
1195 3738 1342 3802 sumitur.
1396 3739 1512 3805 Omnia
1540 3741 1658 3826 quippe
1681 3741 1797 3804 allecta
1825 3743 1863 3804 ab

546 3838 608 3912 eis,
648 3839 687 3898 ad
709 3835 919 3918 quaeallecta
941 3844 1031 3909 suut,
1070 3831 1299 3897 nonvidentur
1319 3843 1463 3897 externa.
1508 3836 1614 3899 Testis
1634 3857 1806 3899 varocum
1828 3855 1863 3896 re

502 3939 534 3988 ³5
546 3931 710 3996 testificata
733 3929 816 3992 nulla
840 3927 1031 4013 cognatione
1059 3925 1264 4010 coniungitur
1288 3925 1346 3990 nisi
1368 3929 1436 3991 sola
1462 3929 1592 4007 notitia,
1618 3949 1699 4015 quae
1727 3929 1807 3994 nihil
1827 3931 1864 3992 ad

544 4049 632 4102 rom,
656 4045 737 4110 quae
760 4035 848 4108 gesta
870 4035 934 4099 est,
957 4021 1085 4096 attinet,
1111 4039 1225 4104 quum,
1250 4018 1276 4082 si
1299 4031 1424 4103 gestum
1448 4021 1610 4106 negotium
1631 4023 1738 4086 nullus
1761 4045 1862 4108 agno·

545 4131 666 4196 sceret,
700 4119 797 4182 nihilo
821 4116 921 4180 minus
949 4127 1052 4178 tamen
1077 4125 1166 4198 gesta
1193 4127 1246 4175 res
1274 4123 1366 4180 esset.
1423 4115 1487 4178 Sed
1507 4117 1539 4179 id
1564 4117 1685 4198 poterit
1708 4119 1862 4182 etiamad

544 4211 777 4277 similitudinem
806 4208 890 4272 duci.
934 4209 1020 4290 Quid
1048 4207 1129 4270 enim
1161 4205 1261 4270 minus
1283 4219 1366 4270 esset
1386 4207 1525 4292 aliquid,
1559 4209 1763 4277 sieisimile
1785 4212 1862 4276 nibil

542 4303 761 4389 reperiretur?
794 4307 859 4368 Sed
880 4305 967 4390 quod
989 4301 1089 4365 simile
1113 4312 1179 4379 est,
1210 4301 1257 4376 ei,
1295 4303 1346 4365 cui
1368 4301 1466 4366 simile
1490 4313 1555 4380 est,
1580 4307 1688 4368 eadem
1712 4305 1861 4392 qualitate

501 4411 533 4463 tu
544 4399 769 4484 coniungitur:
793 4418 874 4482 quae
897 4395 1031 4482 qualitas
1049 4407 1217 4480 utrumque
1233 4395 1427 4461 conformat.
1473 4396 1610 4461 Scientia
1626 4419 1725 4477 vero,
1750 4421 1861 4486 quaro·

543 4493 591 4556 vis
614 4493 730 4556 efficiat
757 4503 888 4569 testem,
926 4491 1011 4554 nulla
1038 4500 1143 4553 tamen
1173 4490 1323 4575 qualitate
1353 4491 1556 4576 coniungitur
1585 4513 1656 4556 com
1677 4513 1734 4571 re,
1773 4491 1861 4556 cuius

542 4585 596 4649 illa
629 4585 738 4649 notitia
771 4597 832 4649 est.
889 4586 1003 4670 Neque
1036 4583 1119 4648 euim
1149 4583 1277 4648 scientis
1309 4584 1421 4648 notitia
1444 4583 1492 4650 rei
1514 4597 1624 4668 gesture
1645 4586 1781 4671 qualitas
1802 4583 1860 4648 diri

542 4691 671 4762 potest,
703 4692 818 4764 quum,
856 4678 882 4742 si
904 4678 1017 4742 notitia
1039 4677 1175 4763 qualitas
1196 4677 1246 4740 rei
1266 4689 1376 4760 posset
1399 4678 1549 4764 intelligi,
1573 4678 1782 4762 pereuntibus
1801 4679 1858 4752 iis,

543 4773 596 4856 qui
618 4795 684 4836 rem
706 4783 841 4848 norunt,
862 4792 916 4835 res
938 4769 991 4836 vel
1010 4771 1156 4836 interiret
1177 4775 1230 4836 vel
1250 4781 1446 4862 mutaretur:
1470 4774 1557 4857 quod
1572 4783 1719 4838 uersuum
1733 4771 1860 4836 evenire

499 4877 672 4930 ttoecesse
706 4878 771 4942 est,
807 4865 1062 4950 quandoquidem
1093 4863 1269 4948 absumptis
1297 4864 1470 4932 scientibus
1496 4885 1551 4932 res
1572 4867 1720 4952 ignorata
1741 4863 1860 4948 poterit

539 4979 740 5042 permanere.

616 5096 644 5150 5.
659 5091 818 5165 proflatum
846 5111 904 5149 om.
929 5092 1009 5148 Bina.
1058 5101 1105 5155 50.
1134 5095 1286 5166 colligatur
1306 5126 1326 5140 -
1344 5127 1363 5140 -
1386 5099 1715 5166 intemeratarum,
1743 5107 1778 5151 ut
1797 5109 1856 5148 eunt

539 5167 970 5255 praecedentibus'cohaeream
992 5167 1074 5223 male.
