4434 5959
914 611 1023 681 CAP.
1044 612 1110 679 Vl.
1615 611 1682 682 293

369 752 528 818 desertor
553 751 777 838 appellandus
797 752 862 829 sit,
884 755 945 840 qut
969 757 1101 822 nonem
1122 751 1208 818 uitat
1227 750 1403 845 acsngit,
1437 753 1469 818 is
1491 764 1600 831 certe,
1622 717 1718 841 qul⁴

368 867 439 910 non
456 847 575 912 suasu
595 869 657 911 nec
667 844 800 939 fugit,
822 849 884 913 sed
906 849 998 914 ultro
1016 845 1182 930 appetiit,
1205 847 1359 912 desertor
1379 847 1448 912 dici
1466 851 1561 912 nullo
1578 849 1682 914 modo

366 952 493 1024 potest.
533 945 566 1006 A
587 942 749 1007 contrario
770 941 802 1004 iu
823 941 994 1026 qualitate:
1017 952 1056 1002 ut
1081 939 1114 1003 si
1134 937 1312 1004 honesturn
1333 953 1387 1006 est
1408 941 1557 1025 aliqssid,
1581 954 1681 1025 turpe

369 1055 439 1098 non
464 1046 536 1108 ests
565 1048 599 1099 et
628 1036 660 1100 si
687 1035 763 1098 iure
784 1033 922 1118 factum
941 1046 993 1099 est
1012 1033 1162 1117 aliquid,
1196 1055 1265 1097 non
1290 1046 1403 1119 potest
1426 1056 1492 1117 per
1517 1033 1681 1100 iniseriam

368 1129 551 1195 vindicari.
594 1129 626 1192 Α
647 1127 884 1211 comparatione
903 1139 934 1192 et
956 1127 1159 1202 coniectura,
1183 1147 1200 1190 a
1223 1128 1343 1192 minore
1366 1131 1404 1191 ad
1422 1126 1539 1190 meiius
1561 1127 1592 1191 si
1605 1127 1705 1192 ecci-⁵

368 1243 461 1306 guae
480 1221 645 1305 pecuniae
672 1243 780 1284 caussa
798 1243 940 1304 peccem
960 1242 1028 1285 non
1049 1218 1232 1296 dubitauit,
1271 1221 1354 1305 quid
1373 1241 1479 1304 qiusm
1499 1219 1550 1283 illi
1567 1219 1680 1286 maists

369 1326 460 1378 esset
477 1313 697 1397 propositum
719 1315 879 1378 lacerum?
901 1318 1000 1378 Certe
1020 1334 1089 1377 non
1111 1314 1283 1382 abstinuit.
1326 1317 1355 1378 Α
1380 1314 1499 1378 minore
1521 1314 1561 1376 ad
1581 1312 1679 1377 maius

370 1406 402 1471 iu
423 1407 507 1470 line:
529 1407 558 1467 si
578 1407 798 1470 commovisse
817 1406 949 1490 aliquid
964 1428 1101 1484 eorum,
1125 1430 1211 1492 quoe
1232 1408 1411 1491 intemplo
1431 1419 1528 1471 erant
1548 1405 1678 1489 posita,

368 1511 431 1562 aut
448 1500 697 1564 contaminasse
725 1500 945 1584 sacrilegium
967 1501 1121 1577 uidetur,
1156 1513 1284 1586 quanto
1319 1501 1432 1584 magis
1470 1521 1511 1564 eo
1539 1499 1679 1564 crinsine

369 1603 507 1656 tenetur
526 1592 657 1678 aliquid
670 1593 711 1657 de
726 1597 850 1676 templo
862 1593 1073 1658 sustulisse?
1092 1595 1137 1658 Et
1155 1595 1287 1658 blancus
1302 1595 1425 1657 Tullius
1441 1615 1501 1676 pro
1523 1591 1677 1657 Caecina:
1691 1597 1721 1650 ¹⁰

370 1686 404 1750 si
425 1685 539 1750 uidere
559 1699 714 1750 armatos
734 1687 817 1754 satis
840 1698 892 1750 est
913 1686 961 1748 nd
982 1686 1049 1749 uim
1067 1687 1300 1770 probandam,
1323 1698 1451 1772 quanto
1471 1685 1584 1770 magis
1600 1688 1679 1770 pul·

370 1798 450 1842 sum
471 1801 546 1843 esse
567 1791 660 1843 metu
680 1803 721 1843 ac
745 1793 878 1844 terrore
900 1779 951 1842 vis
970 1779 1045 1843 est?
1084 1779 1236 1845 Similiter
1257 1792 1288 1843 et
1316 1779 1348 1843 in
1374 1780 1487 1842 ceteris
1514 1798 1533 1841 a
1560 1779 1679 1842 maiore

374 1874 415 1935 ad
436 1873 549 1938 minus.
593 1873 663 1937 Nec
680 1895 808 1938 necesse
827 1885 874 1937 est
892 1871 925 1934 iu
945 1871 994 1935 his
1015 1872 1092 1936 locis
1113 1875 1293 1950 ostendere,
1316 1874 1574 1957 quemadmodum
1591 1881 1623 1934 et
1646 1869 1678 1934 in

373 1968 577 2031 accusatione
608 1978 639 2030 et
674 1967 856 2032 defensione
880 1976 1017 2029 utamur.
1074 1965 1298 2032 Demonstrata
1323 1963 1404 2030 enim
1421 1977 1528 2049 parte,
1564 1963 1676 2042 facile,

372 2058 428 2143 qui
451 2080 515 2124 uon
542 2060 583 2124 sit
612 2062 708 2125 hebes
729 2082 767 2126 ac
784 2059 874 2123 nimis
897 2062 1028 2134 brittus,
1064 2059 1243 2145 assequitur
1270 2061 1433 2146 quomodo
1460 2057 1493 2122 in
1515 2061 1720 2140 utramque¹⁵

372 2163 517 2236 partem,
540 2154 567 2218 si
583 2155 717 2218 facultas
739 2157 852 2232 detur,
876 2153 926 2217 his
947 2152 993 2215 uti
1014 2151 1095 2216 locis
1116 2154 1230 2236 possit.

512 2317 544 2391 §-
566 2313 599 2376 5.
622 2313 687 2376 EX
709 2310 1127 2377 PRAECEDENTIBUS
1150 2309 1199 2374 IN
1222 2308 1540 2377 CONIECTURA.

457 2450 568 2518 Omnis
589 2473 642 2516 res
667 2454 762 2516 habet
786 2451 903 2537 aliquid
926 2452 1137 2535 praecedens,
1173 2449 1293 2535 aliquid
1312 2451 1422 2528 simul,
1458 2450 1575 2536 aliquid
1600 2470 1679 2515 con·

369 2565 518 2630 sequeus.
561 2545 606 2608 Et
625 2565 667 2608 ex
688 2565 747 2620 co,
771 2547 858 2630 quod
877 2543 1039 2628 praecedit
1059 2541 1176 2627 aliquid
1197 2555 1250 2608 aut
1269 2542 1361 2607 simul
1374 2555 1422 2608 cst
1442 2556 1496 2608 aut
1510 2544 1678 2629 consequi·

370 2651 443 2714 tur,
474 2636 652 2722 colligimus
674 2648 910 2723 argumentum,
948 2649 983 2700 ut
1004 2637 1136 2701 Marcus
1158 2635 1281 2700 Tullius
1307 2658 1369 2721 pro
1394 2634 1542 2702 Milones
1574 2659 1679 2723 quurn
1687 2647 1719 2698 tt

369 2743 451 2795 ante
477 2731 567 2794 diem
595 2731 734 2795 tertium
757 2731 889 2794 dixerit
918 2729 1057 2794 Clodius
1075 2729 1245 2794 Milonem
1260 2730 1476 2814 periasrumr
1495 2751 1600 2815 quum
1621 2730 1678 2794 ille
1705 2785 1707 2788 .

369 2844 441 2888 non
462 2824 666 2888 dubitauerit
681 2824 880 2906 praedicere
899 2823 983 2911 quid
1002 2833 1092 2887 esset
1095 2821 1292 2914 fortunas,
1328 2844 1387 2888 uos
1412 2821 1575 2888 dubitatis
1594 2845 1678 2906 pro·

369 2917 532 2980 mentiare
560 2917 644 3002 quid
661 2916 823 3009 feeerit?
863 2916 1067 2982 Defensionis
1094 2928 1196 2978 autem
1228 2927 1410 3000 argumenta
1442 2917 1569 2980 abhoc
1602 2916 1677 2980 loco

370 3011 489 3095 duplici
509 3015 606 3076 modo
625 3012 697 3076 duci
718 3022 862 3095 possunt.
907 3013 989 3076 Nam
1010 3009 1036 3073 si
1058 3009 1145 3094 quod
1163 3010 1353 3093 praecedere
1373 3006 1498 3084 debuit,
1521 3027 1583 3071 nou
1598 3026 1678 3090 pro·

370 3109 486 3183 batur,
520 3127 579 3170 nec
598 3105 630 3169 id
654 3107 805 3169 credibile
827 3106 921 3168 debet
941 3124 1029 3178 esse,
1052 3103 1139 3188 quod
1155 3101 1316 3186 sequitur:
1340 3101 1372 3165 si
1394 3120 1463 3166 non
1484 3119 1560 3165 saun
1585 3104 1719 3166 locu-2⁵

369 3211 448 3276 tus,
472 3219 540 3263 non
557 3218 700 3283 possum
718 3199 826 3263 videri
842 3197 1050 3284 prodidisse.
1093 3195 1160 3258 Aut
1181 3205 1268 3258 certe
1288 3195 1352 3259 hoc
1366 3192 1459 3276 ipso,
1482 3196 1571 3276 quod
1584 3213 1677 3277 prae·

370 3291 504 3355 cessisse
527 3291 658 3368 dicitur,
691 3292 807 3355 crimen
830 3291 990 3368 diluimus,
1023 3301 1058 3356 ut
1076 3287 1104 3352 si
1124 3289 1265 3353 dicatum:
1298 3287 1470 3361 occidisti,
1500 3308 1579 3350 nam
1598 3297 1678 3349 aras

370 3385 522 3448 minatus
542 3407 598 3449 es:
628 3397 660 3450 ct
684 3387 918 3463 contradicas,
943 3407 990 3448 ex
1016 3405 1068 3460 eo,
1093 3383 1187 3467 quod
1213 3382 1362 3446 nunatsss
1388 3403 1485 3457 sum,
1521 3381 1679 3449 credibile

370 3500 441 3542 non
463 3491 515 3542 est
544 3499 596 3541 me
616 3480 818 3562 peremisse:
839 3500 955 3545 ornnes
975 3477 1083 3554 enirn,
1107 3475 1167 3561 qui
1185 3475 1316 3560 aliquid
1333 3477 1400 3539 tale
1426 3474 1560 3540 sceleris
1582 3473 1678 3558 cogi·

370 3582 465 3646 sant,
503 3573 630 3635 occulte
651 3573 788 3650 habent,
825 3595 893 3658 quo
904 3570 1059 3664 facilius
1078 3566 1215 3657 efficere
1233 3569 1381 3652 possint.
1424 3571 1458 3632 A
1478 3564 1719 3651 praecedentitt

369 3660 403 3728 ia
421 3664 504 3727 linc:
531 3663 563 3727 si
586 3665 725 3730 omnino
753 3667 882 3730 uenisse
903 3667 939 3729 in
963 3665 1125 3747 templum
1138 3659 1298 3755 furandi
1321 3682 1427 3724 causo
1447 3661 1517 3724 iarn
1539 3661 1678 3724 sacrile-

369 3757 469 3841 gium
491 3769 562 3833 est,
595 3759 678 3844 quia
696 3781 765 3823 non
787 3760 907 3836 exitu,
940 3758 1001 3821 sed
1019 3768 1144 3821 conatu
1171 3758 1258 3818 male
1275 3751 1388 3846 sacta
1412 3753 1677 3827 existimantur,

368 3863 500 3934 quanto
518 3852 631 3936 magis
651 3875 670 3914 e
685 3856 810 3935 templo
828 3851 1049 3938 quodcumque
1072 3849 1278 3914 abstulisse?
1317 3849 1361 3912 Et
1383 3849 1514 3910 Marcus
1533 3846 1699 3932 Tullius

369 3943 582 4007 denuntiasti
612 3955 758 4008 mortem
789 3945 972 4010 Caecinae:
1008 3944 1040 4009 si
1067 3947 1131 4010 bae
1162 3943 1194 4005 oi
1213 3941 1421 4026 perterritus
1443 3937 1675 4010 discessisset,

368 4035 538 4099 neminem
559 4037 714 4101 dubitare
738 4039 935 4120 oportebat,
958 4037 1139 4122 quominus
1159 4033 1193 4098 ui
1210 4037 1332 4119 pulsus
1354 4033 1537 4096 uideretur.
1579 4033 1718 4101 Itaness

369 4131 510 4194 tandem
538 4130 662 4195 cssdire
682 4144 837 4216 armatos
857 4132 944 4196 satis
963 4143 1012 4194 est
1035 4130 1083 4193 ad
1106 4129 1174 4192 uim
1195 4127 1426 4212 probandomr
1448 4125 1585 4196 uidere,
1609 4142 1677 4185 non

369 4223 439 4288 erit
458 4224 571 4288 satis?
592 4213 656 4290 'Au
678 4245 717 4290 eo
740 4237 855 4303 autem,
890 4227 975 4309 quod
996 4223 1156 4307 praecedit
1184 4231 1216 4284 et
1244 4218 1334 4284 simul
1357 4230 1403 4282 est
1426 4229 1457 4280 et
1482 4215 1624 4299 sequitur
1646 4215 1677 4277 iu

371 4315 523 4402 qualitate
544 4317 757 4402 argumentari
778 4338 945 4401 possumus
966 4316 1028 4379 itas
1051 4337 1131 4378 nam
1150 4312 1181 4378 si
1201 4311 1292 4398 qnod
1306 4307 1480 4395 praecedit
1500 4311 1679 4372 honestum

369 4421 434 4484 est,
458 4430 591 4473 necesse
611 4422 661 4474 eu
674 4421 708 4474 et
720 4411 812 4496 quod
830 4410 986 4496 sequitsu·
1001 4411 1179 4473 honestum
1197 4407 1256 4470 sit.
1279 4407 1341 4481 Ut,
1364 4404 1396 4469 si
1413 4403 1495 4466 utile
1509 4413 1559 4466 est
1577 4423 1678 4464 exer·

368 4502 442 4565 ceri
461 4503 509 4564 ad
528 4503 617 4566 uires
638 4503 813 4586 corporis,
836 4517 869 4568 et
883 4505 963 4567 bene
975 4505 1086 4566 velere
1101 4501 1186 4565 utile
1202 4511 1267 4563 est.
1309 4498 1348 4564 Si
1363 4497 1453 4560 bona
1465 4508 1517 4560 est
1533 4493 1675 4568 sanitas,
1688 4513 1721 4564 tu
1739 4579 1742 4588 .

368 4605 405 4658 et
424 4595 483 4659 uri
501 4606 536 4661 et
561 4597 672 4662 secari
699 4597 824 4661 bonum
849 4607 915 4674 est,
950 4595 1032 4682 quio
1063 4597 1145 4658 naec
1163 4613 1232 4678 pro
1256 4591 1405 4654 sanitate
1414 4586 1554 4681 fsuura
1574 4586 1679 4650 susci·

364 4685 526 4770 piantur.
583 4687 820 4774 comparativis
842 4711 971 4776 quoque
991 4690 1071 4753 locis
1098 4709 1161 4752 non
1189 4685 1288 4752 roiam
1310 4683 1340 4748 in
1360 4685 1423 4749 boc
1442 4701 1558 4768 genere
1582 4699 1679 4772 qnae·

440 4903 483 4953 30.
502 4907 563 4954 cot.
581 4906 655 4968 quod.

440 4988 488 5074 si.
507 5019 573 5091 cap.
594 5017 673 5072 xvs.

441 5095 489 5150 2⁰·
508 5093 576 5166 Cap.
595 5093 674 5148 xvt.
693 5109 759 5148 cam
779 5095 921 5146 satietate.

441 5169 490 5228 83.
507 5167 563 5224 Pru
582 5167 665 5224 csse.
684 5169 762 5224 m
780 5183 843 5223 eum
863 5181 919 5222 sas.
