<?xml version="1.0" encoding="UTF-8"?>
<!DOCTYPE html PUBLIC "-//W3C//DTD XHTML 1.0 Transitional//EN"
    "http://www.w3.org/TR/xhtml1/DTD/xhtml1-transitional.dtd">
<html xmlns="http://www.w3.org/1999/xhtml" xml:lang="en" lang="en">
 <head>
  <title>
</title>
<meta http-equiv="Content-Type" content="text/html;charset=utf-8" />
  <meta name='ocr-system' content='tesseract 3.04.00' />
  <meta name='ocr-capabilities' content='ocr_page ocr_carea ocr_par ocr_line ocrx_word'/>
</head>
<body>
  <div class='ocr_page' id='page_1' title='image "./operaquaesupers09halmgoog/operaquaesupers09halmgoog_0087.png"; bbox 0 0 4434 5959; ppageno 0'>
   <div class='ocr_carea' id='block_1_1' title="bbox 937 639 1654 739">
    <p class='ocr_par' dir='ltr' id='par_1_1' title="bbox 937 639 1654 739">
     <span class='ocr_line' id='line_1_1' title="bbox 937 639 1654 739; baseline -0.004 -37"><span class='ocrx_word' id='word_1_1' title='bbox 937 641 1028 706; x_wconf 78' lang='lat' dir='ltr'>nto.</span> <span class='ocrx_word' id='word_1_2' title='bbox 1050 639 1094 739; x_wconf 91' lang='grc' dir='ltr'>ι.Ι</span> <span class='ocrx_word' id='word_1_3' title='bbox 1616 639 1654 700; x_wconf 80' lang='grc' dir='ltr'>ιι</span> 
     </span>
    </p>
   </div>
   <div class='ocr_carea' id='block_1_2' title="bbox 263 777 1776 4402">
    <p class='ocr_par' dir='ltr' id='par_1_2' title="bbox 263 777 1776 4402">
     <span class='ocr_line' id='line_1_2' title="bbox 338 777 1653 862; baseline -0.002 -20"><span class='ocrx_word' id='word_1_4' title='bbox 338 793 474 843; x_wconf 77' lang='lat' dir='ltr'>naturae</span> <span class='ocrx_word' id='word_1_5' title='bbox 504 779 715 862; x_wconf 77' lang='lat' dir='ltr'>principalem</span> <span class='ocrx_word' id='word_1_6' title='bbox 743 780 954 843; x_wconf 79' lang='lat' dir='ltr'>definitionem</span> <span class='ocrx_word' id='word_1_7' title='bbox 987 779 1113 842; x_wconf 78' lang='lat' dir='ltr'>omisit:</span> <span class='ocrx_word' id='word_1_8' title='bbox 1147 778 1225 842; x_wconf 84' lang='lat' dir='ltr'>dixit</span> <span class='ocrx_word' id='word_1_9' title='bbox 1260 789 1363 842; x_wconf 89' lang='lat' dir='ltr'>autem</span> <span class='ocrx_word' id='word_1_10' title='bbox 1390 799 1459 842; x_wconf 82' lang='lat' dir='ltr'>esse</span> <span class='ocrx_word' id='word_1_11' title='bbox 1487 777 1653 841; x_wconf 88' lang='lat' dir='ltr'>difficilem.</span> 
     </span>
     <span class='ocr_line' id='line_1_3' title="bbox 339 871 1654 956; baseline -0.003 -18"><span class='ocrx_word' id='word_1_12' title='bbox 339 877 453 939; x_wconf 85' lang='lat' dir='ltr'>Partes</span> <span class='ocrx_word' id='word_1_13' title='bbox 477 887 583 935; x_wconf 86' lang='lat' dir='ltr'>autem</span> <span class='ocrx_word' id='word_1_14' title='bbox 605 872 672 934; x_wconf 90' lang='lat' dir='ltr'>eius</span> <span class='ocrx_word' id='word_1_15' title='bbox 694 883 873 946; x_wconf 75' lang='lat' dir='ltr'>enumerat,</span> <span class='ocrx_word' id='word_1_16' title='bbox 907 875 963 936; x_wconf 87' lang='lat' dir='ltr'>sed</span> <span class='ocrx_word' id='word_1_17' title='bbox 983 893 1152 956; x_wconf 80' lang='lat' dir='ltr'>quorum,</span> <span class='ocrx_word' id='word_1_18' title='bbox 1177 873 1299 954; x_wconf 80' lang='lat' dir='ltr'>inquit,</span> <span class='ocrx_word' id='word_1_19' title='bbox 1322 871 1526 954; x_wconf 72' lang='lat' dir='ltr'><strong><em>indigemus.</em></strong></span> <span class='ocrx_word' id='word_1_20' title='bbox 1572 871 1654 953; x_wconf 82' lang='lat' dir='ltr'>[Na-</span> 
     </span>
     <span class='ocr_line' id='line_1_4' title="bbox 339 963 1654 1051; baseline -0.005 -20"><span class='ocrx_word' id='word_1_21' title='bbox 339 983 409 1032; x_wconf 84' lang='lat' dir='ltr'>tura</span> <span class='ocrx_word' id='word_1_22' title='bbox 425 991 449 1049; x_wconf 20' lang='lat'>3&#39;</span> <span class='ocrx_word' id='word_1_23' title='bbox 481 967 641 1041; x_wconf 81' lang='lat' dir='ltr'>animalis,</span> <span class='ocrx_word' id='word_1_24' title='bbox 676 965 860 1030; x_wconf 83' lang='lat' dir='ltr'>inanimalis.</span> <span class='ocrx_word' id='word_1_25' title='bbox 918 964 1089 1038; x_wconf 79' lang='lat' dir='ltr'>Animalis3</span> <span class='ocrx_word' id='word_1_26' title='bbox 1127 965 1244 1038; x_wconf 87' lang='lat' dir='ltr'>divina,</span> <span class='ocrx_word' id='word_1_27' title='bbox 1276 964 1429 1027; x_wconf 86' lang='lat' dir='ltr'>mortalis.</span> <span class='ocrx_word' id='word_1_28' title='bbox 1485 963 1654 1051; x_wconf 73' lang='lat' dir='ltr'>Illortnlis5</span> 
     </span>
     <span class='ocr_line' id='line_1_5' title="bbox 339 1057 1654 1139; baseline -0.005 -13"><span class='ocrx_word' id='word_1_29' title='bbox 339 1062 522 1133; x_wconf 90' lang='lat' dir='ltr'>hominum,</span> <span class='ocrx_word' id='word_1_30' title='bbox 547 1059 731 1120; x_wconf 82' lang='lat' dir='ltr'>bestiarum.</span> <span class='ocrx_word' id='word_1_31' title='bbox 775 1058 967 1133; x_wconf 81' lang='lat' dir='ltr'>Homiuum3</span> <span class='ocrx_word' id='word_1_32' title='bbox 988 1057 1099 1132; x_wconf 88' lang='lat' dir='ltr'>animi,</span> <span class='ocrx_word' id='word_1_33' title='bbox 1116 1058 1278 1138; x_wconf 82' lang='lat' dir='ltr'>corporis,</span> <span class='ocrx_word' id='word_1_34' title='bbox 1296 1057 1520 1137; x_wconf 66' lang='lat' dir='ltr'>extrinsecum]</span> <span class='ocrx_word' id='word_1_35' title='bbox 1542 1060 1654 1139; x_wconf 84' lang='lat' dir='ltr'>ltaque</span> 
     </span>
     <span class='ocr_line' id='line_1_6' title="bbox 339 1149 1682 1242; baseline -0.004 -24"><span class='ocrx_word' id='word_1_36' title='bbox 339 1169 463 1242; x_wconf 79' lang='lat' dir='ltr'>partem</span> <span class='ocrx_word' id='word_1_37' title='bbox 485 1153 572 1215; x_wconf 88' lang='lat' dir='ltr'>illam</span> <span class='ocrx_word' id='word_1_38' title='bbox 600 1163 731 1214; x_wconf 85' lang='lat' dir='ltr'>naturae</span> <span class='ocrx_word' id='word_1_39' title='bbox 759 1151 905 1235; x_wconf 86' lang='lat' dir='ltr'>reliquit,</span> <span class='ocrx_word' id='word_1_40' title='bbox 942 1173 1023 1235; x_wconf 87' lang='lat' dir='ltr'>quae</span> <span class='ocrx_word' id='word_1_41' title='bbox 1054 1151 1228 1214; x_wconf 87' lang='lat' dir='ltr'>inanimalia</span> <span class='ocrx_word' id='word_1_42' title='bbox 1259 1160 1406 1235; x_wconf 59' lang='lat' dir='ltr'>generum</span> <span class='ocrx_word' id='word_1_43' title='bbox 1439 1170 1541 1232; x_wconf 85' lang='lat' dir='ltr'>neque</span> <span class='ocrx_word' id='word_1_44' title='bbox 1572 1149 1682 1212; x_wconf 62' lang='lat' dir='ltr'>enims</span> 
     </span>
     <span class='ocr_line' id='line_1_7' title="bbox 340 1243 1654 1329; baseline -0.008 -14"><span class='ocrx_word' id='word_1_45' title='bbox 340 1253 406 1316; x_wconf 89' lang='lat' dir='ltr'>eins</span> <span class='ocrx_word' id='word_1_46' title='bbox 426 1247 567 1329; x_wconf 78' lang='lat' dir='ltr'><strong>indiget,</strong></span> <span class='ocrx_word' id='word_1_47' title='bbox 591 1245 647 1326; x_wconf 84' lang='lat' dir='ltr'>qui</span> <span class='ocrx_word' id='word_1_48' title='bbox 667 1244 859 1308; x_wconf 77' lang='lat' dir='ltr'>rhetoricam</span> <span class='ocrx_word' id='word_1_49' title='bbox 884 1243 1007 1306; x_wconf 82' lang='lat' dir='ltr'>scribit.</span> <span class='ocrx_word' id='word_1_50' title='bbox 1051 1243 1140 1308; x_wconf 85' lang='lat' dir='ltr'>Illius</span> <span class='ocrx_word' id='word_1_51' title='bbox 1164 1255 1265 1308; x_wconf 85' lang='lat' dir='ltr'>autem</span> <span class='ocrx_word' id='word_1_52' title='bbox 1289 1255 1418 1306; x_wconf 83' lang='lat' dir='ltr'>naturae</span> <span class='ocrx_word' id='word_1_53' title='bbox 1436 1254 1544 1323; x_wconf 83' lang='lat' dir='ltr'>partes</span> <span class='ocrx_word' id='word_1_54' title='bbox 1562 1263 1654 1305; x_wconf 82' lang='lat' dir='ltr'>exse·</span> 
     </span>
     <span class='ocr_line' id='line_1_8' title="bbox 340 1335 1654 1424; baseline -0.003 -22"><span class='ocrx_word' id='word_1_55' title='bbox 340 1344 468 1424; x_wconf 76' lang='lat' dir='ltr'>quitur,</span> <span class='ocrx_word' id='word_1_56' title='bbox 503 1359 586 1421; x_wconf 73' lang='lat' dir='ltr'>quiae</span> <span class='ocrx_word' id='word_1_57' title='bbox 615 1349 702 1400; x_wconf 92' lang='lat' dir='ltr'>motu</span> <span class='ocrx_word' id='word_1_58' title='bbox 731 1357 790 1400; x_wconf 90' lang='lat' dir='ltr'>suo</span> <span class='ocrx_word' id='word_1_59' title='bbox 819 1343 850 1398; x_wconf 85' lang='lat' dir='ltr'>in</span> <span class='ocrx_word' id='word_1_60' title='bbox 885 1339 982 1398; x_wconf 86' lang='lat' dir='ltr'>rebus</span> <span class='ocrx_word' id='word_1_61' title='bbox 1015 1337 1082 1420; x_wconf 84' lang='lat' dir='ltr'>agit</span> <span class='ocrx_word' id='word_1_62' title='bbox 1110 1336 1247 1421; x_wconf 68' lang='lat' dir='ltr'>aliquid,</span> <span class='ocrx_word' id='word_1_63' title='bbox 1286 1337 1318 1399; x_wconf 91' lang='lat' dir='ltr'>id</span> <span class='ocrx_word' id='word_1_64' title='bbox 1345 1348 1412 1409; x_wconf 89' lang='lat' dir='ltr'>est,</span> <span class='ocrx_word' id='word_1_65' title='bbox 1452 1356 1532 1418; x_wconf 73' lang='lat' dir='ltr'>quae</span> <span class='ocrx_word' id='word_1_66' title='bbox 1562 1335 1654 1398; x_wconf 85' lang='lat' dir='ltr'>vivit.</span> 
     </span>
     <span class='ocr_line' id='line_1_9' title="bbox 341 1427 1656 1512; baseline -0.008 -14"><span class='ocrx_word' id='word_1_67' title='bbox 341 1435 471 1498; x_wconf 80' lang='lat' dir='ltr'>Etenim</span> <span class='ocrx_word' id='word_1_68' title='bbox 492 1430 566 1504; x_wconf 89' lang='lat' dir='ltr'>ille,</span> <span class='ocrx_word' id='word_1_69' title='bbox 604 1429 659 1512; x_wconf 89' lang='lat' dir='ltr'>qui</span> <span class='ocrx_word' id='word_1_70' title='bbox 683 1429 872 1491; x_wconf 75' lang='lat' dir='ltr'>rhetoricam</span> <span class='ocrx_word' id='word_1_71' title='bbox 894 1427 1023 1504; x_wconf 90' lang='lat' dir='ltr'>scribit,</span> <span class='ocrx_word' id='word_1_72' title='bbox 1058 1431 1238 1511; x_wconf 84' lang='lat' dir='ltr'>praeceptis</span> <span class='ocrx_word' id='word_1_73' title='bbox 1267 1429 1332 1492; x_wconf 89' lang='lat' dir='ltr'>suis</span> <span class='ocrx_word' id='word_1_74' title='bbox 1361 1446 1528 1509; x_wconf 82' lang='lat' dir='ltr'>personam</span> <span class='ocrx_word' id='word_1_75' title='bbox 1562 1431 1656 1490; x_wconf 86' lang='lat' dir='ltr'>dehet</span> 
     </span>
     <span class='ocr_line' id='line_1_10' title="bbox 340 1519 1654 1606; baseline -0.008 -14"><span class='ocrx_word' id='word_1_76' title='bbox 340 1529 523 1593; x_wconf 79' lang='lat' dir='ltr'>includere:</span> <span class='ocrx_word' id='word_1_77' title='bbox 560 1541 697 1602; x_wconf 87' lang='lat' dir='ltr'>persona</span> <span class='ocrx_word' id='word_1_78' title='bbox 729 1532 831 1583; x_wconf 81' lang='lat' dir='ltr'>antem</span> <span class='ocrx_word' id='word_1_79' title='bbox 853 1523 971 1595; x_wconf 81' lang='lat' dir='ltr'>hom03</span> <span class='ocrx_word' id='word_1_80' title='bbox 1000 1522 1093 1584; x_wconf 90' lang='lat' dir='ltr'>huius</span> <span class='ocrx_word' id='word_1_81' title='bbox 1118 1522 1224 1606; x_wconf 81' lang='lat' dir='ltr'>itaque</span> <span class='ocrx_word' id='word_1_82' title='bbox 1248 1535 1375 1585; x_wconf 76' lang='lat' dir='ltr'>natiuae</span> <span class='ocrx_word' id='word_1_83' title='bbox 1400 1519 1593 1601; x_wconf 87' lang='lat' dir='ltr'>indigemus,</span> <span class='ocrx_word' id='word_1_84' title='bbox 1624 1520 1654 1582; x_wconf 92' lang='lat' dir='ltr'>in</span> 
     </span>
     <span class='ocr_line' id='line_1_11' title="bbox 341 1611 1700 1706; baseline -0.005 -24"><span class='ocrx_word' id='word_1_85' title='bbox 341 1642 401 1706; x_wconf 84' lang='lat' dir='ltr'>qua</span> <span class='ocrx_word' id='word_1_86' title='bbox 422 1629 474 1680; x_wconf 84' lang='lat' dir='ltr'>est</span> <span class='ocrx_word' id='word_1_87' title='bbox 495 1619 605 1678; x_wconf 88' lang='lat' dir='ltr'>homo.</span> <span class='ocrx_word' id='word_1_88' title='bbox 650 1613 740 1676; x_wconf 82' lang='lat' dir='ltr'>Haec</span> <span class='ocrx_word' id='word_1_89' title='bbox 763 1615 861 1698; x_wconf 86' lang='lat' dir='ltr'>igitur</span> <span class='ocrx_word' id='word_1_90' title='bbox 886 1627 1017 1690; x_wconf 85' lang='lat' dir='ltr'>natura,</span> <span class='ocrx_word' id='word_1_91' title='bbox 1052 1638 1134 1700; x_wconf 87' lang='lat' dir='ltr'>qnae</span> <span class='ocrx_word' id='word_1_92' title='bbox 1164 1630 1252 1680; x_wconf 91' lang='lat' dir='ltr'>motu</span> <span class='ocrx_word' id='word_1_93' title='bbox 1275 1639 1334 1678; x_wconf 81' lang='lat' dir='ltr'>suo</span> <span class='ocrx_word' id='word_1_94' title='bbox 1358 1615 1390 1678; x_wconf 92' lang='lat' dir='ltr'>in</span> <span class='ocrx_word' id='word_1_95' title='bbox 1416 1614 1511 1674; x_wconf 83' lang='lat' dir='ltr'>rebus</span> <span class='ocrx_word' id='word_1_96' title='bbox 1538 1611 1700 1695; x_wconf 69' lang='lat' dir='ltr'>aliquidtt</span> 
     </span>
     <span class='ocr_line' id='line_1_12' title="bbox 341 1706 1653 1799; baseline -0.006 -23"><span class='ocrx_word' id='word_1_97' title='bbox 341 1716 429 1799; x_wconf 78' lang='lat' dir='ltr'>agit,</span> <span class='ocrx_word' id='word_1_98' title='bbox 453 1707 672 1791; x_wconf 88' lang='lat' dir='ltr'>principaliter</span> <span class='ocrx_word' id='word_1_99' title='bbox 693 1708 804 1772; x_wconf 89' lang='lat' dir='ltr'>induo</span> <span class='ocrx_word' id='word_1_100' title='bbox 822 1707 990 1781; x_wconf 80' lang='lat' dir='ltr'>scinditur3</span> <span class='ocrx_word' id='word_1_101' title='bbox 1012 1708 1196 1778; x_wconf 77' lang='lat' dir='ltr'>in.&#39;divinam</span> <span class='ocrx_word' id='word_1_102' title='bbox 1213 1721 1353 1772; x_wconf 83' lang='lat' dir='ltr'>naturam</span> <span class='ocrx_word' id='word_1_103' title='bbox 1375 1719 1405 1770; x_wconf 89' lang='lat' dir='ltr'>et</span> <span class='ocrx_word' id='word_1_104' title='bbox 1423 1706 1455 1768; x_wconf 91' lang='lat' dir='ltr'>iu</span> <span class='ocrx_word' id='word_1_105' title='bbox 1477 1706 1653 1772; x_wconf 81' lang='lat' dir='ltr'>mortalem.</span> 
     </span>
     <span class='ocr_line' id='line_1_13' title="bbox 340 1793 1656 1884; baseline -0.008 -14"><span class='ocrx_word' id='word_1_106' title='bbox 340 1813 391 1874; x_wconf 75' lang='lat' dir='ltr'>Ac</span> <span class='ocrx_word' id='word_1_107' title='bbox 421 1796 528 1868; x_wconf 75' lang='lat' dir='ltr'>dir&#39;ina</span> <span class='ocrx_word' id='word_1_108' title='bbox 555 1801 681 1878; x_wconf 78' lang='lat' dir='ltr'>quidem</span> <span class='ocrx_word' id='word_1_109' title='bbox 712 1813 822 1863; x_wconf 89' lang='lat' dir='ltr'>natura</span> <span class='ocrx_word' id='word_1_110' title='bbox 851 1805 889 1863; x_wconf 89' lang='lat' dir='ltr'>ad</span> <span class='ocrx_word' id='word_1_111' title='bbox 922 1803 1116 1866; x_wconf 77' lang='lat' dir='ltr'>rhetoricam</span> <span class='ocrx_word' id='word_1_112' title='bbox 1152 1825 1214 1866; x_wconf 90' lang='lat' dir='ltr'>non</span> <span class='ocrx_word' id='word_1_113' title='bbox 1243 1803 1397 1884; x_wconf 85' lang='lat' dir='ltr'>pertinet,</span> <span class='ocrx_word' id='word_1_114' title='bbox 1422 1817 1453 1867; x_wconf 88' lang='lat' dir='ltr'>et</span> <span class='ocrx_word' id='word_1_115' title='bbox 1479 1793 1550 1864; x_wconf 81' lang='lat' dir='ltr'>id&#39;eo</span> <span class='ocrx_word' id='word_1_116' title='bbox 1575 1801 1656 1862; x_wconf 82' lang='lat' dir='ltr'>hano</span> 
     </span>
     <span class='ocr_line' id='line_1_14' title="bbox 342 1893 1654 1979; baseline -0.007 -17"><span class='ocrx_word' id='word_1_117' title='bbox 342 1899 462 1967; x_wconf 74' lang='lat' dir='ltr'>omisit·</span> <span class='ocrx_word' id='word_1_118' title='bbox 507 1894 591 1958; x_wconf 86' lang='lat' dir='ltr'>Sciri</span> <span class='ocrx_word' id='word_1_119' title='bbox 618 1907 722 1957; x_wconf 88' lang='lat' dir='ltr'>tamen</span> <span class='ocrx_word' id='word_1_120' title='bbox 747 1897 861 1967; x_wconf 87' lang='lat' dir='ltr'>dehet,</span> <span class='ocrx_word' id='word_1_121' title='bbox 894 1897 966 1979; x_wconf 86' lang='lat' dir='ltr'>quia</span> <span class='ocrx_word' id='word_1_122' title='bbox 987 1896 1061 1959; x_wconf 90' lang='lat' dir='ltr'>loco</span> <span class='ocrx_word' id='word_1_123' title='bbox 1084 1897 1262 1973; x_wconf 66' lang='lat' dir='ltr'>argumenti</span> <span class='ocrx_word' id='word_1_124' title='bbox 1291 1918 1385 1977; x_wconf 85' lang='lat' dir='ltr'>saepe</span> <span class='ocrx_word' id='word_1_125' title='bbox 1410 1919 1515 1961; x_wconf 90' lang='lat' dir='ltr'>rerum</span> <span class='ocrx_word' id='word_1_126' title='bbox 1535 1893 1654 1956; x_wconf 78' lang='lat' dir='ltr'>dirius·</span> 
     </span>
     <span class='ocr_line' id='line_1_15' title="bbox 340 1988 1653 2080; baseline -0.009 -22"><span class='ocrx_word' id='word_1_127' title='bbox 340 2017 410 2058; x_wconf 87' lang='lat' dir='ltr'>rum</span> <span class='ocrx_word' id='word_1_128' title='bbox 430 1989 595 2055; x_wconf 87' lang='lat' dir='ltr'>inducitur</span> <span class='ocrx_word' id='word_1_129' title='bbox 613 1988 801 2069; x_wconf 83' lang='lat' dir='ltr'>disputati03</span> <span class='ocrx_word' id='word_1_130' title='bbox 824 1997 858 2050; x_wconf 93' lang='lat' dir='ltr'>ut</span> <span class='ocrx_word' id='word_1_131' title='bbox 877 1988 1037 2051; x_wconf 75' lang='lat' dir='ltr'>illudent:</span> <span class='ocrx_word' id='word_1_132' title='bbox 1059 1993 1155 2072; x_wconf 82' lang='lat' dir='ltr'>Quae</span> <span class='ocrx_word' id='word_1_133' title='bbox 1177 2011 1232 2052; x_wconf 86' lang='lat' dir='ltr'>res</span> <span class='ocrx_word' id='word_1_134' title='bbox 1241 1988 1383 2080; x_wconf 85' lang='lat' dir='ltr'>faciat,</span> <span class='ocrx_word' id='word_1_135' title='bbox 1407 2003 1445 2053; x_wconf 74' lang='lat' dir='ltr'>ut</span> <span class='ocrx_word' id='word_1_136' title='bbox 1466 1990 1653 2070; x_wconf 83' lang='lat' dir='ltr'>uigeumus,</span> 
     </span>
     <span class='ocr_line' id='line_1_16' title="bbox 340 2080 1776 2174; baseline -0.005 -29"><span class='ocrx_word' id='word_1_137' title='bbox 340 2109 447 2174; x_wconf 70' lang='lat' dir='ltr'>qim,</span> <span class='ocrx_word' id='word_1_138' title='bbox 478 2080 745 2145; x_wconf 81' lang='lat' dir='ltr'>utoccidamus.</span> <span class='ocrx_word' id='word_1_139' title='bbox 796 2082 858 2144; x_wconf 85' lang='lat' dir='ltr'>Sed</span> <span class='ocrx_word' id='word_1_140' title='bbox 879 2083 1000 2144; x_wconf 83' lang='lat' dir='ltr'>hocad</span> <span class='ocrx_word' id='word_1_141' title='bbox 1022 2083 1233 2158; x_wconf 82' lang='lat' dir='ltr'>rhetoricam,</span> <span class='ocrx_word' id='word_1_142' title='bbox 1272 2105 1333 2146; x_wconf 87' lang='lat' dir='ltr'>non</span> <span class='ocrx_word' id='word_1_143' title='bbox 1359 2096 1461 2146; x_wconf 87' lang='lat' dir='ltr'>tamen</span> <span class='ocrx_word' id='word_1_144' title='bbox 1483 2103 1523 2145; x_wconf 83' lang='lat' dir='ltr'>ex</span> <span class='ocrx_word' id='word_1_145' title='bbox 1545 2081 1699 2150; x_wconf 68' lang='lat' dir='ltr'>rheto-tt</span> <span class='ocrx_word' id='word_1_146' title='bbox 1770 2141 1776 2150; x_wconf 65' lang='grc'>,</span> 
     </span>
     <span class='ocr_line' id='line_1_17' title="bbox 341 2174 1655 2257; baseline -0.009 -13"><span class='ocrx_word' id='word_1_147' title='bbox 341 2184 405 2244; x_wconf 79' lang='lat' dir='ltr'>rica</span> <span class='ocrx_word' id='word_1_148' title='bbox 426 2174 605 2241; x_wconf 84' lang='lat' dir='ltr'>descendit.</span> <span class='ocrx_word' id='word_1_149' title='bbox 663 2175 776 2257; x_wconf 82' lang='lat' dir='ltr'>ltaque</span> <span class='ocrx_word' id='word_1_150' title='bbox 805 2174 931 2236; x_wconf 80' lang='lat' dir='ltr'>confert</span> <span class='ocrx_word' id='word_1_151' title='bbox 957 2197 991 2238; x_wconf 83' lang='lat' dir='ltr'>se</span> <span class='ocrx_word' id='word_1_152' title='bbox 1020 2178 1058 2236; x_wconf 85' lang='lat' dir='ltr'>ad</span> <span class='ocrx_word' id='word_1_153' title='bbox 1081 2176 1244 2238; x_wconf 85' lang='lat' dir='ltr'>mortalem</span> <span class='ocrx_word' id='word_1_154' title='bbox 1274 2189 1445 2241; x_wconf 81' lang='lat' dir='ltr'>naturam:</span> <span class='ocrx_word' id='word_1_155' title='bbox 1482 2192 1655 2254; x_wconf 81' lang='lat' dir='ltr'>rursusque</span> 
     </span>
     <span class='ocr_line' id='line_1_18' title="bbox 341 2266 1655 2354; baseline -0.008 -20"><span class='ocrx_word' id='word_1_156' title='bbox 341 2275 423 2334; x_wconf 81' lang='lat' dir='ltr'>hanc</span> <span class='ocrx_word' id='word_1_157' title='bbox 445 2272 477 2333; x_wconf 92' lang='lat' dir='ltr'>in</span> <span class='ocrx_word' id='word_1_158' title='bbox 507 2271 571 2330; x_wconf 90' lang='lat' dir='ltr'>dno</span> <span class='ocrx_word' id='word_1_159' title='bbox 592 2266 720 2342; x_wconf 79' lang='lat' dir='ltr'>dividit,</span> <span class='ocrx_word' id='word_1_160' title='bbox 757 2266 789 2328; x_wconf 92' lang='lat' dir='ltr'>in</span> <span class='ocrx_word' id='word_1_161' title='bbox 814 2267 956 2334; x_wconf 86' lang='lat' dir='ltr'>homines</span> <span class='ocrx_word' id='word_1_162' title='bbox 987 2279 1017 2329; x_wconf 89' lang='lat' dir='ltr'>et</span> <span class='ocrx_word' id='word_1_163' title='bbox 1040 2267 1071 2330; x_wconf 92' lang='lat' dir='ltr'>iu</span> <span class='ocrx_word' id='word_1_164' title='bbox 1099 2269 1230 2332; x_wconf 84' lang='lat' dir='ltr'>bestias.</span> <span class='ocrx_word' id='word_1_165' title='bbox 1286 2269 1408 2344; x_wconf 88' lang='lat' dir='ltr'>Omne,</span> <span class='ocrx_word' id='word_1_166' title='bbox 1443 2272 1528 2354; x_wconf 86' lang='lat' dir='ltr'>quod</span> <span class='ocrx_word' id='word_1_167' title='bbox 1564 2278 1655 2329; x_wconf 84' lang='lat' dir='ltr'>extra</span> 
     </span>
     <span class='ocr_line' id='line_1_19' title="bbox 342 2359 1656 2446; baseline -0.006 -18"><span class='ocrx_word' id='word_1_168' title='bbox 342 2364 501 2428; x_wconf 87' lang='lat' dir='ltr'>hominem</span> <span class='ocrx_word' id='word_1_169' title='bbox 525 2361 604 2423; x_wconf 79' lang='lat' dir='ltr'>vivit</span> <span class='ocrx_word' id='word_1_170' title='bbox 620 2382 689 2420; x_wconf 86' lang='lat' dir='ltr'>eum</span> <span class='ocrx_word' id='word_1_171' title='bbox 704 2359 805 2422; x_wconf 79' lang='lat' dir='ltr'>noima</span> <span class='ocrx_word' id='word_1_172' title='bbox 827 2372 858 2421; x_wconf 90' lang='lat' dir='ltr'>et</span> <span class='ocrx_word' id='word_1_173' title='bbox 877 2381 1036 2446; x_wconf 87' lang='lat' dir='ltr'>corpore,</span> <span class='ocrx_word' id='word_1_174' title='bbox 1060 2363 1175 2424; x_wconf 85' lang='lat' dir='ltr'>bestias</span> <span class='ocrx_word' id='word_1_175' title='bbox 1193 2364 1378 2426; x_wconf 80' lang='lat' dir='ltr'>nominarit.</span> <span class='ocrx_word' id='word_1_176' title='bbox 1422 2365 1656 2426; x_wconf 86' lang='lat' dir='ltr'>Removeauuts</span> 
     </span>
     <span class='ocr_line' id='line_1_20' title="bbox 342 2454 1654 2541; baseline -0.005 -21"><span class='ocrx_word' id='word_1_177' title='bbox 342 2461 450 2541; x_wconf 80' lang='lat' dir='ltr'>itaque</span> <span class='ocrx_word' id='word_1_178' title='bbox 472 2468 504 2518; x_wconf 88' lang='lat' dir='ltr'>et</span> <span class='ocrx_word' id='word_1_179' title='bbox 527 2465 667 2517; x_wconf 81' lang='lat' dir='ltr'>naturam</span> <span class='ocrx_word' id='word_1_180' title='bbox 689 2454 771 2516; x_wconf 91' lang='lat' dir='ltr'>illam</span> <span class='ocrx_word' id='word_1_181' title='bbox 792 2459 973 2530; x_wconf 81' lang='lat' dir='ltr'>mortalem,</span> <span class='ocrx_word' id='word_1_182' title='bbox 997 2475 1078 2538; x_wconf 77' lang='lat' dir='ltr'>quiae</span> <span class='ocrx_word' id='word_1_183' title='bbox 1100 2456 1270 2519; x_wconf 83' lang='lat' dir='ltr'>bestiarum</span> <span class='ocrx_word' id='word_1_184' title='bbox 1294 2469 1364 2520; x_wconf 85' lang='lat' dir='ltr'>est:</span> <span class='ocrx_word' id='word_1_185' title='bbox 1389 2457 1529 2538; x_wconf 79' lang='lat' dir='ltr'>hancque</span> <span class='ocrx_word' id='word_1_186' title='bbox 1555 2454 1654 2515; x_wconf 83' lang='lat' dir='ltr'>solam</span> 
     </span>
     <span class='ocr_line' id='line_1_21' title="bbox 342 2549 1699 2635; baseline -0.007 -20"><span class='ocrx_word' id='word_1_187' title='bbox 342 2552 561 2635; x_wconf 75' lang='lat' dir='ltr'>inspiciemus,</span> <span class='ocrx_word' id='word_1_188' title='bbox 602 2549 634 2610; x_wconf 91' lang='lat' dir='ltr'>iu</span> <span class='ocrx_word' id='word_1_189' title='bbox 662 2568 724 2633; x_wconf 85' lang='lat' dir='ltr'>qua</span> <span class='ocrx_word' id='word_1_190' title='bbox 754 2549 895 2611; x_wconf 87' lang='lat' dir='ltr'>homines</span> <span class='ocrx_word' id='word_1_191' title='bbox 923 2561 1013 2611; x_wconf 82' lang='lat' dir='ltr'>sunt:</span> <span class='ocrx_word' id='word_1_192' title='bbox 1052 2551 1144 2610; x_wconf 88' lang='lat' dir='ltr'>etde</span> <span class='ocrx_word' id='word_1_193' title='bbox 1167 2553 1273 2612; x_wconf 84' lang='lat' dir='ltr'>eadem</span> <span class='ocrx_word' id='word_1_194' title='bbox 1297 2549 1512 2612; x_wconf 81' lang='lat' dir='ltr'>naturaeirca</span> <span class='ocrx_word' id='word_1_195' title='bbox 1535 2552 1699 2609; x_wconf 73' lang='lat' dir='ltr'>certatntt</span> 
     </span>
     <span class='ocr_line' id='line_1_22' title="bbox 343 2635 1654 2727; baseline -0.007 -19"><span class='ocrx_word' id='word_1_196' title='bbox 343 2665 513 2727; x_wconf 63' lang='lat' dir='ltr'>munnam</span> <span class='ocrx_word' id='word_1_197' title='bbox 534 2643 658 2705; x_wconf 81' lang='lat' dir='ltr'>intenta</span> <span class='ocrx_word' id='word_1_198' title='bbox 679 2641 844 2722; x_wconf 86' lang='lat' dir='ltr'>dupliciter</span> <span class='ocrx_word' id='word_1_199' title='bbox 863 2655 1048 2725; x_wconf 82' lang='lat' dir='ltr'>argumenta</span> <span class='ocrx_word' id='word_1_200' title='bbox 1070 2644 1242 2724; x_wconf 87' lang='lat' dir='ltr'>capiamus.</span> <span class='ocrx_word' id='word_1_201' title='bbox 1287 2642 1412 2706; x_wconf 86' lang='lat' dir='ltr'>Etenim</span> <span class='ocrx_word' id='word_1_202' title='bbox 1436 2663 1490 2715; x_wconf 85' lang='lat' dir='ltr'>ea,</span> <span class='ocrx_word' id='word_1_203' title='bbox 1519 2659 1600 2724; x_wconf 85' lang='lat' dir='ltr'>quae</span> <span class='ocrx_word' id='word_1_204' title='bbox 1624 2635 1654 2700; x_wconf 90' lang='lat' dir='ltr'>iu</span> 
     </span>
     <span class='ocr_line' id='line_1_23' title="bbox 341 2736 1655 2810; baseline -0.007 -10"><span class='ocrx_word' id='word_1_205' title='bbox 341 2739 479 2802; x_wconf 86' lang='lat' dir='ltr'>hominis</span> <span class='ocrx_word' id='word_1_206' title='bbox 500 2747 573 2797; x_wconf 90' lang='lat' dir='ltr'>sunt</span> <span class='ocrx_word' id='word_1_207' title='bbox 597 2747 724 2806; x_wconf 85' lang='lat' dir='ltr'>natura,</span> <span class='ocrx_word' id='word_1_208' title='bbox 758 2755 840 2796; x_wconf 88' lang='lat' dir='ltr'>nuuc</span> <span class='ocrx_word' id='word_1_209' title='bbox 860 2749 977 2798; x_wconf 79' lang='lat' dir='ltr'>tantum</span> <span class='ocrx_word' id='word_1_210' title='bbox 997 2748 1126 2800; x_wconf 81' lang='lat' dir='ltr'>naturae</span> <span class='ocrx_word' id='word_1_211' title='bbox 1145 2749 1234 2810; x_wconf 87' lang='lat' dir='ltr'>suut;</span> <span class='ocrx_word' id='word_1_212' title='bbox 1272 2757 1353 2799; x_wconf 86' lang='lat' dir='ltr'>nuuc</span> <span class='ocrx_word' id='word_1_213' title='bbox 1374 2736 1417 2798; x_wconf 86' lang='lat' dir='ltr'>ita</span> <span class='ocrx_word' id='word_1_214' title='bbox 1439 2746 1588 2808; x_wconf 71' lang='lat' dir='ltr'>naturae,</span> <span class='ocrx_word' id='word_1_215' title='bbox 1620 2741 1655 2794; x_wconf 93' lang='grc' dir='ltr'>ιιι</span> 
     </span>
     <span class='ocr_line' id='line_1_24' title="bbox 342 2823 1654 2910; baseline -0.005 -17"><span class='ocrx_word' id='word_1_216' title='bbox 342 2845 371 2893; x_wconf 89' lang='lat' dir='ltr'>et</span> <span class='ocrx_word' id='word_1_217' title='bbox 392 2830 563 2893; x_wconf 73' lang='lat' dir='ltr'>industriae</span> <span class='ocrx_word' id='word_1_218' title='bbox 593 2828 657 2890; x_wconf 80' lang='lat' dir='ltr'>vel·</span> <span class='ocrx_word' id='word_1_219' title='bbox 679 2829 754 2890; x_wconf 86' lang='lat' dir='ltr'>artis</span> <span class='ocrx_word' id='word_1_220' title='bbox 787 2850 855 2892; x_wconf 86' lang='lat' dir='ltr'>esse</span> <span class='ocrx_word' id='word_1_221' title='bbox 883 2833 1064 2893; x_wconf 87' lang='lat' dir='ltr'>credantur.</span> <span class='ocrx_word' id='word_1_222' title='bbox 1111 2830 1297 2910; x_wconf 88' lang='lat' dir='ltr'>Tripliciter</span> <span class='ocrx_word' id='word_1_223' title='bbox 1325 2844 1427 2893; x_wconf 83' lang='lat' dir='ltr'>nutem</span> <span class='ocrx_word' id='word_1_224' title='bbox 1454 2831 1601 2890; x_wconf 84' lang='lat' dir='ltr'>debetuus</span> <span class='ocrx_word' id='word_1_225' title='bbox 1622 2823 1654 2886; x_wconf 90' lang='grc' dir='ltr'>ιιι</span> 
     </span>
     <span class='ocr_line' id='line_1_25' title="bbox 343 2919 1654 3008; baseline -0.005 -22"><span class='ocrx_word' id='word_1_226' title='bbox 343 2925 469 2987; x_wconf 88' lang='lat' dir='ltr'>homine</span> <span class='ocrx_word' id='word_1_227' title='bbox 489 2921 646 3003; x_wconf 80' lang='lat' dir='ltr'>inspicere</span> <span class='ocrx_word' id='word_1_228' title='bbox 659 2933 755 3002; x_wconf 84' lang='lat' dir='ltr'>atque</span> <span class='ocrx_word' id='word_1_229' title='bbox 780 2922 950 3004; x_wconf 79' lang='lat' dir='ltr'>explorare</span> <span class='ocrx_word' id='word_1_230' title='bbox 971 2935 1134 2997; x_wconf 86' lang='lat' dir='ltr'>naturam;</span> <span class='ocrx_word' id='word_1_231' title='bbox 1157 2947 1238 3008; x_wconf 84' lang='lat' dir='ltr'>qttae</span> <span class='ocrx_word' id='word_1_232' title='bbox 1253 2923 1291 2986; x_wconf 89' lang='lat' dir='ltr'>sit</span> <span class='ocrx_word' id='word_1_233' title='bbox 1312 2937 1422 2986; x_wconf 88' lang='lat' dir='ltr'>natura</span> <span class='ocrx_word' id='word_1_234' title='bbox 1444 2919 1552 2998; x_wconf 83' lang='lat' dir='ltr'>animi,</span> <span class='ocrx_word' id='word_1_235' title='bbox 1574 2937 1654 3001; x_wconf 85' lang='lat' dir='ltr'>quae</span> 
     </span>
     <span class='ocr_line' id='line_1_26' title="bbox 343 3014 1698 3100; baseline -0.004 -22"><span class='ocrx_word' id='word_1_236' title='bbox 343 3015 512 3098; x_wconf 88' lang='lat' dir='ltr'>corporis,</span> <span class='ocrx_word' id='word_1_237' title='bbox 535 3033 618 3096; x_wconf 84' lang='lat' dir='ltr'>quae</span> <span class='ocrx_word' id='word_1_238' title='bbox 645 3014 854 3078; x_wconf 85' lang='lat' dir='ltr'>extrinsecus.</span> <span class='ocrx_word' id='word_1_239' title='bbox 898 3017 1021 3079; x_wconf 85' lang='lat' dir='ltr'>Verum</span> <span class='ocrx_word' id='word_1_240' title='bbox 1041 3037 1123 3100; x_wconf 84' lang='lat' dir='ltr'>quae</span> <span class='ocrx_word' id='word_1_241' title='bbox 1145 3019 1175 3080; x_wconf 91' lang='lat' dir='ltr'>in</span> <span class='ocrx_word' id='word_1_242' title='bbox 1198 3017 1322 3080; x_wconf 89' lang='lat' dir='ltr'>homine</span> <span class='ocrx_word' id='word_1_243' title='bbox 1344 3016 1541 3079; x_wconf 86' lang='lat' dir='ltr'>extrinsecus</span> <span class='ocrx_word' id='word_1_244' title='bbox 1562 3016 1698 3085; x_wconf 78' lang='lat' dir='ltr'>sunt,²⁵</span> 
     </span>
     <span class='ocr_line' id='line_1_27' title="bbox 344 3107 1656 3189; baseline -0.002 -16"><span class='ocrx_word' id='word_1_245' title='bbox 344 3133 379 3174; x_wconf 86' lang='lat' dir='ltr'>ea</span> <span class='ocrx_word' id='word_1_246' title='bbox 400 3119 524 3172; x_wconf 82' lang='lat' dir='ltr'>tantum</span> <span class='ocrx_word' id='word_1_247' title='bbox 547 3117 678 3170; x_wconf 88' lang='lat' dir='ltr'>naturae</span> <span class='ocrx_word' id='word_1_248' title='bbox 694 3119 786 3170; x_wconf 75' lang='lat' dir='ltr'>sunta</span> <span class='ocrx_word' id='word_1_249' title='bbox 810 3129 889 3189; x_wconf 83' lang='lat' dir='ltr'>quae</span> <span class='ocrx_word' id='word_1_250' title='bbox 909 3121 1012 3173; x_wconf 87' lang='lat' dir='ltr'>autem</span> <span class='ocrx_word' id='word_1_251' title='bbox 1028 3110 1061 3173; x_wconf 91' lang='lat' dir='ltr'>in</span> <span class='ocrx_word' id='word_1_252' title='bbox 1076 3111 1202 3174; x_wconf 86' lang='lat' dir='ltr'>humine</span> <span class='ocrx_word' id='word_1_253' title='bbox 1226 3111 1318 3172; x_wconf 88' lang='lat' dir='ltr'>animi</span> <span class='ocrx_word' id='word_1_254' title='bbox 1342 3110 1393 3172; x_wconf 88' lang='lat' dir='ltr'>vel</span> <span class='ocrx_word' id='word_1_255' title='bbox 1410 3107 1558 3189; x_wconf 88' lang='lat' dir='ltr'>corporis</span> <span class='ocrx_word' id='word_1_256' title='bbox 1572 3115 1656 3181; x_wconf 85' lang='lat' dir='ltr'>suut,</span> 
     </span>
     <span class='ocr_line' id='line_1_28' title="bbox 344 3200 1656 3285; baseline -0.005 -19"><span class='ocrx_word' id='word_1_257' title='bbox 344 3225 379 3266; x_wconf 85' lang='lat' dir='ltr'>ea</span> <span class='ocrx_word' id='word_1_258' title='bbox 397 3215 429 3265; x_wconf 90' lang='lat' dir='ltr'>et</span> <span class='ocrx_word' id='word_1_259' title='bbox 449 3213 579 3263; x_wconf 86' lang='lat' dir='ltr'>naturae</span> <span class='ocrx_word' id='word_1_260' title='bbox 595 3212 728 3281; x_wconf 85' lang='lat' dir='ltr'>possunt</span> <span class='ocrx_word' id='word_1_261' title='bbox 741 3221 810 3264; x_wconf 86' lang='lat' dir='ltr'>esse</span> <span class='ocrx_word' id='word_1_262' title='bbox 825 3213 856 3263; x_wconf 90' lang='lat' dir='ltr'>et</span> <span class='ocrx_word' id='word_1_263' title='bbox 872 3202 1068 3285; x_wconf 87' lang='lat' dir='ltr'>disciplinae.</span> <span class='ocrx_word' id='word_1_264' title='bbox 1090 3204 1204 3285; x_wconf 88' lang='lat' dir='ltr'>Itaque</span> <span class='ocrx_word' id='word_1_265' title='bbox 1224 3203 1357 3283; x_wconf 91' lang='lat' dir='ltr'>primum</span> <span class='ocrx_word' id='word_1_266' title='bbox 1375 3200 1556 3270; x_wconf 82' lang='lat' dir='ltr'>videamus,</span> <span class='ocrx_word' id='word_1_267' title='bbox 1576 3219 1656 3282; x_wconf 86' lang='lat' dir='ltr'>quae</span> 
     </span>
     <span class='ocr_line' id='line_1_29' title="bbox 344 3293 1656 3370; baseline -0.002 -12"><span class='ocrx_word' id='word_1_268' title='bbox 344 3308 456 3358; x_wconf 84' lang='lat' dir='ltr'>natura</span> <span class='ocrx_word' id='word_1_269' title='bbox 478 3295 512 3358; x_wconf 91' lang='lat' dir='ltr'>in</span> <span class='ocrx_word' id='word_1_270' title='bbox 540 3295 665 3359; x_wconf 90' lang='lat' dir='ltr'>homine</span> <span class='ocrx_word' id='word_1_271' title='bbox 690 3293 763 3356; x_wconf 87' lang='lat' dir='ltr'>sint.</span> <span class='ocrx_word' id='word_1_272' title='bbox 815 3295 1041 3370; x_wconf 81' lang='lat' dir='ltr'>Extrinsecus3</span> <span class='ocrx_word' id='word_1_273' title='bbox 1074 3308 1110 3360; x_wconf 90' lang='lat' dir='ltr'>ut</span> <span class='ocrx_word' id='word_1_274' title='bbox 1136 3317 1243 3360; x_wconf 83' lang='lat' dir='ltr'>sexus.</span> <span class='ocrx_word' id='word_1_275' title='bbox 1295 3299 1397 3360; x_wconf 82' lang='lat' dir='ltr'>Sexus</span> <span class='ocrx_word' id='word_1_276' title='bbox 1427 3293 1507 3356; x_wconf 87' lang='lat' dir='ltr'>enim</span> <span class='ocrx_word' id='word_1_277' title='bbox 1537 3304 1656 3356; x_wconf 83' lang='lat' dir='ltr'>tanttuu</span> 
     </span>
     <span class='ocr_line' id='line_1_30' title="bbox 345 3384 1656 3474; baseline 0 -24"><span class='ocrx_word' id='word_1_278' title='bbox 345 3401 474 3450; x_wconf 66' lang='lat' dir='ltr'>neumae</span> <span class='ocrx_word' id='word_1_279' title='bbox 493 3398 559 3461; x_wconf 88' lang='lat' dir='ltr'>est,</span> <span class='ocrx_word' id='word_1_280' title='bbox 583 3407 642 3450; x_wconf 87' lang='lat' dir='ltr'>nec</span> <span class='ocrx_word' id='word_1_281' title='bbox 664 3408 704 3449; x_wconf 83' lang='lat' dir='ltr'>ex</span> <span class='ocrx_word' id='word_1_282' title='bbox 725 3385 887 3467; x_wconf 85' lang='lat' dir='ltr'>disciplina</span> <span class='ocrx_word' id='word_1_283' title='bbox 908 3400 1017 3470; x_wconf 86' lang='lat' dir='ltr'>potest</span> <span class='ocrx_word' id='word_1_284' title='bbox 1038 3390 1206 3474; x_wconf 83' lang='lat' dir='ltr'>aliquando</span> <span class='ocrx_word' id='word_1_285' title='bbox 1225 3389 1432 3472; x_wconf 80' lang='lat' dir='ltr'>contingere3</span> <span class='ocrx_word' id='word_1_286' title='bbox 1455 3386 1545 3448; x_wconf 85' lang='lat' dir='ltr'>itaet</span> <span class='ocrx_word' id='word_1_287' title='bbox 1570 3384 1656 3450; x_wconf 82' lang='lat' dir='ltr'>natio</span> 
     </span>
     <span class='ocr_line' id='line_1_31' title="bbox 345 3475 1699 3563; baseline -0.002 -20"><span class='ocrx_word' id='word_1_288' title='bbox 345 3494 375 3543; x_wconf 93' lang='lat' dir='ltr'>et</span> <span class='ocrx_word' id='word_1_289' title='bbox 395 3479 499 3563; x_wconf 79' lang='lat' dir='ltr'>patria</span> <span class='ocrx_word' id='word_1_290' title='bbox 520 3491 553 3542; x_wconf 89' lang='lat' dir='ltr'>et</span> <span class='ocrx_word' id='word_1_291' title='bbox 574 3475 723 3562; x_wconf 81' lang='lat' dir='ltr'>coguatio</span> <span class='ocrx_word' id='word_1_292' title='bbox 744 3489 777 3542; x_wconf 90' lang='lat' dir='ltr'>et</span> <span class='ocrx_word' id='word_1_293' title='bbox 802 3490 886 3542; x_wconf 82' lang='lat' dir='ltr'>setas</span> <span class='ocrx_word' id='word_1_294' title='bbox 905 3493 1023 3545; x_wconf 86' lang='lat' dir='ltr'>tantum</span> <span class='ocrx_word' id='word_1_295' title='bbox 1044 3495 1173 3544; x_wconf 87' lang='lat' dir='ltr'>naturae</span> <span class='ocrx_word' id='word_1_296' title='bbox 1192 3494 1276 3544; x_wconf 85' lang='lat' dir='ltr'>suut.</span> <span class='ocrx_word' id='word_1_297' title='bbox 1322 3480 1420 3544; x_wconf 86' lang='lat' dir='ltr'>Natio</span> <span class='ocrx_word' id='word_1_298' title='bbox 1440 3489 1508 3552; x_wconf 88' lang='lat' dir='ltr'>est,</span> <span class='ocrx_word' id='word_1_299' title='bbox 1532 3479 1653 3563; x_wconf 86' lang='lat' dir='ltr'>inquit,</span> <span class='ocrx_word' id='word_1_300' title='bbox 1667 3483 1699 3535; x_wconf 83' lang='lat'>³⁰</span> 
     </span>
     <span class='ocr_line' id='line_1_32' title="bbox 263 3571 1656 3654; baseline 0 -18"><span class='ocrx_word' id='word_1_301' title='bbox 263 3600 264 3619; x_wconf 68' lang='lat'><em>³</em></span> <span class='ocrx_word' id='word_1_302' title='bbox 345 3587 379 3636; x_wconf 89' lang='lat' dir='ltr'>ut</span> <span class='ocrx_word' id='word_1_303' title='bbox 397 3571 595 3646; x_wconf 89' lang='lat' dir='ltr'>consideres,</span> <span class='ocrx_word' id='word_1_304' title='bbox 619 3585 723 3634; x_wconf 89' lang='lat' dir='ltr'>ntrum</span> <span class='ocrx_word' id='word_1_305' title='bbox 746 3575 891 3636; x_wconf 84' lang='lat' dir='ltr'>Graecus</span> <span class='ocrx_word' id='word_1_306' title='bbox 905 3574 963 3648; x_wconf 91' lang='lat' dir='ltr'>sit,</span> <span class='ocrx_word' id='word_1_307' title='bbox 987 3596 1025 3636; x_wconf 83' lang='lat' dir='ltr'>on</span> <span class='ocrx_word' id='word_1_308' title='bbox 1048 3576 1228 3647; x_wconf 63' lang='lat' dir='ltr'>Barbarum</span> <span class='ocrx_word' id='word_1_309' title='bbox 1251 3577 1313 3636; x_wconf 84' lang='lat' dir='ltr'>hor</span> <span class='ocrx_word' id='word_1_310' title='bbox 1328 3573 1497 3636; x_wconf 84' lang='lat' dir='ltr'>secuudum</span> <span class='ocrx_word' id='word_1_311' title='bbox 1512 3572 1656 3654; x_wconf 84' lang='lat' dir='ltr'>ipsorum</span> 
     </span>
     <span class='ocr_line' id='line_1_33' title="bbox 346 3665 1706 3751; baseline -0.002 -21"><span class='ocrx_word' id='word_1_312' title='bbox 346 3667 544 3730; x_wconf 79' lang='lat' dir='ltr'>Graecorum</span> <span class='ocrx_word' id='word_1_313' title='bbox 568 3666 769 3742; x_wconf 85' lang='lat' dir='ltr'>senteutiam,</span> <span class='ocrx_word' id='word_1_314' title='bbox 804 3666 858 3749; x_wconf 90' lang='lat' dir='ltr'>qui</span> <span class='ocrx_word' id='word_1_315' title='bbox 890 3669 1067 3749; x_wconf 68' lang='lat' dir='ltr'>ahsqnese</span> <span class='ocrx_word' id='word_1_316' title='bbox 1088 3669 1229 3751; x_wconf 86' lang='lat' dir='ltr'>reliquos</span> <span class='ocrx_word' id='word_1_317' title='bbox 1255 3669 1418 3731; x_wconf 82' lang='lat' dir='ltr'>Barbaros</span> <span class='ocrx_word' id='word_1_318' title='bbox 1443 3665 1655 3747; x_wconf 81' lang='lat' dir='ltr'>appellabant.</span> <span class='ocrx_word' id='word_1_319' title='bbox 1702 3671 1706 3676; x_wconf 88' lang='lat'>&#39;</span> 
     </span>
     <span class='ocr_line' id='line_1_34' title="bbox 263 3758 1655 3840; baseline -0.002 -17"><span class='ocrx_word' id='word_1_320' title='bbox 263 3784 264 3791; x_wconf 52' lang='lat'>¹</span> <span class='ocrx_word' id='word_1_321' title='bbox 347 3759 453 3823; x_wconf 87' lang='lat' dir='ltr'>Patria</span> <span class='ocrx_word' id='word_1_322' title='bbox 487 3769 556 3832; x_wconf 89' lang='lat' dir='ltr'>est,</span> <span class='ocrx_word' id='word_1_323' title='bbox 599 3758 716 3840; x_wconf 88' lang='lat' dir='ltr'>inquit,</span> <span class='ocrx_word' id='word_1_324' title='bbox 755 3769 790 3821; x_wconf 89' lang='lat' dir='ltr'>ut</span> <span class='ocrx_word' id='word_1_325' title='bbox 825 3761 1005 3822; x_wconf 87' lang='lat' dir='ltr'>consideres</span> <span class='ocrx_word' id='word_1_326' title='bbox 1040 3760 1257 3835; x_wconf 81' lang='lat' dir='ltr'>Atheniensis,</span> <span class='ocrx_word' id='word_1_327' title='bbox 1292 3780 1331 3823; x_wconf 86' lang='lat' dir='ltr'>au</span> <span class='ocrx_word' id='word_1_328' title='bbox 1364 3759 1655 3830; x_wconf 68' lang='lat' dir='ltr'>Lacedaemonius,</span> 
     </span>
     <span class='ocr_line' id='line_1_35' title="bbox 345 3851 1656 3936; baseline -0.002 -21"><span class='ocrx_word' id='word_1_329' title='bbox 345 3851 578 3935; x_wconf 76' lang='lat' dir='ltr'>Aquileiensis,</span> <span class='ocrx_word' id='word_1_330' title='bbox 602 3873 641 3914; x_wconf 84' lang='lat' dir='ltr'>an</span> <span class='ocrx_word' id='word_1_331' title='bbox 666 3851 915 3917; x_wconf 86' lang='lat' dir='ltr'>Mediolanensis</span> <span class='ocrx_word' id='word_1_332' title='bbox 931 3851 984 3915; x_wconf 90' lang='lat' dir='ltr'>sit.</span> <span class='ocrx_word' id='word_1_333' title='bbox 1028 3851 1215 3936; x_wconf 80' lang='lat' dir='ltr'>Cognatio,</span> <span class='ocrx_word' id='word_1_334' title='bbox 1245 3851 1366 3934; x_wconf 87' lang='lat' dir='ltr'>iuquit,</span> <span class='ocrx_word' id='word_1_335' title='bbox 1398 3863 1465 3925; x_wconf 88' lang='lat' dir='ltr'>est,</span> <span class='ocrx_word' id='word_1_336' title='bbox 1496 3861 1531 3914; x_wconf 92' lang='lat' dir='ltr'>ut</span> <span class='ocrx_word' id='word_1_337' title='bbox 1551 3851 1656 3913; x_wconf 77' lang='lat' dir='ltr'>conei-</span> 
     </span>
     <span class='ocr_line' id='line_1_36' title="bbox 347 3943 1699 4028; baseline -0.001 -21"><span class='ocrx_word' id='word_1_338' title='bbox 347 3947 457 4020; x_wconf 89' lang='lat' dir='ltr'>deret,</span> <span class='ocrx_word' id='word_1_339' title='bbox 494 3945 608 4027; x_wconf 84' lang='lat' dir='ltr'>quihus</span> <span class='ocrx_word' id='word_1_340' title='bbox 638 3946 809 4009; x_wconf 84' lang='lat' dir='ltr'>maioribus</span> <span class='ocrx_word' id='word_1_341' title='bbox 831 3944 982 4008; x_wconf 81' lang='lat' dir='ltr'>oriundus</span> <span class='ocrx_word' id='word_1_342' title='bbox 1003 3944 1062 4018; x_wconf 89' lang='lat' dir='ltr'>sit,</span> <span class='ocrx_word' id='word_1_343' title='bbox 1086 3948 1182 4028; x_wconf 35' lang='lat' dir='ltr'>&#39;unde</span> <span class='ocrx_word' id='word_1_344' title='bbox 1209 3943 1390 4026; x_wconf 83' lang='lat' dir='ltr'>sanguinem</span> <span class='ocrx_word' id='word_1_345' title='bbox 1412 3947 1523 4008; x_wconf 86' lang='lat' dir='ltr'>ducat:</span> <span class='ocrx_word' id='word_1_346' title='bbox 1558 3944 1699 4027; x_wconf 76' lang='lat' dir='ltr'>firqnett</span> 
     </span>
     <span class='ocr_line' id='line_1_37' title="bbox 347 4037 1656 4122; baseline 0.002 -24"><span class='ocrx_word' id='word_1_347' title='bbox 347 4037 419 4100; x_wconf 86' lang='lat' dir='ltr'>hine</span> <span class='ocrx_word' id='word_1_348' title='bbox 443 4037 596 4119; x_wconf 88' lang='lat' dir='ltr'>optimum</span> <span class='ocrx_word' id='word_1_349' title='bbox 620 4049 856 4121; x_wconf 84' lang='lat' dir='ltr'>argumentum,</span> <span class='ocrx_word' id='word_1_350' title='bbox 888 4049 921 4099; x_wconf 92' lang='lat' dir='ltr'>ut</span> <span class='ocrx_word' id='word_1_351' title='bbox 941 4037 1017 4099; x_wconf 90' lang='lat' dir='ltr'>illud</span> <span class='ocrx_word' id='word_1_352' title='bbox 1038 4051 1086 4100; x_wconf 87' lang='lat' dir='ltr'>est</span> <span class='ocrx_word' id='word_1_353' title='bbox 1104 4039 1135 4101; x_wconf 90' lang='lat' dir='ltr'>in</span> <span class='ocrx_word' id='word_1_354' title='bbox 1159 4039 1320 4122; x_wconf 79' lang='lat' dir='ltr'>Virgilio:</span> <span class='ocrx_word' id='word_1_355' title='bbox 1355 4039 1454 4115; x_wconf 85' lang='lat' dir='ltr'>(Aen.</span> <span class='ocrx_word' id='word_1_356' title='bbox 1477 4038 1544 4100; x_wconf 83' lang='lat' dir='ltr'>Ill.</span> <span class='ocrx_word' id='word_1_357' title='bbox 1568 4037 1656 4113; x_wconf 76' lang='lat'><strong>248.)</strong></span> 
     </span>
     <span class='ocr_line' id='line_1_38' title="bbox 347 4123 1655 4221; baseline -0.002 -29"><span class='ocrx_word' id='word_1_358' title='bbox 347 4130 511 4192; x_wconf 75' lang='lat' dir='ltr'>bellumue</span> <span class='ocrx_word' id='word_1_359' title='bbox 532 4128 669 4221; x_wconf 85' lang='lat' dir='ltr'>inferre</span> <span class='ocrx_word' id='word_1_360' title='bbox 688 4132 834 4212; x_wconf 76' lang='lat' dir='ltr'>puratis,</span> <span class='ocrx_word' id='word_1_361' title='bbox 860 4133 1184 4196; x_wconf 73' lang='lat' dir='ltr'>Laomedontiadum</span> <span class='ocrx_word' id='word_1_362' title='bbox 1228 4135 1290 4196; x_wconf 92' lang='lat' dir='ltr'>Sed</span> <span class='ocrx_word' id='word_1_363' title='bbox 1307 4143 1338 4194; x_wconf 93' lang='lat' dir='ltr'>et</span> <span class='ocrx_word' id='word_1_364' title='bbox 1355 4131 1418 4194; x_wconf 91' lang='lat' dir='ltr'>hoc</span> <span class='ocrx_word' id='word_1_365' title='bbox 1438 4123 1655 4214; x_wconf 80' lang='lat' dir='ltr'>argumentum</span> 
     </span>
     <span class='ocr_line' id='line_1_39' title="bbox 347 4222 1657 4308; baseline 0 -24"><span class='ocrx_word' id='word_1_366' title='bbox 347 4223 435 4305; x_wconf 80' lang='lat' dir='ltr'>quasi</span> <span class='ocrx_word' id='word_1_367' title='bbox 456 4243 498 4285; x_wconf 80' lang='lat' dir='ltr'>ex</span> <span class='ocrx_word' id='word_1_368' title='bbox 520 4223 646 4286; x_wconf 90' lang='lat' dir='ltr'>nomine</span> <span class='ocrx_word' id='word_1_369' title='bbox 667 4225 735 4288; x_wconf 84' lang='lat' dir='ltr'>fieri</span> <span class='ocrx_word' id='word_1_370' title='bbox 762 4224 904 4297; x_wconf 86' lang='lat' dir='ltr'>videtur,</span> <span class='ocrx_word' id='word_1_371' title='bbox 939 4228 1027 4306; x_wconf 88' lang='lat' dir='ltr'>quod</span> <span class='ocrx_word' id='word_1_372' title='bbox 1050 4226 1110 4298; x_wconf 84' lang='lat' dir='ltr'>ait,</span> <span class='ocrx_word' id='word_1_373' title='bbox 1134 4222 1465 4290; x_wconf 71' lang='lat' dir='ltr'>laomedontiotlaer</span> <span class='ocrx_word' id='word_1_374' title='bbox 1489 4245 1582 4308; x_wconf 76' lang='lat' dir='ltr'>quirun</span> <span class='ocrx_word' id='word_1_375' title='bbox 1605 4223 1657 4286; x_wconf 87' lang='lat' dir='ltr'>hic</span> 
     </span>
     <span class='ocr_line' id='line_1_40' title="bbox 347 4317 1654 4402; baseline -0.002 -24"><span class='ocrx_word' id='word_1_376' title='bbox 347 4337 386 4378; x_wconf 81' lang='lat' dir='ltr'>ea</span> <span class='ocrx_word' id='word_1_377' title='bbox 408 4327 520 4380; x_wconf 83' lang='lat' dir='ltr'>natura</span> <span class='ocrx_word' id='word_1_378' title='bbox 546 4317 724 4402; x_wconf 87' lang='lat' dir='ltr'>colligenda</span> <span class='ocrx_word' id='word_1_379' title='bbox 745 4319 837 4383; x_wconf 90' lang='lat' dir='ltr'>nohis</span> <span class='ocrx_word' id='word_1_380' title='bbox 857 4318 992 4382; x_wconf 80' lang='lat' dir='ltr'>insinuet</span> <span class='ocrx_word' id='word_1_381' title='bbox 1023 4329 1220 4402; x_wconf 81' lang='lat' dir='ltr'>argumenta.</span> <span class='ocrx_word' id='word_1_382' title='bbox 1279 4319 1353 4380; x_wconf 91' lang='lat' dir='ltr'>Hoc</span> <span class='ocrx_word' id='word_1_383' title='bbox 1376 4317 1481 4401; x_wconf 85' lang='lat' dir='ltr'>itaque</span> <span class='ocrx_word' id='word_1_384' title='bbox 1503 4317 1654 4388; x_wconf 83' lang='lat' dir='ltr'>interest,</span> 
     </span>
    </p>
   </div>
   <div class='ocr_carea' id='block_1_3' title="bbox 347 4497 1659 5021">
    <p class='ocr_par' dir='ltr' id='par_1_3' title="bbox 420 4497 865 4568">
     <span class='ocr_line' id='line_1_41' title="bbox 420 4497 865 4568; baseline 0.004 -18"><span class='ocrx_word' id='word_1_385' title='bbox 420 4507 448 4558; x_wconf 71' lang='grc' dir='ltr'>ι.</span> <span class='ocrx_word' id='word_1_386' title='bbox 465 4527 505 4542; x_wconf 88' lang='lat'>-·</span> <span class='ocrx_word' id='word_1_387' title='bbox 522 4498 641 4568; x_wconf 78' lang='lat' dir='ltr'>dimisit]</span> <span class='ocrx_word' id='word_1_388' title='bbox 661 4497 709 4553; x_wconf 87' lang='lat' dir='ltr'>Cd.</span> <span class='ocrx_word' id='word_1_389' title='bbox 729 4499 791 4552; x_wconf 84' lang='lat' dir='ltr'>Btt.</span> <span class='ocrx_word' id='word_1_390' title='bbox 812 4498 865 4553; x_wconf 76' lang='lat' dir='ltr'>Os.</span> 
     </span>
    </p>

    <p class='ocr_par' dir='ltr' id='par_1_4' title="bbox 349 4571 1657 4721">
     <span class='ocr_line' id='line_1_42' title="bbox 420 4571 1657 4646; baseline 0 -19"><span class='ocrx_word' id='word_1_391' title='bbox 420 4577 465 4629; x_wconf 75' lang='lat'>25.</span> <span class='ocrx_word' id='word_1_392' title='bbox 485 4573 619 4632; x_wconf 77' lang='lat' dir='ltr'>Natura,-</span> <span class='ocrx_word' id='word_1_393' title='bbox 650 4575 781 4625; x_wconf 69' lang='lat' dir='ltr'>ammaim</span> <span class='ocrx_word' id='word_1_394' title='bbox 805 4605 823 4616; x_wconf 90' lang='lat'><em>-</em></span> <span class='ocrx_word' id='word_1_395' title='bbox 843 4605 861 4616; x_wconf 93' lang='lat'>-</span> <span class='ocrx_word' id='word_1_396' title='bbox 882 4605 900 4617; x_wconf 93' lang='lat'><em>-</em></span> <span class='ocrx_word' id='word_1_397' title='bbox 920 4579 1061 4645; x_wconf 81' lang='lat' dir='ltr'>corporis,</span> <span class='ocrx_word' id='word_1_398' title='bbox 1079 4577 1272 4646; x_wconf 71' lang='lat' dir='ltr'>extrinsecus]</span> <span class='ocrx_word' id='word_1_399' title='bbox 1313 4573 1388 4625; x_wconf 79' lang='lat' dir='ltr'>Haec</span> <span class='ocrx_word' id='word_1_400' title='bbox 1408 4577 1502 4625; x_wconf 85' lang='lat' dir='ltr'>omult</span> <span class='ocrx_word' id='word_1_401' title='bbox 1521 4571 1621 4627; x_wconf 71' lang='lat' dir='ltr'>obsunt</span> <span class='ocrx_word' id='word_1_402' title='bbox 1641 4587 1657 4626; x_wconf 83' lang='lat' dir='ltr'>t</span> 
     </span>
     <span class='ocr_line' id='line_1_43' title="bbox 349 4646 1382 4721; baseline -0.002 -19"><span class='ocrx_word' id='word_1_403' title='bbox 349 4646 397 4702; x_wconf 75' lang='lat' dir='ltr'>cd.</span> <span class='ocrx_word' id='word_1_404' title='bbox 415 4649 480 4702; x_wconf 76' lang='lat' dir='ltr'>nn.</span> <span class='ocrx_word' id='word_1_405' title='bbox 501 4647 541 4700; x_wconf 77' lang='lat' dir='ltr'>St.</span> <span class='ocrx_word' id='word_1_406' title='bbox 563 4647 623 4702; x_wconf 80' lang='lat' dir='ltr'>hid.</span> <span class='ocrx_word' id='word_1_407' title='bbox 643 4665 670 4700; x_wconf 88' lang='lat' dir='ltr'>et</span> <span class='ocrx_word' id='word_1_408' title='bbox 690 4667 705 4700; x_wconf 92' lang='lat' dir='ltr'>e</span> <span class='ocrx_word' id='word_1_409' title='bbox 725 4647 814 4720; x_wconf 75' lang='lat' dir='ltr'>glossa</span> <span class='ocrx_word' id='word_1_410' title='bbox 834 4647 961 4701; x_wconf 76' lang='lat' dir='ltr'>videntur</span> <span class='ocrx_word' id='word_1_411' title='bbox 981 4647 1114 4721; x_wconf 77' lang='lat' dir='ltr'>proiecta.</span> <span class='ocrx_word' id='word_1_412' title='bbox 1135 4649 1223 4702; x_wconf 76' lang='lat' dir='ltr'>Habet</span> <span class='ocrx_word' id='word_1_413' title='bbox 1245 4653 1305 4701; x_wconf 76' lang='lat' dir='ltr'>Asc.</span> <span class='ocrx_word' id='word_1_414' title='bbox 1329 4647 1382 4700; x_wconf 81' lang='lat' dir='ltr'>On.</span> 
     </span>
    </p>

    <p class='ocr_par' dir='ltr' id='par_1_5' title="bbox 347 4718 1658 4943">
     <span class='ocr_line' id='line_1_44' title="bbox 420 4718 1658 4796; baseline 0 -24"><span class='ocrx_word' id='word_1_415' title='bbox 420 4728 466 4782; x_wconf 73' lang='grc'>28.</span> <span class='ocrx_word' id='word_1_416' title='bbox 486 4725 673 4791; x_wconf 73' lang='lat' dir='ltr'>extrr&#39;uaeeus]</span> <span class='ocrx_word' id='word_1_417' title='bbox 692 4718 994 4778; x_wconf 70' lang='lat' dir='ltr'>thextrlusecusillttd</span> <span class='ocrx_word' id='word_1_418' title='bbox 1009 4721 1162 4796; x_wconf 70' lang='lat' dir='ltr'>significat,</span> <span class='ocrx_word' id='word_1_419' title='bbox 1190 4722 1263 4794; x_wconf 87' lang='lat' dir='ltr'>quod</span> <span class='ocrx_word' id='word_1_420' title='bbox 1280 4723 1314 4773; x_wconf 78' lang='lat' dir='ltr'>ab</span> <span class='ocrx_word' id='word_1_421' title='bbox 1334 4736 1410 4786; x_wconf 63' lang='lat' dir='ltr'>erte,</span> <span class='ocrx_word' id='word_1_422' title='bbox 1441 4720 1483 4774; x_wconf 79' lang='lat' dir='ltr'>rel</span> <span class='ocrx_word' id='word_1_423' title='bbox 1499 4721 1658 4792; x_wconf 78' lang='lat' dir='ltr'>diselpllnr‚</span> 
     </span>
     <span class='ocr_line' id='line_1_45' title="bbox 349 4795 1658 4870; baseline 0 -22"><span class='ocrx_word' id='word_1_424' title='bbox 349 4795 388 4849; x_wconf 78' lang='lat' dir='ltr'>rel</span> <span class='ocrx_word' id='word_1_425' title='bbox 414 4797 551 4850; x_wconf 81' lang='lat' dir='ltr'>industris</span> <span class='ocrx_word' id='word_1_426' title='bbox 579 4813 673 4852; x_wconf 79' lang='lat' dir='ltr'>notun</span> <span class='ocrx_word' id='word_1_427' title='bbox 699 4813 869 4868; x_wconf 82' lang='lat' dir='ltr'>nequaqnam</span> <span class='ocrx_word' id='word_1_428' title='bbox 897 4800 1013 4870; x_wconf 86' lang='lat' dir='ltr'>pendet:</span> <span class='ocrx_word' id='word_1_429' title='bbox 1041 4796 1089 4851; x_wconf 89' lang='lat' dir='ltr'>ted</span> <span class='ocrx_word' id='word_1_430' title='bbox 1120 4795 1189 4852; x_wconf 84' lang='lat' dir='ltr'>lnirs</span> <span class='ocrx_word' id='word_1_431' title='bbox 1218 4795 1251 4850; x_wconf 85' lang='lat' dir='ltr'>ad</span> <span class='ocrx_word' id='word_1_432' title='bbox 1272 4797 1320 4851; x_wconf 80' lang='lat' dir='ltr'>tlh.</span> <span class='ocrx_word' id='word_1_433' title='bbox 1348 4803 1375 4854; x_wconf 83' lang='lat'>2.</span> <span class='ocrx_word' id='word_1_434' title='bbox 1394 4797 1441 4850; x_wconf 87' lang='lat' dir='ltr'>uhi</span> <span class='ocrx_word' id='word_1_435' title='bbox 1462 4795 1495 4847; x_wconf 80' lang='lat' dir='ltr'>de</span> <span class='ocrx_word' id='word_1_436' title='bbox 1510 4797 1658 4850; x_wconf 74' lang='lat' dir='ltr'>attributis</span> 
     </span>
     <span class='ocr_line' id='line_1_46' title="bbox 347 4871 1420 4943; baseline 0.003 -23"><span class='ocrx_word' id='word_1_437' title='bbox 347 4889 497 4941; x_wconf 72' lang='lat' dir='ltr'>perronae,</span> <span class='ocrx_word' id='word_1_438' title='bbox 516 4888 566 4943; x_wconf 85' lang='lat' dir='ltr'>pro</span> <span class='ocrx_word' id='word_1_439' title='bbox 585 4875 627 4941; x_wconf 70' lang='lat' dir='ltr'>rui</span> <span class='ocrx_word' id='word_1_440' title='bbox 644 4877 835 4937; x_wconf 74' lang='lat' dir='ltr'>extrinsecus,</span> <span class='ocrx_word' id='word_1_441' title='bbox 856 4871 944 4938; x_wconf 80' lang='lat' dir='ltr'>dixit,</span> <span class='ocrx_word' id='word_1_442' title='bbox 964 4881 1049 4923; x_wconf 75' lang='lat' dir='ltr'>extra</span> <span class='ocrx_word' id='word_1_443' title='bbox 1068 4879 1157 4942; x_wconf 81' lang='lat' dir='ltr'>ipsum</span> <span class='ocrx_word' id='word_1_444' title='bbox 1177 4873 1321 4925; x_wconf 72' lang='lat' dir='ltr'>ltuuuueut.</span> <span class='ocrx_word' id='word_1_445' title='bbox 1339 4875 1420 4926; x_wconf 72' lang='lat' dir='ltr'>Cirr.</span> 
     </span>
    </p>

    <p class='ocr_par' dir='ltr' id='par_1_6' title="bbox 421 4943 1659 5021">
     <span class='ocr_line' id='line_1_47' title="bbox 421 4943 1659 5021; baseline 0.001 -25"><span class='ocrx_word' id='word_1_446' title='bbox 421 4953 466 5005; x_wconf 76' lang='lat'>28.</span> <span class='ocrx_word' id='word_1_447' title='bbox 486 4951 516 4996; x_wconf 79' lang='grc' dir='ltr'>ιιι</span> <span class='ocrx_word' id='word_1_448' title='bbox 535 4943 642 4997; x_wconf 78' lang='lat' dir='ltr'>homme</span> <span class='ocrx_word' id='word_1_449' title='bbox 661 4947 734 5016; x_wconf 82' lang='lat' dir='ltr'>rme]</span> <span class='ocrx_word' id='word_1_450' title='bbox 764 4951 853 5002; x_wconf 78' lang='lat' dir='ltr'>Antea</span> <span class='ocrx_word' id='word_1_451' title='bbox 873 4947 1015 5020; x_wconf 76' lang='lat' dir='ltr'>legehttnr</span> <span class='ocrx_word' id='word_1_452' title='bbox 1033 4952 1092 5006; x_wconf 81' lang='lat' dir='ltr'>stt,-</span> <span class='ocrx_word' id='word_1_453' title='bbox 1111 4945 1159 4999; x_wconf 88' lang='lat' dir='ltr'>ted</span> <span class='ocrx_word' id='word_1_454' title='bbox 1178 4963 1335 5021; x_wconf 80' lang='lat' dir='ltr'>perperam,</span> <span class='ocrx_word' id='word_1_455' title='bbox 1355 4963 1384 4998; x_wconf 91' lang='lat' dir='ltr'>nt</span> <span class='ocrx_word' id='word_1_456' title='bbox 1406 4946 1446 4997; x_wconf 84' lang='lat' dir='ltr'>uel</span> <span class='ocrx_word' id='word_1_457' title='bbox 1460 4944 1557 4998; x_wconf 79' lang='lat' dir='ltr'>leuiter</span> <span class='ocrx_word' id='word_1_458' title='bbox 1570 4960 1659 4997; x_wconf 83' lang='lat' dir='ltr'>atten-</span> 
     </span>
    </p>
   </div>
   <div class='ocr_carea' id='block_1_4' title="bbox 352 5017 1657 5170">
    <p class='ocr_par' dir='ltr' id='par_1_7' title="bbox 352 5017 1657 5170">
     <span class='ocr_line' id='line_1_48' title="bbox 352 5017 1657 5094; baseline 0.004 -26"><span class='ocrx_word' id='word_1_459' title='bbox 352 5017 424 5072; x_wconf 80' lang='lat' dir='ltr'>dentl</span> <span class='ocrx_word' id='word_1_460' title='bbox 444 5019 557 5091; x_wconf 80' lang='lat' dir='ltr'>patehlt.</span> <span class='ocrx_word' id='word_1_461' title='bbox 579 5025 660 5074; x_wconf 72' lang='lat' dir='ltr'>Care.</span> <span class='ocrx_word' id='word_1_462' title='bbox 697 5021 762 5094; x_wconf 83' lang='lat' dir='ltr'>(Sed</span> <span class='ocrx_word' id='word_1_463' title='bbox 793 5037 933 5090; x_wconf 73' lang='lat' dir='ltr'>peteteret</span> <span class='ocrx_word' id='word_1_464' title='bbox 961 5021 1160 5076; x_wconf 78' lang='lat' dir='ltr'>emendandum</span> <span class='ocrx_word' id='word_1_465' title='bbox 1179 5041 1249 5094; x_wconf 79' lang='lat' dir='ltr'>quus</span> <span class='ocrx_word' id='word_1_466' title='bbox 1273 5029 1392 5073; x_wconf 72' lang='lat' dir='ltr'>natiuae</span> <span class='ocrx_word' id='word_1_467' title='bbox 1412 5025 1496 5094; x_wconf 67' lang='lat' dir='ltr'>penit.</span> <span class='ocrx_word' id='word_1_468' title='bbox 1516 5025 1587 5094; x_wconf 68' lang='lat' dir='ltr'>sing.</span> <span class='ocrx_word' id='word_1_469' title='bbox 1607 5018 1657 5074; x_wconf 84' lang='lat' dir='ltr'>ed.</span> 
     </span>
     <span class='ocr_line' id='line_1_49' title="bbox 353 5094 895 5170; baseline 0.007 -24"><span class='ocrx_word' id='word_1_470' title='bbox 353 5094 411 5147; x_wconf 68' lang='grc' dir='ltr'>Μ.</span> <span class='ocrx_word' id='word_1_471' title='bbox 432 5099 546 5148; x_wconf 80' lang='lat' dir='ltr'>vitiose:</span> <span class='ocrx_word' id='word_1_472' title='bbox 565 5103 668 5148; x_wconf 73' lang='lat' dir='ltr'>mtrem</span> <span class='ocrx_word' id='word_1_473' title='bbox 688 5131 704 5140; x_wconf 97' lang='lat'>-</span> <span class='ocrx_word' id='word_1_474' title='bbox 723 5127 742 5138; x_wconf 94' lang='lat'>-</span> <span class='ocrx_word' id='word_1_475' title='bbox 759 5102 806 5147; x_wconf 81' lang='lat' dir='ltr'>sit.</span> <span class='ocrx_word' id='word_1_476' title='bbox 826 5096 895 5170; x_wconf 71' lang='lat'>0⁸.)</span> 
     </span>
    </p>
   </div>
   <div class='ocr_carea' id='block_1_5' title="bbox 422 5170 828 5240">
    <p class='ocr_par' dir='ltr' id='par_1_8' title="bbox 422 5170 828 5240">
     <span class='ocr_line' id='line_1_50' title="bbox 422 5170 828 5240; baseline -0.002 -12"><span class='ocrx_word' id='word_1_477' title='bbox 422 5170 828 5240; x_wconf 69' lang='lat' dir='ltr'>290uet1-uoqu.Bst·</span> 
     </span>
    </p>
   </div>
   <div class='ocr_carea' id='block_1_6' title="bbox 0 0 2237 5956">
    <p class='ocr_par' dir='ltr' id='par_1_9' title="bbox 0 0 2237 5956">
     <span class='ocr_line' id='line_1_51' title="bbox 0 0 2237 5956; baseline 0 0"><span class='ocrx_word' id='word_1_478' title='bbox 0 0 2237 5956; x_wconf 95' lang='lat' dir='ltr'> </span> 
     </span>
    </p>
   </div>
  </div>
 </body>
</html>
