4434 5959
934 608 1028 674 ιιι.
1049 609 1108 674 ιι..
1616 561 1677 667 ιιι
1742 639 1748 658 .
1812 699 1816 710 Ι

356 768 445 822 tutae
469 752 653 838 dicamque:
691 751 761 820 sed
779 751 853 818 dies
872 759 945 823 est,-
978 771 1016 815 ae
1031 761 1108 814 tnnc
1128 749 1252 812 demum
1273 744 1324 819 id,
1358 747 1445 831 quod
1459 755 1508 809 est
1528 744 1562 808 in
1579 767 1679 831 quae-

354 851 473 926 stione,
497 848 702 912 concludam:
725 852 810 912 Lacr
830 861 883 913 eat
900 850 1023 935 igitur.
1052 847 1146 928 Ergo
1165 862 1260 926 quum
1282 843 1321 903 ad
1344 839 1522 923 syllogismi
1543 841 1674 904 conclu·

356 945 480 1009 sionem
500 952 531 1005 et
549 951 617 1005 tnta
636 940 851 1024 enuntiatione
868 942 900 1006 in
916 940 1149 1041 proponendo,
1173 943 1205 998 ct
1217 932 1250 996 in
1266 935 1453 996 assumendo
1471 947 1564 1017 parte
1579 959 1678 1002 enun-

356 1034 498 1101 tintinnis
514 1045 659 1109 utamur,
683 1053 814 1098 necesse
839 1045 905 1113 est,
929 1046 964 1098 ut
982 1053 1038 1109 ea,
1069 1028 1185 1114 quibus
1209 1025 1343 1124 utimur,
1366 1026 1446 1091 nibil
1463 1029 1598 1095 habeant
1620 1034 1678 1095 dur-

357 1129 509 1196 bitabile:
533 1127 562 1192 si
581 1127 705 1212 quidem
721 1149 763 1191 ex
780 1127 830 1192 bis
845 1150 900 1204 ea,
923 1148 1006 1213 qnae
1023 1135 1097 1189 sunt
1111 1119 1279 1206 ambigua,
1289 1117 1430 1204 capient
1448 1122 1555 1190 fidem.
1580 1127 1702 1209 Qunds

357 1226 384 1290 si
401 1221 588 1308 propositio
610 1221 799 1305 aliquotiens
825 1221 951 1306 quidem
975 1241 1035 1302 per
1055 1238 1090 1281 se
1119 1226 1195 1280 nota
1218 1227 1266 1280 est
1285 1226 1380 1299 atque
1401 1217 1586 1300 perspicua,
1621 1221 1678 1284 ali-

358 1318 508 1426 quotiens
530 1335 610 1380 vero
627 1313 826 1398 probationis
844 1315 988 1400 indigens
1007 1309 1188 1384 invenitur,
1212 1309 1383 1392 assumptio
1405 1333 1533 1395 quoquc
1553 1313 1678 1399 aliqun-

356 1413 439 1476 tiens
471 1431 530 1495 per
568 1429 602 1474 ae
639 1429 715 1473 vera
749 1429 818 1473 esse
848 1409 1027 1484 notabitur,
1065 1403 1256 1513 aliquotiens
1289 1405 1529 1487 approbationis
1557 1407 1679 1494 indiget

359 1503 560 1570 adiumentis.
605 1501 680 1582 Quo
700 1503 755 1580 fit,
786 1512 841 1580 ιιι,
863 1504 891 1567 ιι
912 1515 944 1567 ιι
964 1498 1147 1608 propositio
1169 1509 1202 1562 et
1223 1498 1394 1581 assumptio
1417 1503 1678 1568 demonstrandae

363 1601 447 1676 sint,
485 1596 761 1684 quinquepertitus
796 1599 846 1678 (ut
872 1596 990 1662 Cicero
1012 1593 1106 1657 etiam
1126 1591 1159 1656 in
1190 1591 1375 1656 Rhetoricis
1397 1608 1509 1661 anetor
1531 1600 1591 1678 est)
1612 1599 1679 1681 syl·
1690 1611 1720 1662 tu

359 1694 517 1800 logismns
545 1691 621 1765 fiat,
658 1700 807 1754 constans
835 1713 878 1755 ex
904 1687 1130 1775 propositione
1159 1683 1288 1770 eiusque
1309 1689 1519 1770 probatione,
1556 1714 1678 1757 assum·

360 1787 472 1870 ptione
494 1783 696 1868 eiusdemque
717 1784 928 1866 probatione,
952 1797 984 1848 et
1004 1778 1222 1847 conclusione.
1266 1780 1404 1862 Quod
1380 1804 1406 1846 ιι
1427 1799 1539 1854 neutra
1562 1790 1603 1855 sit
1622 1813 1680 1876 ap·

360 1881 549 1964 probanda,
584 1877 781 1986 tripertitus·
794 1878 849 1956 lit,
885 1899 927 1942 ex
954 1874 1177 1960 propositione
1206 1873 1327 1938 scilieet
1354 1887 1387 1940 et
1413 1883 1626 1965 assumptione
1648 1899 1680 1952 et

362 1972 584 2039 conclusione.
635 1970 781 2053 Quod
754 1993 783 2036 ιι
804 1973 903 2036 altera
936 1992 1045 2035 earum
1067 1971 1310 2032 demonstranda
1331 1969 1389 2048 ait,
1412 1974 1449 2036 lit
1470 1979 1681 2063 quadriperti-

361 2079 431 2146 tus,
462 2089 505 2132 ex
523 2065 748 2150 propositione
768 2065 889 2130 scilieet
909 2076 943 2130 et
963 2061 1178 2144 assumptione
1199 2073 1294 2147 atque
1316 2064 1406 2130 unius
1427 2087 1537 2134 earum
1560 2094 1680 2157 appro·
1664 2081 1724 2134 -ts

362 2117 496 2226 batione
515 2171 548 2225 et
558 2159 775 2255 conclusione.
818 2159 1043 2225 Conclusinnis
1057 2176 1138 2221 vern
1151 2155 1249 2239 ipsius
1264 2161 1454 2241 approbatio
1472 2169 1681 2270 praecedente

365 2252 593 2337 propositione
608 2263 703 2337 atque
724 2253 940 2336 assumptione
954 2247 1133 2337 perficitur·
1178 2248 1268 2329 Quae
1290 2273 1386 2335 quum
1401 2252 1445 2318 ita
1465 2255 1544 2336 sint,
1569 2283 1683 2347 quum-

364 2369 429 2433 que
447 2344 550 2411 omnis
571 2344 755 2429 propositio
776 2345 1017 2429 hypothetica
1006 2367 1041 2408 ιιι
1061 2343 1293 2407 connexionem
1314 2345 1618 2440 disiunctionemque
1637 2355 1686 2420 di·

363 2443 513 2519 vidatur,
550 2439 583 2504 in
602 2439 758 2504 connexis
778 2439 1055 2524 propositionibus
1083 2435 1169 2500 aliud
1194 2435 1325 2501 dicimus
1349 2445 1563 2526 praecedens,
1600 2450 1686 2515 aliud

366 2534 721 2621 consequens.1dcm
752 2547 857 2598 autem
880 2552 1078 2620 consequens
1097 2540 1130 2594 et
1155 2550 1332 2594 connexum
1350 2553 1521 2617 vocamus,
1545 2543 1685 2608 velutin
1696 2551 1729 2602 ιι

365 2632 430 2694 bae
449 2628 694 2714 propositiones
715 2629 756 2695 Si
777 2629 850 2693 dies
873 2640 944 2708 ιιι,
968 2630 1034 2692 luae
1057 2635 1130 2698 esta
1150 2623 1223 2688 dies
1244 2636 1296 2689 est
1311 2629 1489 2712 praecedit,
1511 2635 1688 2701 annectitur

367 2729 435 2790 trae
456 2737 523 2790 est.
575 2724 615 2788 In
637 2722 800 2788 disiunctis
826 2736 930 2788 autem
959 2742 1024 2788 non
1050 2730 1100 2784 est
1121 2721 1230 2783 eadem
1250 2719 1355 2800 ratio,
1394 2723 1484 2807 quia,
1510 2748 1606 2811 quum
1629 2751 1685 2809 aa,

368 2840 453 2905 quae
475 2829 719 2902 proponuntur,
755 2819 845 2882 simul
867 2837 1019 2882 essenon
1044 2823 1200 2898 possunt,
1230 2814 1318 2880 nullo
1340 2819 1435 2881 modo
1454 2817 1600 2886 dicuntur
1618 2845 1689 2888 esse

370 2934 531 2978 connexa.
574 2913 775 2977 Praecedens
796 2922 902 2976 autem
924 2921 957 2975 et
975 2910 1170 2991 subsequens
1194 2906 1266 2971 inde
1285 2907 1461 2986 iudicatur,
1484 2913 1576 2998 qnia,
1602 2917 1690 2999 quod

369 3007 509 3090 primurn
529 3005 678 3090 ponitur,
711 3004 783 3069 iure
804 3007 990 3070 antecedens
1015 3012 1171 3077 vocatur,
1202 3003 1289 3084 quod
1310 3003 1488 3084 posterius,
1519 3005 1588 3072 iure
1613 3012 1690 3074 sub·
1700 3023 1733 3072 ιι

372 3122 511 3210 sequens
538 3099 666 3165 dieitur.
724 3100 818 3164 Ex''
798 3121 837 3164 us
857 3099 955 3186 igitur
971 3090 1268 3179 propositionibus,
1306 3115 1388 3178 quac
1411 3118 1575 3165 connexae
1595 3112 1688 3181 sunt,

372 3197 411 3258 nt
433 3195 555 3279 primns
573 3203 606 3259 et
628 3196 783 3258 secundus
805 3190 1083 3276 hypotheticorum
1104 3185 1366 3271 syllogismorum
1388 3196 1513 3259 modus.
1572 3198 1693 3260 Addita

371 3311 454 3355 ιιι-ιι
477 3287 646 3395 negatione
667 3286 885 3371 propositioni
911 3301 1076 3351 connexae
1101 3301 1143 3343 ex
1165 3283 1285 3345 duabus
1311 3284 1569 3353 affirmationibus
1591 3309 1693 3372 copu-

372 3385 456 3447 latae
481 3401 582 3467 eaqne
605 3382 738 3465 insuper
763 3383 917 3466 denegata
945 3375 1058 3442 tertius
1082 3375 1224 3453 aceedit·
1260 3397 1302 3440 ex
1325 3379 1490 3445 disiunctis
1511 3403 1592 3448 vern
1614 3405 1695 3466 pro·

374 3475 609 3584 positionibus,
633 3474 763 3540 diverso
783 3477 881 3540 modo
914 3467 1180 3576 assumptionibus
1199 3468 1311 3550 factis,
1336 3486 1468 3582 quartps
1491 3485 1523 3540 et
1544 3477 1693 3562 quintus;
1705 3485 1737 3538 tu

373 3569 520 3655 utrisque
542 3589 623 3633 vern
643 3589 704 3652 per
725 3569 926 3654 negationem
948 3559 1159 3646 compositis,
1183 3575 1291 3630 sextus
1310 3578 1342 3631 et
1362 3569 1525 3652 septimus.
1584 3575 1693 3680 Atqqe

374 3665 435 3728 bae
464 3673 588 3748 septem
619 3675 692 3726 sunt
725 3661 949 3746 hypotheticae
982 3655 1223 3736 conclusiones,
1261 3682 1435 3745 quarum
1422 3664 1696 3730 M.Tu11iustn

376 3757 512 3841 Topicis
536 3756 699 3821 meminit.
730 3778 864 3841 quarum
886 3752 1024 3820 omnium
1047 3749 1195 3835 deinceps
1221 3757 1303 3821 ordo
1334 3769 1428 3843 atque
1453 3760 1598 3841 exempla
1620 3761 1698 3822 sub-

378 3854 480 3917 denda
501 3862 584 3920 sunt.
639 3850 770 3930 Primus
793 3850 891 3935 igitur
911 3846 1024 3914 modus
1047 3855 1115 3921 est,
1139 3867 1233 3928 quum
1255 3849 1286 3912 in
1308 3873 1452 3917 connexa
1472 3851 1697 3934 propositione

377 3957 625 4028 assumpturo,
649 3943 938 4029 quodpraecedit,
967 3939 1114 4006 volumus
1136 3951 1333 4020 monstrare,
1357 3947 1444 4031 quud
1464 3947 1627 4030 sequitur,
1650 3945 1694 4010 ita
1709 3954 1741 4006 ιι

378 4059 448 4104 esse
471 4048 644 4147 oportere,
681 4049 718 4102 ut
746 4050 794 4101 est
813 4038 847 4102 in
873 4035 1072 4102 connexione
1093 4031 1268 4112 prolatum.
1325 4037 1365 4101 Ῑιι
1388 4059 1452 4123 quo
1474 4037 1502 4102 si
1522 4039 1572 4116 id,
1611 4042 1699 4124 quod

378 4137 558 4199 eonne‘xuru
580 4145 629 4196 est
649 4153 687 4196 ac
707 4132 866 4217 sequitur,
900 4124 1181 4213 assumpserimus,
1215 4130 1319 4194 nullus
1342 4131 1471 4196 omuino
1492 4133 1528 4196 fit
1548 4135 1699 4220 syllogis

379 4249 464 4291 mus.
519 4224 622 4290 Huius
644 4227 822 4309 exemplum
842 4226 906 4290 tale
929 4236 992 4290 esta
1027 4221 1065 4288 aa·
1083 4219 1156 4283 dies
1176 4237 1249 4304 est,
1273 4227 1373 4290 lucet.
1418 4225 1482 4290 Si'
1471 4227 1570 4311 igitur
1592 4229 1699 4292 lucere

380 4331 612 4398 monstremus,
643 4340 836 4384 assumamus
866 4339 995 4385 necesse
1024 4325 1090 4395 ιιι,
1127 4319 1206 4385 diem
1229 4339 1317 4400 esse,
1354 4320 1418 4384 boc
1439 4323 1559 4384 modo·
1591 4319 1701 4407 Atqui

383 4414 458 4479 dies
480 4425 545 4478 est.
603 4413 823 4500 Consequitur
844 4435 925 4501 ergo
947 4436 988 4478 ex
1008 4415 1216 4493 necessitate,
1250 4414 1371 4478 lucere.
1427 4412 1570 4496 Quod
1544 4429 1574 4477 ιι·
1593 4414 1742 4479 luceretu

380 4529 574 4573 assumamus
597 4507 705 4594 itaque
726 4509 888 4573 dinamusa
923 4509 1032 4595 Atqui
1052 4513 1161 4584 lucete
1192 4529 1257 4572 nnn
1285 4528 1413 4573 necesse
1436 4519 1484 4573 est
1505 4507 1587 4571 diem
1609 4529 1698 4588 csse,

382 4613 479 4687 atque
499 4604 573 4667 iden
595 4603 680 4667 nulla
702 4603 874 4668 necessitas
897 4603 1005 4668 evenit
1025 4601 1253 4668 conclusionis.
1296 4601 1361 4670 Ubi
1382 4623 1462 4667 vero
1484 4602 1570 4667 nulla
1590 4625 1702 4668 neces·

381 4695 459 4761 sitas
485 4705 554 4773 est,
591 4716 630 4759 ne
660 4697 863 4782 syllogismus
893 4695 1018 4783 quidem
1045 4697 1181 4782 intelligi
1203 4707 1324 4780 potest.
1378 4697 1438 4762 Est
1460 4696 1558 4783 igitur
1579 4698 1701 4782 primus

382 4792 497 4855 modus
516 4790 549 4854 in
570 4792 652 4855 bane
671 4791 827 4856 formam:
864 4791 904 4857 Si
930 4791 1004 4856 dies
1029 4804 1103 4869 est,
1134 4795 1243 4867 lucet,·
1274 4791 1347 4856 dies
1367 4803 1484 4855 nutem
1503 4803 1576 4857 ιιιι
1611 4794 1702 4856 lucet

380 4884 506 4968 igitur.
556 4884 768 4950 Inveniuntur
799 4897 922 4964 tamen,
959 4885 1130 4971 inquibus
1152 4908 1255 4974 aequo
1277 4889 1375 4952 modo
1397 4885 1484 4951 valet
1506 4884 1700 4969 assumptio,
1713 4892 1745 4946 tt

382 4978 453 5042 sire
473 4982 686 5062 praecedens,
716 4981 784 5046 siae
805 4983 1001 5066 subsequens
1023 4993 1220 5059 assumatur,
1254 4991 1290 5046 ιιι
1310 4980 1344 5044 in
1363 4981 1492 5045 bomine
1514 4991 1609 5066 atque
1629 4977 1704 5042 risi·

294 5164 307 5176 „
383 5072 460 5138 bilia
481 5074 522 5140 Si
536 5074 623 5140 enim
644 5077 747 5141 bomo
769 5087 840 5154 eat,
863 5075 994 5140 risibile
1015 5087 1086 5152 este
1106 5077 1205 5162 utqui
1224 5079 1327 5143 bomo
1349 5087 1420 5142 eat:
1440 5073 1570 5139 risibile
1591 5071 1704 5158 igitur

461 5193 508 5256 ¹17.
526 5194 645 5250 risibilia
662 5193 730 5271 (ter)
748 5195 828 5251 Bina.
