4434 5959
462 624 525 689 tta
893 619 935 687 C·
958 620 1111 690 IULIUS
1134 618 1316 688 VICTOR

462 763 692 841 coniecturam,
729 784 793 827 eur
816 760 997 853 profectus
1021 763 1174 829 nonsit:
1206 774 1366 825 utrumne
1392 760 1484 847 parad
1511 761 1672 828 υὶαὶσωη
1703 784 1775 831 nott

482 859 665 941 acceparit,
688 879 734 921 an
751 859 794 923 ob
809 857 972 937 insidias,
997 866 1049 927 sel
1066 856 1338 930 contumaciam,
1365 858 1418 919 nel
1436 856 1619 922 laedendae
1638 857 1692 921 rei
1707 880 1774 941 pu·

462 953 568 1017 blicae
588 953 716 1016 studio.
761 954 827 1016 Per
846 956 1045 1038 qualitatem:
1068 975 1114 1016 an
1136 953 1267 1014 iustum
1286 949 1332 1012 sit
1352 948 1553 1013 emanstonis
1576 971 1685 1014 emesa
1703 972 1774 1016 non

462 1046 634 1129 accepisse
664 1044 835 1109 uiaticum.
890 1049 956 1111 Per
981 1044 1238 1113 translationem:
1273 1062 1319 1105 an
1350 1062 1456 1125 agere
1483 1063 1563 1105 cum
1591 1056 1774 1127 qrmdore

440 1147 457 1199 t
464 1138 634 1213 debuerit,
670 1149 704 1201 et
736 1160 810 1201 rem
837 1142 890 1203 nel
918 1143 966 1204 ad
996 1152 1152 1205 sendum
1178 1139 1230 1200 uel
1252 1136 1299 1197 ad
1311 1137 1476 1217 populum
1496 1131 1651 1221 deferre.
1707 1139 1774 1203 Per

466 1229 692 1314 quantitatem:
728 1250 774 1293 an
797 1252 960 1315 magnum
983 1236 1029 1298 sit
1050 1231 1143 1319 quod
1170 1230 1349 1294 commisit.
1394 1230 1459 1293 Per
1483 1232 1773 1312 comparationem:

466 1345 512 1386 an
534 1323 651 1405 potius
665 1321 789 1413 fiterit
818 1329 870 1390 vet
897 1347 966 1391 non
996 1336 1136 1408 accepto
1163 1322 1287 1385 viatico
1315 1343 1461 1404 pergere
1493 1342 1596 1406 qaam
1623 1345 1772 1390 nmnere.

468 1416 619 1483 Definitio
650 1417 725 1480 hnic
745 1422 985 1485 controversiae
1015 1420 1133 1495 defuit,
1165 1420 1220 1481 sed
1244 1416 1303 1479 iarn
1322 1416 1550 1499 praediximus,
1579 1436 1643 1479 non
1666 1438 1773 1482 omnes

468 1511 559 1575 locos
580 1509 612 1572 in
635 1509 780 1573 omuibus
803 1513 942 1577 materiis
963 1514 1110 1578 inveniri.
1159 1511 1369 1593 Adsumptiva
1389 1531 1449 1592 per
1470 1510 1773 1591 compensationem

425 1614 655 1689 totyraumss,
692 1613 860 1668 trecentos
888 1608 1016 1671 nobiles
1050 1607 1102 1670 uti
1136 1626 1252 1669 secum
1287 1604 1499 1687 gubernator
1526 1606 1774 1682 transveheret,

465 1694 662 1778 imperavit:
683 1695 740 1758 ille
760 1717 877 1760 omnes
901 1698 1097 1790 naufragio
1112 1722 1177 1782 per
1202 1699 1317 1761 dottam
1334 1696 1502 1780 perdidit,-
1530 1717 1610 1758 reas
1631 1706 1684 1759 est
1705 1700 1773 1761 lae-

465 1809 525 1851 sae
546 1787 598 1850 rei
618 1788 786 1870 publicae.
830 1791 883 1855 Ab
905 1791 994 1857 initio
1017 1793 1188 1856 adfinem:
1210 1811 1255 1851 uu
1277 1790 1414 1852 laeserit
1432 1809 1505 1852 rem
1522 1787 1773 1871 pubiicamtre·

466 1880 574 1944 centis
580 1881 746 1961 perditis,
769 1903 815 1944 au
826 1884 1005 1948 nobilibus.
1048 1887 1078 1948 A
1094 1883 1330 1966 compensativa
1346 1880 1585 1961 adsumptione:
1606 1900 1655 1942 an
1673 1902 1775 1965 qinon

467 1973 571 2038 unsa
590 1984 779 2059 tyrannum
798 1977 1003 2059 perdiderit,
1038 1998 1105 2041 uon
1129 1976 1230 2040 modo
1253 1996 1321 2038 non
1341 1973 1501 2048 laeserit,
1537 1974 1772 2039 verumetiam

426 2066 591 2135 :tinuerit
611 2087 683 2129 rem
701 2069 883 2151 publicam.
927 2072 959 2135 A
983 2072 1198 2134 destructione
1217 2066 1483 2150 compensationis
1497 2066 1608 2128 iisdem
1629 2067 1775 2150 gradibus

468 2180 527 2241 per
547 2158 779 2225 coniecturam:
800 2186 869 2247 qsso
889 2165 1032 2236 consilio
1053 2186 1171 2226 navem
1181 2159 1344 2249 fregerit
1351 2184 1363 2233 ,·
1391 2172 1507 2223 utrum
1525 2159 1617 2243 quod
1636 2159 1775 2241 perdere

468 2263 658 2338 tyrannum
677 2256 839 2331 noluerit,
873 2279 918 2318 an
938 2280 1017 2321 uero
1037 2257 1130 2341 quod
1145 2268 1267 2339 patres
1289 2267 1321 2317 et
1345 2252 1608 2336 rempublicam
1629 2253 1773 2318 laedere.

469 2346 536 2409 Per
556 2344 756 2430 qualitatem:
795 2368 840 2409 an
869 2349 962 2412 iustu
986 2370 1109 2423 emesa,
1144 2360 1287 2432 propter
1315 2369 1419 2432 quam
1438 2358 1491 2410 tot
1511 2345 1667 2410 homiues
1687 2346 1774 2428 peri·

469 2450 558 2502 rsnt.
616 2439 682 2501 Per
702 2441 957 2505 translationem:
986 2464 1031 2505 an
1052 2454 1186 2507 tautum
1203 2461 1276 2503 rem
1295 2462 1362 2503 non
1378 2438 1530 2504 debuerit
1548 2458 1613 2501 suo
1633 2438 1774 2503 arbitrio

427 2552 585 2616 magere.
628 2535 695 2597 Per
712 2534 1002 2615 comparationem:
1027 2549 1144 2599 utrum
1165 2532 1413 2624 meliusfaerit
1433 2555 1510 2598 cum
1526 2542 1681 2616 tyranno
1702 2533 1772 2596 illos

468 2626 600 2701 ninere,
623 2647 669 2688 au
689 2626 738 2688 sic
756 2628 884 2709 perire.
928 2634 1123 2693 Damnatus
1143 2639 1194 2690 est
1214 2626 1353 2711 quidam
1372 2627 1507 2702 caedis,
1531 2641 1564 2691 et
1587 2622 1625 2683 1'11
1645 2627 1772 2691 tricesi-

469 2740 564 2781 mum
585 2717 674 2781 dmm
703 2720 842 2783 debebat
872 2721 908 2785 in
941 2722 1083 2785 uinculis
1105 2742 1198 2783 esse:
1231 2719 1333 2782 rediit
1362 2720 1421 2803 qui
1444 2721 1577 2785 occisus
1603 2721 1773 2784 uidebatur

465 2823 547 2894 post
562 2812 772 2876 tricesimum
786 2814 875 2877 diem
883 2837 895 2887 ,·
916 2815 1117 2877 danmatum
1132 2812 1358 2893 magistratus
1371 2812 1514 2885 eduxit:
1535 2835 1616 2877 reus
1633 2826 1685 2878 est
1698 2833 1773 2876 con·

468 2914 527 2967 tra
542 2906 651 2988 legem
669 2904 822 2997 fecisse.
878 2910 932 2971 Ab
955 2908 1045 2971 initio
1067 2909 1105 2969 ad
1128 2906 1239 2968 finem:
1270 2925 1409 2968 arreum
1429 2916 1507 2969 acto
1527 2906 1700 2971 tricesimo
1723 2906 1774 2972 die

427 2995 669 3063 :adamantum
695 3018 763 3063 non
791 3001 969 3064 abstsderit
996 3000 1044 3062 ad
1066 3019 1233 3084 poenam,
1267 3009 1388 3061 contra
1412 3000 1522 3081 legem
1531 2998 1681 3091 fecerit.
1747 3000 1774 3061 A

470 3091 583 3153 veniali
607 3093 848 3177 adsumptione:
885 3116 930 3156 an
959 3093 1056 3157 nenia
1079 3091 1226 3174 dignus,
1259 3112 1364 3174 quum
1388 3089 1559 3158 innocenti
1573 3090 1773 3175 pepercerit.

468 3183 502 3253 A
520 3185 733 3249 destructione
754 3208 813 3268 per
833 3182 1065 3251 coniecturam:
1098 3205 1161 3246 cur
1180 3181 1395 3267 pepercerit?
1415 3182 1508 3275 qssod
1527 3185 1620 3269 leges
1640 3206 1775 3269 sperne·

468 3287 537 3350 ret,
574 3297 620 3338 au
647 3280 740 3363 quod
765 3280 864 3342 illum
891 3281 1084 3344 rediturum
1113 3275 1374 3359 suspicaretur?
1409 3277 1476 3340 Per
1497 3277 1697 3361 qualitatem:
1730 3298 1775 3341 an

468 3366 598 3434 iustum
621 3371 667 3435 sit
694 3371 773 3435 istis
801 3372 842 3435 de
868 3373 982 3438 caussis
1009 3383 1131 3435 contra
1151 3368 1418 3461 iegemfecissc.
1462 3373 1527 3436 Per
1552 3371 1773 3455 quantitatem:

427 3481 515 3548 apuu
536 3483 699 3545 magnum
718 3465 764 3529 sit
787 3486 923 3551 quoquo
944 3467 1045 3530 modo
1066 3478 1188 3529 contra
1207 3467 1317 3549 tegern
1326 3463 1476 3555 fecisse.
1520 3465 1587 3528 Per
1608 3484 1775 3545 compara·

469 3554 604 3632 lienem:
618 3568 734 3630 utnon
745 3557 986 3650 meliusfuerit
996 3560 1206 3623 innocentem
1218 3578 1367 3635 seruare,
1383 3578 1429 3622 au
1440 3559 1550 3642 legem
1563 3554 1774 3640 transgredi.

833 3704 865 3776 ς.
890 3699 921 3766 7.
945 3699 1007 3763 DE
1030 3696 1411 3767 TRANSLATIONE·

551 3806 727 3874 Rationalis
746 3808 910 3874 translatio
939 3808 1089 3881 dividitur
1108 3808 1187 3874 locis
1208 3809 1321 3874 tribus.
1363 3808 1418 3877 Ab
1441 3807 1530 3872 initio
1552 3811 1592 3872 ad
1611 3808 1723 3884 linerm
1745 3807 1777 3872 in

468 3920 533 3984 qno
552 3912 625 3968 snut
645 3921 800 3983 persona,
823 3902 932 3977 locus,
955 3913 1096 3985 tempus,
1128 3901 1270 3984 ipsr0res
1288 3902 1463 3986 modusque
1485 3900 1572 3978 eins,
1608 3923 1779 3988 perquem

426 4015 631 4087 „moremus
662 3994 959 4086 praescriptionem.
1012 3997 1156 4080 Sequens
1185 3995 1274 4062 locus
1303 4006 1350 4058 est
1371 3994 1577 4060 translatirac
1598 3996 1776 4081 qualitatis,

468 4087 581 4159 tertius
610 4090 782 4160 communis
814 4088 983 4172 qualitatis.
1027 4090 1195 4155 Adultera
1219 4089 1385 4172 stigmata
1409 4090 1663 4161 inscribantur:
1694 4090 1779 4154 scri·

465 4192 549 4265 ptus
563 4181 803 4263 praecedebat:
840 4183 986 4246 maritus
994 4180 1146 4273 foribus
1166 4185 1241 4246 eires
1260 4182 1417 4266 scripsit,
1466 4183 1518 4245 hic
1539 4183 1662 4246 adulter
1688 4182 1794 4250 habi..

467 4284 530 4348 tat;
552 4294 632 4339 reus
657 4286 707 4346 est
724 4274 944 4340 iniuriarum.
987 4276 1042 4343 Ab
1063 4275 1154 4344 initio
1175 4278 1213 4339 ad
1234 4276 1344 4350 linem:
1371 4297 1417 4337 an
1438 4298 1543 4361 quum
1562 4276 1700 4340 adulter
1719 4277 1776 4354 sit,

468 4365 566 4437 cuius
587 4364 709 4430 domus
730 4368 897 4450 iuscripta
919 4379 988 4444 est,
1011 4391 1116 4452 agere
1138 4388 1206 4433 non
1223 4370 1352 4452 possit:
1374 4390 1419 4430 uu
1442 4391 1546 4453 quum
1570 4368 1642 4451 ipse
1671 4369 1776 4433 mari·

426 4470 525 4533 tttus
541 4458 773 4544 ittscripserit:
803 4460 835 4523 in
858 4481 922 4546 qno
944 4460 1082 4528 incidere
1103 4462 1194 4525 etiam
1216 4462 1287 4525 linis
1307 4474 1433 4544 potest,
1457 4483 1502 4526 au
1523 4461 1628 4529 atium
1647 4461 1778 4526 iniuria

468 4552 621 4623 vocanda
640 4552 698 4616 sit.
741 4555 773 4616 A
790 4554 941 4638 qualitate
959 4554 1160 4619 translativa:
1182 4576 1228 4617 nu
1243 4556 1275 4626 ei
1289 4556 1336 4618 nd
1351 4556 1588 4638 impunitatem
1600 4554 1777 4638 profecere

467 4644 604 4735 debeat,
640 4645 733 4730 quod
760 4648 895 4714 adulter
928 4649 990 4723 sit,
1026 4650 1125 4713 cuius
1143 4647 1256 4740 fores
1284 4648 1510 4732 inscripserit,
1566 4646 1598 4711 A
1619 4645 1777 4714 communi

468 4738 641 4823 qualitate:
663 4760 709 4802 an
731 4740 943 4813 absolutione
964 4743 1089 4826 diguus
1111 4742 1175 4817 sit,
1209 4742 1269 4826 qui
1289 4739 1455 4829 effecerit,
1478 4762 1520 4804 ue
1540 4744 1674 4805 occulta
1692 4753 1776 4805 esset

468 4831 702 4915 impudicitia:
722 4854 768 4895 an
790 4855 868 4900 vero
884 4856 999 4918 poena
1019 4836 1149 4919 magis,
1173 4837 1265 4929 quod
1285 4837 1490 4920 supplicium
1504 4838 1596 4901 ultra
1605 4833 1776 4917 praescri·

425 4946 457 5007 :5
464 4936 564 5019 ptum
585 4925 674 5009 legis
695 4927 903 5001 extenderit,

536 5110 560 5171 3,
580 5110 962 5173 instam1nalimiaata.ecnt.
982 5115 999 5158 1.
1021 5110 1061 5157 lb.
1080 5115 1152 5159 Bria.
1189 5113 1231 5169 21,
1251 5114 1392 5170 Damnatus,
1408 5120 1446 5162 eu
1466 5111 1525 5173 cat]
1548 5115 1609 5167 dats
1629 5114 1689 5169 base
1711 5116 1773 5169 sacis

602 5184 666 5241 ‚dtur
685 5184 790 5241 ndstra?
809 5180 970 5253 adsumptus
987 5183 1102 5243 rorum,
1122 5184 1193 5240 Bur·
