4434 5959
610 610 672 675 DE
695 607 840 678 COMP.
863 611 925 676 ET
946 609 1008 678 DE
1029 611 1209 678 METllIS
1232 612 1373 680 ΟΙΙΑΤ.
1583 613 1643 678 18⁷

338 759 434 836 atque
454 750 571 834 longa,
602 751 685 814 sicut
706 749 758 814 illa
780 759 870 825 sunt,
899 751 1119 827 domuerant,
1141 752 1330 834 sonipedes.
1373 753 1480 837 Atque
1501 751 1547 816 illi
1573 753 1644 834 plri-

339 843 481 925 losopbo
492 843 592 907 ordiri
612 844 717 927 placet
738 865 755 906 a
776 844 942 926 superiore
961 867 1097 927 paeane,
1120 848 1298 926 posteriorc
1317 843 1419 908 linire.
1462 847 1521 910 Est
1542 858 1643 909 autom

336 956 439 1020 paean
467 935 520 1000 bic
548 934 710 1018 posterior
741 957 805 1000 non
833 937 1022 1017 syllabarum
1052 959 1208 1012 nurnero,
1243 941 1298 1001 scd
1327 937 1447 1001 aurium
1477 959 1641 1016 mensura,
1725 945 1729 954 '

338 1031 439 1114 (quod
458 1041 508 1092 cst
525 1030 628 1093 acrites
649 1027 796 1092 iudicium
816 1041 848 1093 ct
869 1031 999 1110 certius)
1020 1052 1080 1114 par
1099 1030 1167 1092 lere
1185 1029 1325 1105 cretico,
1348 1029 1401 1112 qui
1423 1040 1471 1092 cst
1494 1052 1534 1092 cs
1548 1032 1643 1116 longa

338 1134 371 1186 et
392 1121 484 1186 brevi
503 1133 536 1184 et
555 1122 672 1207 longas
705 1121 800 1207 Quid
825 1136 942 1206 petam
958 1123 1115 1206 praesidi
1133 1133 1193 1184 arat
1219 1143 1388 1207 exsequor
1414 1145 1520 1206 quoue
1542 1130 1670 1188 nummi

338 1217 372 1280 A
401 1237 468 1300 quo
498 1237 630 1280 uumero
665 1235 801 1280 exorsus
836 1227 884 1280 est
912 1217 1067 1280 Fannius:
1103 1215 1159 1290 Si,
1191 1215 1360 1298 Quirites,
1398 1217 1509 1282 minus
1536 1218 1644 1282 illius.

338 1311 438 1372 Hunc
457 1309 511 1372 illc
533 1307 680 1373 clausulis
701 1308 855 1392 aptiorem
876 1319 989 1405 putat,
1019 1329 1097 1395 quas
1116 1308 1184 1371 vult
1205 1311 1301 1394 longa
1319 1309 1505 1394 plerumque
1526 1311 1647 1392 syllaba

339 1401 515 1466 terminari.

423 1497 548 1560 Postea
573 1493 609 1558 iu
637 1493 755 1558 eodem
783 1494 887 1559 tertio
912 1495 999 1558 libro
1029 1494 1071 1558 de
1102 1496 1250 1560 Oratore
1276 1493 1326 1557 sic
1357 1494 1457 1558 dieite
1480 1497 1524 1574 (§.
1556 1495 1644 1576 190.)

339 1591 404 1654 Sed
424 1609 518 1672 saepe
539 1591 695 1671 carpenda
719 1587 864 1651 membris
894 1587 1111 1651 minutioribus
1133 1587 1235 1651 oratio
1255 1598 1321 1662 est,
1353 1608 1432 1671 quae
1452 1599 1556 1650 tamen
1578 1587 1644 1670 ipsa
1657 1593 1699 1643 1⁰·

341 1683 481 1744 membra
505 1693 578 1744 sum
602 1679 738 1743 cremeris
763 1680 944 1744 vinciendas
973 1701 1075 1764 neque
1094 1699 1153 1743 vos
1174 1699 1272 1761 paean
1290 1690 1345 1741 aut
1361 1685 1476 1744 herous
1494 1679 1547 1744 ille
1567 1703 1645 1746 con-

340 1777 471 1846 turbcta
505 1773 565 1854 ipsi
587 1783 757 1836 occurrent
783 1771 942 1848 orationi,
971 1772 1032 1855 ipsi
1053 1772 1206 1857 (inquam)
1228 1792 1262 1835 se
1288 1773 1423 1836 offerent
1454 1783 1486 1836 ct
1511 1795 1647 1856 respon·

340 1870 460 1931 debunt
477 1889 541 1930 non
563 1865 683 1930 vocati.
735 1866 941 1931 Consuetudo
965 1869 1059 1930 modo
1077 1865 1130 1928 illa
1151 1865 1192 1928 sit
1214 1863 1371 1928 scribendi
1390 1876 1485 1952 atque
1505 1867 1644 1944 dicendi,

341 1971 379 2024 ut
397 1960 568 2033 sententiae
596 1959 704 2023 verbis
723 1959 870 2023 liniantm
898 1977 1071 2043 corumque
1100 1959 1271 2022 verborum
1299 1957 1417 2024 iunctio
1447 1973 1592 2024 nascatur
1628 1973 1652 2023 a·

339 2054 488 2138 proceris
509 2053 644 2116 numeris
665 2074 703 2116 ac
723 2052 848 2128 liberis,
878 2053 1010 2114 maxime
1028 2055 1130 2115 heroo
1155 2063 1207 2114 aut
1228 2063 1354 2134 paeane
1367 2053 1475 2135 priore
1499 2067 1551 2117 aut
1576 2062 1687 2118 cre-¹⁵

340 2149 429 2222 tico,
451 2149 507 2210 sed
534 2146 622 2209 varie
648 2146 857 2231 distincteque
876 2147 1038 2211 considat:
1070 2155 1199 2208 notatur
1220 2145 1300 2207 enim
1323 2145 1454 2212 maxime
1478 2146 1645 2213 similitudo

340 2241 373 2306 in
391 2239 659 2323 conquiescendo.
703 2241 747 2304 Et
768 2239 794 2303 si
814 2239 955 2322 pruriet
976 2237 1128 2320 postremi
1148 2240 1243 2320 pedes
1264 2249 1335 2302 siunt
1360 2241 1420 2302 bac
1441 2240 1562 2304 ratione
1579 2261 1646 2304 scr·

342 2335 431 2409 vati,
457 2331 550 2398 medii
578 2344 713 2416 possunt
739 2334 853 2408 latere,
878 2337 972 2396 modo
1002 2351 1041 2394 ne
1061 2329 1211 2394 circuitus
1232 2332 1299 2414 ipsc
1327 2333 1497 2396 verborum
1526 2333 1565 2396 sit
1595 2343 1647 2396 aut

341 2427 474 2492 brevior
496 2446 589 2512 quam
616 2446 707 2490 aures
740 2436 942 2507 exspectant,
979 2433 1033 2487 aut
1058 2422 1189 2508 longior
1211 2444 1303 2508 quam
1328 2425 1412 2489 vires
1433 2438 1526 2510 atque
1547 2425 1646 2488 anirua

341 2519 495 2604 patiatur.
554 2517 719 2584 Clausulas
744 2530 846 2581 autem
877 2517 1052 2602 diligentius
1081 2517 1173 2580 etiam
1202 2520 1371 2580 servandas
1408 2539 1477 2582 esse
1507 2519 1688 2582 arbitrarer

341 2634 434 2697 quam
447 2610 639 2694 ¹superiora;
662 2613 749 2694 quod
770 2611 801 2673 in
822 2610 872 2674 bis
900 2610 1032 2674 maxime
1052 2609 1210 2692 perlectio
1233 2620 1327 2694 atque
1349 2609 1506 2676 absolutio
1528 2611 1645 2674 iudica·

341 2717 409 2770 tur.
452 2707 534 2770 Nam
565 2725 676 2768 versus
703 2725 803 2788 aeque
829 2704 928 2787 prima
957 2715 990 2768 et
1016 2703 1116 2767 media
1147 2714 1178 2766 et
1200 2715 1339 2766 extrema
1361 2725 1434 2786 pars
1461 2703 1647 2778 attenditur,

341 2799 397 2885 qni
418 2800 618 2876 debilitatur,
643 2799 674 2862 in
697 2818 883 2884 quacunque
911 2807 958 2861 est
986 2808 1075 2878 parte
1096 2797 1274 2861 titubatum.
1318 2798 1355 2860 In
1380 2797 1529 2867 oratione,
1544 2805 1646 2858 arrtem

340 2891 435 2977 pauci
455 2892 556 2975 prima
585 2903 735 2968 cernunt,
771 2903 931 2974 postrema
958 2889 1118 2973 plerique;
1151 2901 1232 2974 quae
1261 2891 1407 2970 quioniam
1437 2899 1589 2971 apparent
1615 2897 1647 2950 et

340 2984 580 3069 intelliguntur,
614 2984 760 3048 varianda
781 2996 871 3059 suut,
900 3003 938 3047 ne
960 2993 1014 3047 aut
1034 2983 1208 3046 animorum
1231 2982 1348 3045 iudiciis
1369 2982 1573 3063 repudientur
1595 2987 1689 3042 autes

342 3079 465 3143 aurium
491 3078 647 3142 satietate.
703 3076 778 3142 Duo
812 3077 892 3141 euim
920 3085 973 3139 aut
1000 3087 1065 3140 tres
1090 3076 1159 3139 lere
1190 3087 1262 3138 sum
1291 3075 1422 3138 extremi
1451 3073 1596 3138 servandi
1617 3085 1649 3136 et

342 3171 474 3236 notandi
491 3173 608 3255 pedes,
630 3168 658 3233 si
678 3171 774 3234 modo
793 3191 856 3234 nou
877 3169 1026 3233 breviora
1041 3181 1073 3232 et
1089 3168 1230 3252 praecisa
1247 3179 1338 3230 erunt
1360 3167 1541 3250 superiora,
1565 3189 1647 3251 quos

343 3277 397 3328 aut
417 3266 556 3332 cborcos
577 3275 630 3328 aut
650 3265 770 3328 heroos
791 3274 844 3326 aut
865 3264 1005 3326 alternos
1026 3283 1095 3324 esse
1117 3261 1297 3344 oportebit,
1329 3271 1380 3323 aut
1401 3261 1432 3323 in
1453 3281 1570 3343 paeane
1591 3259 1647 3323 illo

343 3354 536 3439 posteriore,
555 3376 652 3441 quem
673 3355 863 3420 Aristoteles
876 3359 1012 3439 probat,
1035 3355 1129 3419 autei
1148 3354 1216 3438 pari
1236 3353 1369 3438 cretico.
1413 3355 1536 3417 llorum
1555 3352 1648 3415 vicis·

343 3449 494 3514 situdincs
517 3449 667 3526 efficient,
691 3459 726 3513 nt
749 3469 851 3533 neque
873 3448 894 3512 ii
915 3448 1085 3525 satientur,
1117 3449 1171 3533 qui
1193 3449 1335 3524 audient,
1360 3446 1486 3511 fastidio
1505 3445 1690 3510 similitu-³⁰

342 3541 443 3618 dinis;
465 3563 523 3606 nec
543 3563 603 3608 nos
623 3543 672 3619 id,
695 3545 782 3628 quod
801 3541 974 3618 faciemus,
996 3562 1094 3624 opera
1116 3543 1218 3606 dedita
1239 3541 1345 3605 lacere
1368 3541 1542 3604 videamur.

413 3638 553 3702 ‚Porsen
571 3637 640 3702 cic:
661 3639 707 3716 (§.
730 3635 821 3715 198.)
862 3636 984 3699 Verum
1005 3636 1088 3699 utin
1103 3657 1198 3700 versu
1213 3637 1346 3718 vulgus,
1370 3633 1397 3698 si
1412 3643 1646 3715 cstpeeeatum,

345 3727 454 3803 videt;
475 3729 522 3792 sic
541 3729 569 3793 si
589 3728 666 3814 quid
685 3729 715 3792 in
737 3739 847 3793 nostra
869 3727 1013 3792 oratione
1034 3729 1208 3805 claudicat,
1242 3728 1349 3800 scutit3
1371 3729 1425 3790 sed
1447 3730 1563 3809 politae
1585 3747 1649 3790 uon

344 3819 500 3904 ignosdt,
534 3820 625 3887 nobis
654 3822 817 3897 eoncedit;
852 3820 947 3884 tacite
977 3832 1080 3886 tamen
1110 3843 1217 3888 omnes
1246 3842 1310 3887 nou
1338 3841 1407 3884 esse
1428 3819 1526 3896 illud,
1564 3821 1650 3903 quod

346 3911 501 3991 diximus,
526 3926 632 3999 aptum
652 3885 890 3999 perlictumquc
915 3926 1057 3980 cernunt.
1660 3926 1690 3974 3⁵

441 4046 468 4094 ι.
487 4034 664 4105 domuerant]
684 4009 1633 4091 cm*

437 4111 467 4167 Ι.
486 4119 530 4164 ut
547 4113 652 4180 oenus]
672 4110 734 4167 Cic.
749 4111 782 4164 ll.
801 4139 838 4154 -
856 4116 951 4162 πνέω
969 4113 993 4165 Ι.
1010 4141 1048 4156 -
1065 4115 1161 4164 aerim
1178 4117 1222 4163 est
1240 4109 1273 4166 C.

441 4189 468 4245 7.
485 4187 628 4254 musam]
647 4185 710 4242 cu.
729 4184 786 4240 nc.
806 4213 839 4228 -
859 4185 990 4238 mnam
1007 4184 1051 4238 m
1069 4186 1092 4240 1.

438 4267 466 4322 8.
485 4263 646 4329 terminon]
666 4260 725 4314 cte.
745 4260 777 4314 C.
795 4283 833 4300 -
849 4263 1003 4313 terminare
1021 4261 1070 4315 ΙΙΙ.

421 4338 467 4465 g.
486 4352 571 4481 ayn
577 4337 714 4481 ’3ῗέῐᾶ
725 4339 905 4480 mquajntz
917 4335 1036 4464 quarm&
1055 4333 1104 4389 sed
1123 4345 1258 4408 expuncto
1277 4349 1302 4389 v.
1320 4335 1401 4386 erum.

461 4449 470 4464 ι
490 4427 508 4461 0
531 4428 577 4463 m
732 4437 770 4454 ¹·
788 4427 803 4460 θ
827 4427 872 4460 Ore
946 4429 956 4462 Ι
989 4446 997 4463 0

422 4486 467 4542 15.
486 4487 620 4554 numeru]
639 4482 699 4537 th.
719 4482 751 4539 C.
769 4511 808 4528 -
826 4500 881 4536 om.
901 4483 949 4538 tt.

422 4559 468 4617 16.
485 4567 537 4610 aut
554 4561 669 4627 cretico]
691 4557 750 4612 cte.
769 4557 803 4613 tt.
821 4585 858 4602 -
876 4575 933 4612 cm.
953 4557 1020 4612 bace
1038 4556 1084 4613 lc.

422 4637 469 4690 st.
488 4641 516 4684 et
531 4635 678 4704 postremi]
698 4635 759 4687 cte.
778 4633 813 4687 tt.
843 4659 876 4677 -
894 4650 928 4685 ne
942 4651 973 4704 p.
992 4632 1040 4686 lc.
1059 4647 1119 4686 tum
1138 4635 1168 4686 tn
1186 4629 1247 4686 Cic.
1266 4643 1329 4704 post
1348 4646 1373 4686 r.
1388 4631 1525 4698 postrema·
1543 4624 1651 4680 additur

346 4707 407 4774 llil,
424 4711 558 4762 ominum
577 4707 612 4760 ab
629 4707 702 4763 Ele.

420 4785 467 4838 22.
485 4781 639 4850 ludicatur]
659 4783 714 4836 EC.
733 4809 770 4826 -
786 4781 927 4836 ludicatur
948 4785 969 4838 Ι.

422 4861 468 4916 23.
487 4865 531 4909 est
545 4865 630 4927 porte
648 4856 745 4928 titum]
765 4857 799 4915 E.
811 4885 849 4902 -·
862 4865 948 4929 parte
965 4856 1118 4910 tuutmuu
1136 4863 1179 4908 cst
1198 4852 1244 4919 ΙΟ.
1262 4880 1300 4898 -
1317 4857 1357 4906 sit
1372 4859 1456 4922 parts
1474 4856 1521 4904 ut.
1540 4850 1599 4906 cte.
1619 4867 1652 4904 cx

346 4931 424 4987 Elot-
443 4929 640 4987 nudandos.
1620 4943 1627 4960 ·

420 5007 468 5064 22.
485 5023 555 5075 qm
572 5009 713 5077 quomens]
733 5004 792 5061 Cle.
811 5007 842 5060 c.
863 5032 896 5048 —
915 5022 974 5060 om.
994 5023 1065 5078 quaa
1086 5002 1134 5060 ul.

422 5081 468 5138 29.
484 5080 657 5153 posteriore]
676 5081 736 5136 Cic.
754 5079 787 5136 tt
805 5105 841 5124 -
857 5087 1001 5152 repertore
1020 5079 1069 5135 lc.
1106 5079 1181 5134 Tum
1198 5096 1280 5150 quam
1300 5093 1349 5152 pro
1367 5093 1445 5149 qum
1464 5073 1533 5130 male
1554 5073 1585 5128 C.

421 5155 469 5214 δι
486 5157 589 5230 tuuc]
608 5155 668 5212 etr.
687 5154 720 5211 e.
738 5183 776 5201 -
794 5159 876 5212 tadu
893 5155 941 5211 nt.
