4434 5959
977 570 1066 637 LlB.
1091 570 1137 633 [Ι.
1633 572 1691 635 tlt

474 712 558 775 Non
578 711 615 774 in
640 731 773 775 omnem
793 732 951 786 caessara,
979 711 1040 774 sed
1060 710 1097 771 in
1116 724 1214 773 omne
1238 728 1361 773 causae
1391 732 1499 793 genus
1526 711 1691 794 incidunt]

390 803 438 867 ni
463 804 529 867 loci
550 826 748 879 cosrumuucs,
784 805 838 887 qsti
859 827 900 867 ex
920 802 1151 885 compositione
1173 804 1373 884 negotiorum
1402 818 1593 881 ,nascrmtum
1629 828 1691 869 nou

391 899 422 960 in
444 899 590 961 ominibus
611 896 713 959 caussis
749 909 839 971 sunt;
881 897 952 979 qnia
981 916 1045 959 non
1074 896 1173 957 omnis
1196 916 1288 958 carisa
1310 896 1450 973 similiter
1473 900 1689 980 eoruponitucs

391 992 446 1051 sed
467 994 582 1051 cadunt
603 990 633 1049 in
655 991 758 1051 omnia
780 1010 895 1072 genera
917 1010 1097 1062 caussarum,
1122 990 1238 1062 idest,
1261 988 1292 1049 in
1308 1010 1417 1052 ornues
1432 993 1687 1065 constitutionem

390 1082 462 1165 quia
485 1082 643 1163 quaelibet
669 1082 852 1146 constitutio
882 1086 975 1145 modo
1004 1083 1103 1168 atroci
1125 1084 1324 1166 negotiorum
1348 1072 1576 1164 compositione
1598 1086 1715 1168 fingi-⁵

390 1185 458 1247 tur,
484 1178 579 1238 modo
600 1175 783 1256 simpliciter
803 1178 1015 1257 componitur.

471 1274 586 1351 Quum
613 1282 726 1331 antem
754 1272 845 1331 actio
871 1268 1108 1332 translationis
1139 1280 1199 1331 ant
1230 1270 1503 1334 commutationis
1534 1273 1692 1355 indigere

389 1362 535 1444 videtur]
577 1363 688 1425 -Tertia
709 1375 757 1424 est
779 1363 978 1436 constitutio,
1009 1382 1089 1445 quiae
1111 1363 1291 1425 translatio
1313 1376 1380 1435 est;
1410 1366 1479 1446 quia
1504 1365 1544 1426 ita
1569 1366 1691 1429 'l'ullius

390 1457 530 1517 ordinem
553 1457 649 1518 dedit.
693 1457 783 1517 Haec
802 1460 1074 1519 commentationem
1097 1455 1201 1518 iudicii
1223 1476 1292 1517 cum
1315 1457 1441 1518 actione
1463 1467 1566 1518 tenete
1596 1479 1690 1539 quum

388 1569 544 1630 persona,
584 1549 687 1621 loeus,
723 1548 794 1623 lex,
818 1550 955 1623 crimen,
979 1570 1081 1627 poena
1104 1560 1241 1611 mutatur
1264 1553 1315 1611 vel
1336 1561 1457 1623 cetera,
1482 1572 1560 1632 quae
1582 1551 1734 1614 similiall

389 1652 472 1704 siunt.
519 1642 578 1703 His
600 1639 731 1721 singulis
754 1664 931 1724 supponere
953 1643 1094 1723 exempla
1115 1656 1145 1705 et
1166 1642 1316 1705 inlinitum
1332 1653 1364 1705 et
1377 1664 1605 1723 supervacuum
1622 1656 1689 1717 est;

390 1735 438 1795 vel
460 1734 532 1817 quia
563 1735 665 1797 miultis
697 1737 796 1797 modis
826 1736 977 1809 efficitur,
1017 1736 1067 1798 vel
1089 1735 1162 1819 quia
1186 1736 1328 1797 omnibns
1351 1739 1449 1799 modis
1471 1737 1691 1799 addicendum

388 1849 447 1889 una
475 1829 659 1909 praeceptio
690 1842 750 1891 est.
795 1829 906 1893 Omnis
937 1840 1039 1890 autem
1061 1829 1241 1891 translatio
1269 1830 1353 1909 aptrd
1375 1829 1518 1911 antiquos
1539 1828 1690 1911 tempori·

388 1923 446 1981 bus
468 1920 623 1982 Tullianis
646 1922 674 1985 in
697 1922 763 2003 ipsa
786 1942 947 1984 cattsarnm
969 1921 1092 1984 actione
1114 1932 1167 1981 aut
1190 1941 1253 1985 non
1276 1932 1343 1985 erat
1365 1933 1417 1983 aut
1431 1922 1690 1985 rarior-iuvenie-

387 2014 492 2075 batur.
536 2014 706 2075 Praetores
735 2015 865 2087 etenim,
900 2013 954 2097 qui
974 2013 1022 2075 ius
1051 2014 1213 2086 dicebant,
1251 2026 1281 2077 et
1303 2016 1417 2078 iudices
1439 2035 1550 2079 causae
1573 2018 1734 2079 debentis

388 2116 419 2167 et
441 2106 679 2170 controversiae
700 2110 750 2169 vel
773 2106 884 2190 agendi
907 2127 1007 2191 genus
1029 2105 1169 2167 instituta
1192 2108 1316 2169 actione
1336 2110 1532 2171 formabant:
1566 2109 1608 2171 ita
1629 2108 1690 2171 sibi

387 2198 665 2279 praescribebant,
690 2221 751 2283 qua
772 2210 955 2273 accusator,
978 2220 1038 2281 qiua
1060 2220 1134 2261 rens
1156 2202 1283 2262 deberet
1305 2202 1427 2263 actione
1448 2202 1512 2274 nti;
1536 2201 1691 2281 praescri·
1760 2244 1763 2255 ·

391 2293 494 2355 hendo
516 2292 591 2375 quiid
611 2292 719 2371 lieret,
752 2292 999 2376 excipiendoque
1029 2292 1102 2377 quid
1126 2313 1187 2354 non
1211 2293 1319 2369 fieret,
1356 2295 1592 2359 translationis
1612 2316 1691 2358 con·

390 2386 580 2447 troversiam
612 2385 820 2459 †actionibns
842 2385 1017 2449 auferebat.
1042 2387 1122 2448 Erat
1144 2396 1307 2465 practerea
1329 2387 1521 2462 institutum,
1543 2400 1578 2451 ιιι
1599 2408 1691 2451 causa

389 2481 515 2540 caderet
542 2478 587 2549 is,
624 2479 678 2563 qni
699 2500 781 2555 non,
818 2480 1078 2561 quemadmodum
1100 2482 1287 2559 oportebat,
1312 2480 1440 2564 egisset.
1484 2483 1576 2564 Ergo
1598 2482 1733 2543 etiamst

388 2581 526 2650 propter
546 2572 624 2633 haec
650 2572 788 2633 formata
818 2573 870 2634 lite
898 2574 938 2633 ad
959 2572 1103 2634 iudicium
1127 2572 1322 2636 veniebatur.
1367 2574 1466 2655 Apud
1486 2574 1594 2654 ipsum,
1610 2594 1690 2636 vero

388 2674 587 2743 praetorem,
610 2686 706 2745 qurum
727 2664 788 2725 litis
810 2662 908 2745 ipsius
928 2663 1031 2727 forma
1054 2677 1315 2745 componeretur,
1338 2663 1403 2727 illic
1417 2675 1522 2746 partes
1538 2676 1589 2727 aut
1604 2665 1691 2729 cxci·

389 2760 514 2839 piebant
541 2756 657 2839 aliquid
688 2767 741 2819 aut
767 2758 937 2838 simplicem
960 2759 1113 2821 actionem
1135 2759 1341 2840 accipiebant.
1385 2761 1475 2823 Unde
1497 2758 1528 2820 in
1550 2757 1620 2838 ipso
1642 2762 1691 2835 (ut

389 2850 468 2928 dixi)
490 2850 578 2920 iure,
602 2850 665 2911 hoc
681 2859 746 2925 est,
769 2853 853 2931 apud
872 2864 1070 2932 praetorem,
1094 2853 1132 2914 de
1156 2854 1249 2914 modo
1272 2851 1384 2935 agendi
1397 2873 1500 2933 ,quirum
1521 2862 1691 2933 quaerere·

389 2952 459 3017 tur,
497 2944 692 3003 tractabatur
719 2943 865 3025 exceptio
898 2957 990 3028 atque
1021 2946 1216 3007 translatio.
1275 2944 1378 3024 Quum
1407 2957 1508 3007 antem
1538 2944 1596 3005 iam
1626 2942 1689 3004 litis
1700 2956 1732 3005 ιε

387 3037 492 3100 farma
514 3048 598 3099 esset
619 3049 767 3119 accepta,
789 3038 821 3101 in
845 3038 961 3102 iudicio
983 3037 1068 3099 nulla
1081 3038 1280 3119 iampoterat
1296 3058 1364 3099 esse
1377 3037 1572 3101 translatio.
1595 3038 1689 3119 Ergo

390 3132 420 3193 in
442 3129 562 3192 iudiciis
583 3131 763 3193 translatio
783 3132 885 3193 rarius
899 3132 1078 3195 invenitur:
1103 3142 1135 3193 et
1155 3131 1181 3193 si
1196 3134 1322 3215 qttando
1336 3130 1462 3193 inventa
1482 3129 1597 3203 fuerit,
1621 3130 1693 3212 ipsa

387 3245 447 3309 per
481 3244 517 3285 se
546 3244 656 3304 parum
687 3222 887 3287 firmitudinis
920 3235 1003 3289 tenet
1030 3224 1220 3308 assumitque
1248 3224 1332 3287 vires
1363 3223 1423 3286 alia
1452 3221 1688 3287 constitutione.

387 3318 463 3381 Hoc
482 3327 838 3397 namque'praeceptum
861 3317 1038 3381 Tullianum
1060 3328 1127 3391 est,
1151 3317 1408 3382 translationem
1429 3336 1470 3379 ex
1491 3314 1549 3377 alis
1571 3314 1689 3377 consti·

388 3410 509 3473 tutione
530 3403 669 3471 firmari:
693 3410 732 3471 ad
746 3411 831 3491 qttod
846 3420 1046 3490 praeceptum
1060 3410 1236 3490 exemplum
1252 3408 1428 3491 subiungit3
1451 3428 1513 3470 non
1529 3417 1562 3468 ut
1577 3418 1689 3469 trans·
1700 3398 1746 3469 ιι

387 3502 548 3566 lationem
572 3504 702 3576 doceat,
733 3504 789 3563 sed
810 3513 844 3563 ut
865 3505 1009 3565 ostendat
1027 3502 1287 3566 translationem
1309 3503 1367 3565 alia
1389 3499 1611 3567 constitutione
1632 3500 1690 3562 fir-

386 3596 482 3658 mari:
505 3597 597 3658 nem
614 3595 796 3676 parricidii
797 3593 945 3686 factas,
967 3596 1122 3678 probatis
1134 3594 1214 3659 aliis
1228 3594 1442 3671 criminibus,
1464 3614 1510 3657 an
1526 3594 1691 3657 damnan-

386 3691 451 3752 dus
470 3688 535 3761 sit,
567 3688 721 3771 quaestio
748 3700 810 3751 est.
857 3687 965 3752 Utitur
986 3688 1210 3751 translatione
1236 3709 1327 3764 rens,
1358 3710 1451 3773 quum
1474 3687 1550 3751 dicit
1569 3708 1604 3750 se
1626 3706 1690 3751 aon

385 3778 548 3864 parricidii
569 3782 772 3843 damnandum
796 3801 880 3857 esse,
914 3781 985 3864 quia
1014 3781 1090 3844 nihil
1117 3782 1190 3844 inde
1211 3781 1252 3845 sit
1273 3785 1500 3864 approbatum
1534 3782 1589 3843 sed
1610 3780 1690 3843 alio·

385 3896 454 3935 rum
477 3872 659 3947 criminum,
682 3894 762 3957 quse
784 3867 919 3953 probata
940 3874 1021 3948 sint,
1053 3874 1135 3937 affici
1157 3886 1308 3957 oportere
1332 3874 1508 3956 supplicius
1530 3894 1568 3936 ac
1588 3894 1627 3935 ue
1649 3893 1688 3935 eo
1701 3882 1733 3932 35

386 3966 526 4051 quidem
549 3968 635 4048 quial
656 3986 720 4030 non
741 3965 811 4028 inde
832 3964 978 4029 iudicium
1002 3966 1205 4029 constitutum
1227 3967 1279 4030 sit.
1330 3968 1378 4030 lta
1400 3966 1427 4030 si
1449 3986 1549 4049 neque
1570 3966 1690 4047 proba·

384 4070 488 4123 torum
511 4057 673 4119 criminum
695 4078 796 4140 poena
818 4077 887 4120 esse
909 4061 1018 4133 debet,
1043 4059 1116 4142 quia
1140 4080 1201 4121 nou
1224 4059 1295 4123 inde
1315 4058 1458 4121 indicium
1481 4058 1686 4121 constitutum

386 4162 453 4214 est:
475 4165 578 4231 neque
599 4149 775 4232 parricidii,
799 4150 869 4234 quia
891 4151 966 4213 nihil
989 4153 1174 4232 probatum,
1198 4152 1362 4216 coufirmat
1377 4172 1439 4214 non
1456 4171 1523 4213 esse
1538 4152 1685 4211 damuan-

386 4245 470 4306 dum.
513 4241 739 4306 Verumtamen
759 4244 932 4328 purgandis
964 4244 1031 4307 aliis
1059 4242 1240 4307 criminibus
1262 4265 1320 4325 per
1340 4245 1569 4307 coniecturam
1590 4263 1689 4324 opera

388 4337 485 4398 danda
512 4347 577 4411 est,
617 4346 653 4398 ut
678 4356 750 4398 rens
778 4357 840 4398 non
874 4357 971 4417 opera
1001 4348 1119 4399 tantum
1147 4336 1381 4399 translationis
1414 4346 1530 4401 utatur.
1594 4336 1733 4419 Ergott

386 4429 553 4509 probatum
575 4426 651 4491 illud
672 4440 737 4505 est,
760 4429 1018 4492 translationem
1031 4430 1089 4492 alia
1110 4430 1332 4493 constitutione
1347 4428 1477 4491 firmari.
1522 4427 1689 4511 Subiungit

459 4649 503 4701 17.
522 4650 565 4698 ita
584 4648 638 4697 ss'bl
651 4645 894 4717 praescribebant,
913 4649 979 4716 qua]
997 4643 1067 4700 Pati.
1084 4646 1147 4699 Bas.
1161 4674 1197 4689 -·-
1209 4650 1253 4699 ita
1271 4646 1324 4697 sibl
1333 4647 1539 4716 prtscrs'lrebat
1558 4654 1692 4715 praetor,

387 4736 442 4791 pua
460 4719 530 4773 cdd,
551 4722 618 4774 llos
637 4720 725 4776 ldesna
741 4736 866 4791 praescr.
887 4719 954 4789 quid
964 4719 1037 4791 flers·
1047 4717 1140 4791 fieret
1158 4724 1234 4789 (stc.)
1252 4750 1290 4763 —
1307 4727 1337 4774 s'ss
1354 4739 1477 4785 praescr.
1501 4727 1562 4775 Aac.
1584 4720 1638 4774 On.

457 4798 500 4851 ¹9.
520 4795 593 4848 terr.
613 4801 722 4848 acttans
741 4800 785 4846 tas
803 4793 962 4859 arsfirebot,
977 4822 1008 4835 ·-
1021 4798 1158 4863 maressa]
1179 4794 1248 4851 cod.
1257 4797 1321 4859 Bas,
1333 4824 1368 4839 ·-
1382 4807 1412 4848 st
1422 4816 1440 4849 a
1452 4814 1537 4850 cansa
1549 4794 1621 4849 Edu·
1639 4794 1694 4851 Οι.

456 4874 502 4923 21.
520 4870 701 4940 veniebatur]
722 4870 772 4923 cd.
793 4872 853 4921 nee.
873 4893 908 4908 -
925 4870 1054 4921 veniebat
1072 4867 1142 4921 Ecd.
1161 4870 1214 4923 Οι.

455 4947 500 5001 59.
518 4961 569 5014 per
588 4946 793 5014 coniecturam]
829 4942 862 4996 ld
892 4958 934 4996 est
964 4962 1011 5015 per
1036 4950 1142 4995 statum
1164 4944 1393 5009 coniecturalem
1419 4948 1608 5019 quaestionem
1628 4942 1693 5009 lacti

383 5014 460 5088 vulgo
480 5018 633 5091 appellant.
654 5020 737 5073 cerr.
