4434 5959
803 711 807 721 ,
937 637 1029 702 Lis.
1052 637 1118 704 iv.
1620 631 1682 696 su
1756 669 1763 684 .

368 787 676 858 nemromparatur,
698 777 762 842 hoc
772 779 868 842 modo
879 777 1042 862 colligitur
1053 787 1286 864 argumentum.
1330 779 1560 862 Regundorum
1575 775 1683 840 liniuui

364 871 479 934 arbitri
503 891 574 934 esse
601 869 768 947 dicuntur,
806 869 862 956 qui
890 871 994 935 linalia
1023 868 1124 956 litigia
1147 871 1347 946 discernunt,
1386 883 1440 945 ut,
1479 870 1623 934 siluerit
1645 871 1685 938 de.

364 963 481 1026 linibus
503 975 576 1027 orta
598 964 786 1038 contentio,
823 983 935 1028 eorum
957 963 1121 1026 dirimatur
1142 963 1292 1028 arbitrio.
1344 966 1407 1028 Sed
1429 965 1508 1028 lines
1530 965 1562 1029 in
1585 985 1683 1050 agro·

365 1078 434 1120 rrum
458 1068 578 1120 tantum
608 1056 759 1120 limitibus
780 1078 849 1122 csse
871 1057 1040 1133 dicuntur;
1077 1058 1190 1122 arbitri
1211 1070 1313 1120 autem
1336 1059 1443 1122 linium
1466 1061 1683 1142 regundorum

365 1153 396 1215 iu
419 1149 548 1213 civitate
570 1171 724 1214 essenon
747 1164 894 1234 possunt.
949 1153 1028 1216 ltem
1051 1151 1154 1215 arceri
1180 1173 1293 1233 aqrram
1316 1151 1346 1215 in
1369 1151 1456 1234 agris
1478 1160 1599 1212 tantum
1623 1147 1711 1212 dicit

364 1246 472 1318 solet,
507 1243 563 1308 uhi
595 1243 621 1307 si
643 1266 684 1307 ex
706 1245 813 1329 aliquo
834 1245 910 1308 loco
932 1265 1012 1328 aqua
1034 1244 1139 1326 pluvia
1162 1245 1333 1328 colligatur
1355 1257 1386 1308 et
1400 1245 1540 1308 defluens
1555 1243 1585 1306 in
1600 1265 1684 1307 carn·

362 1361 426 1422 pos
450 1336 544 1400 vicini
569 1359 685 1420 pascua
708 1338 865 1422 frugesve
893 1350 1097 1420 corrumpat,
1135 1329 1247 1401 arbitri
1270 1341 1423 1402 arcendae
1453 1359 1553 1420 aquae
1577 1358 1594 1399 a
1618 1358 1684 1398 ma·

365 1432 551 1515 gistratibus
572 1432 801 1496 statuebantur.
855 1431 1028 1510 Quaeritur
1049 1453 1153 1515 ergo,
1189 1453 1227 1494 au
1250 1432 1280 1494 iu
1304 1434 1383 1518 urbe
1405 1435 1559 1494 arcendae
1582 1449 1684 1513 aquae

364 1527 524 1586 arbitrum
546 1522 703 1604 possimus
725 1523 874 1606 adigere,
897 1535 928 1586 et
949 1537 1168 1608 argumentum
1191 1527 1315 1607 rapitur
1338 1547 1376 1588 es
1393 1522 1605 1587 similitudine.
1649 1519 1684 1584 Si
1711 1567 1714 1573 -

365 1619 583 1698 regundorum
611 1616 738 1692 linium,
770 1615 844 1699 quia
865 1616 967 1680 solius
989 1618 1060 1698 agri
1088 1630 1184 1692 siant,
1223 1617 1253 1681 in
1277 1619 1355 1680 urbe
1377 1618 1530 1681 arbitrum
1553 1612 1683 1695 adigere
1699 1636 1731 1687 ee
1808 1675 1817 1685 ,

365 1733 430 1774 uon
452 1709 576 1793 possis,
600 1731 639 1773 ue
662 1731 761 1792 aquae
776 1709 899 1792 quidem
916 1712 1089 1785 arcendae,
1115 1710 1185 1791 quia
1201 1711 1343 1774 solorrun
1360 1733 1429 1774 esse
1443 1710 1570 1774 videtur
1584 1725 1684 1790 agro-

365 1827 456 1876 rum,
478 1803 510 1866 in
529 1805 609 1866 urbe
627 1804 779 1866 arbitrum
801 1803 906 1887 possis
921 1802 1064 1887 adigere.
1107 1805 1172 1866 Hic
1190 1803 1287 1884 igitur
1305 1825 1364 1866 tina
1386 1825 1437 1867 res
1461 1802 1512 1866 ιιιιί
1534 1799 1582 1864 rei
1598 1799 1683 1864 simi·

366 1896 498 1960 titudine
527 1896 696 1959 coniuncta
723 1909 784 1960 est.
838 1899 890 1960 Ex
923 1898 1036 1961 eodem
1065 1896 1157 1960 etiam
1184 1896 1393 1960 similitudinis
1419 1896 1493 1961 loco
1518 1894 1571 1978 illa
1602 1890 1685 1956 sterni

367 1989 487 2054 Cicero
509 1989 682 2071 proponit,
707 2010 789 2072 quae
810 2000 967 2053 vocantur
988 1995 1151 2072 exemplu
1176 1991 1273 2054 veluti
1296 1990 1432 2055 Crassus
1455 1989 1484 2052 in
1507 2007 1598 2050 causa
1616 1984 1685 2050 Cu-

367 2083 474 2158 riana,
509 2103 590 2165 quae
611 2082 671 2145 luit
693 2082 884 2146 huiusmodi.
941 2083 1074 2164 Quidam
1097 2097 1323 2164 praegnantem
1347 2105 1481 2149 risorem
1503 2080 1684 2165 relinquens
1699 2099 1728 2148 ιι

288 2167 293 2181 ¹
365 2172 495 2257 scripsit
518 2175 664 2237 heredem
687 2188 887 2257 postumum,
909 2179 1001 2259 eique
1021 2176 1115 2238 alium
1142 2177 1304 2240 substituit
1326 2178 1516 2248 secundum,
1541 2173 1596 2256 qui
1617 2169 1685 2236 Cu·

365 2269 433 2334 rius
464 2269 662 2342 vocabatur,
700 2289 735 2330 ea
766 2267 966 2344 conditione,
1002 2282 1058 2342 ut,
1092 2267 1120 2332 si
1153 2279 1352 2350 postumus,
1375 2268 1429 2354 qui
1460 2269 1541 2332 intra
1563 2286 1685 2330 menses

363 2366 473 2426 decem
496 2361 662 2442 proximos
690 2374 893 2436 nasceretur,
931 2374 1002 2424 ante
1025 2372 1224 2438 moreretur,
1260 2384 1351 2445 quam
1375 2361 1406 2426 in
1436 2383 1523 2426 sitam
1556 2362 1684 2424 tutelam

365 2455 584 2538 perrenisset,
620 2453 741 2528 idest,
775 2467 847 2518 ante
868 2456 972 2520 obiret
993 2455 1092 2528 diem,
1129 2475 1222 2537 quarn
1244 2466 1462 2518 testamcutum
1485 2457 1556 2520 iure
1577 2454 1685 2519 lacere

363 2559 497 2632 posset,
536 2551 692 2610 secundus
720 2549 813 2612 heres
841 2550 1049 2622 succederet;
1092 2550 1180 2631 quod
1208 2547 1235 2611 si
1257 2550 1296 2610 ad
1318 2549 1349 2612 id
1371 2561 1494 2631 tempus
1516 2547 1729 2632 pervenis-20

364 2654 433 2714 set,
457 2640 599 2723 quoiam
616 2641 709 2704 lirmo
731 2641 849 2705 iudicio
863 2643 895 2704 in
916 2664 1003 2707 suam
1025 2641 1151 2704 tutelam
1174 2653 1323 2724 receptus
1342 2643 1410 2706 iure
1432 2641 1517 2706 civili
1539 2640 1684 2705 instituto

363 2745 477 2818 posset
498 2734 614 2797 herede
635 2734 783 2820 defungi,
820 2739 974 2800 secundus
997 2736 1106 2810 heres,
1130 2735 1164 2798 id
1186 2747 1255 2811 est,
1281 2735 1422 2813 Curius,
1448 2756 1511 2799 non
1533 2735 1685 2798 succede·

365 2839 436 2890 ret:
459 2847 543 2910 quae
564 2839 698 2891 vocatur
719 2828 901 2893 substitutio
923 2828 1101 2911 pupillaris.
1135 2829 1320 2910 Quaesitum
1344 2844 1411 2907 est,
1436 2851 1474 2894 an
1497 2830 1618 2892 valeret
1640 2827 1683 2891 ita

365 2921 509 2984 instituta
538 2921 636 2985 ratio.
690 2921 828 2987 Crassus
858 2922 965 3012 igitur
983 2921 1118 3002 plurima
1151 2925 1287 3004 protulit
1309 2924 1474 3007 exempla,
1506 2920 1621 3003 quibus
1643 2919 1685 2982 ita

366 3015 529 3078 institutus
544 3015 636 3078 heres
659 3015 845 3079 obtinuisset
867 3013 1093 3079 hereditatem:
1117 3038 1197 3099 quiae
1219 3018 1437 3100 exemplorum
1456 3029 1730 3080 commemora-ts

367 3108 414 3170 tio
433 3107 553 3170 iudices
574 3106 687 3170 movit.
731 3109 818 3173 Dicit
840 3108 934 3173 etiarn
954 3110 1043 3190 ipsos
1065 3131 1195 3194 quoque
1217 3111 1295 3174 iuris
1317 3113 1481 3176 consultos
1499 3110 1544 3174 uti
1559 3105 1685 3188 saepius

367 3200 541 3282 exemplis3
578 3201 695 3276 veluti,
734 3225 830 3286 quum
859 3202 990 3284 lingitur
1012 3204 1195 3284 propositio
1219 3205 1269 3268 vel
1293 3226 1408 3281 carisa,
1442 3216 1477 3267 ut
1499 3223 1609 3276 casius,
1646 3200 1685 3261 de

366 3295 576 3380 quoagitur,
613 3316 671 3376 per
691 3295 922 3359 similitudinem
946 3294 1157 3376 intelligatur,
1197 3299 1260 3361 hoc
1283 3301 1392 3362 modo.
1447 3297 1480 3360 Si
1509 3293 1580 3380 quis
1603 3292 1684 3357 enim

365 3388 445 3452 iuris
472 3387 593 3469 peritus
621 3387 745 3452 adiiciat
777 3389 827 3464 id,
865 3389 952 3475 quod
974 3408 1037 3450 oon
1060 3387 1129 3452 iure
1151 3400 1349 3453 contractum
1372 3400 1447 3466 est,
1478 3389 1593 3454 nullius
1615 3408 1685 3451 esse

364 3479 539 3556 momenti,
563 3482 773 3565 adhibeatque
794 3482 973 3565 exeruplum
995 3481 1075 3556 tale,
1100 3483 1217 3557 veluti,
1241 3482 1268 3546 si
1291 3483 1448 3568 quierem
1471 3505 1536 3547 non
1553 3481 1688 3563 mancipi
1699 3495 1731 3546 to

365 3572 616 3654 mancipaverit,
650 3597 722 3637 nrum
752 3574 872 3638 idcirco
902 3589 955 3641 ant
982 3598 1049 3640 rem
1080 3577 1229 3640 alienavit
1258 3590 1312 3640 aut
1333 3600 1367 3641 se
1389 3599 1448 3643 reo
1469 3578 1558 3641 lacto
1580 3573 1688 3659 potuit

365 3666 552 3750 obligasse?
575 3668 720 3731 Minime.
765 3670 863 3749 erod
885 3671 964 3734 enim
988 3691 1051 3734 non
1071 3670 1142 3733 iure
1157 3684 1355 3735 contractum
1381 3683 1446 3745 est,
1472 3669 1546 3734 nihil
1569 3666 1688 3747 retinet

361 3761 538 3824 firrrritatis.
581 3763 625 3824 Et
648 3761 705 3823 alia
729 3761 907 3826 luriusmodi
929 3768 1012 3846 apud
1034 3763 1111 3826 iuris
1133 3765 1254 3843 peritos
1276 3765 1501 3837 inveniuntur,
1525 3761 1688 3846 inquibus

365 3865 515 3920 oratores
537 3853 672 3916 maxime
694 3855 819 3931 valent,
843 3855 959 3938 quibus
979 3857 1073 3921 etiam
1088 3858 1120 3920 in
1136 3870 1255 3922 tantum
1271 3859 1394 3942 lingere
1409 3859 1501 3929 licet,
1527 3867 1687 3919 uteorum

365 3947 515 4011 oratione
538 3949 632 4012 ctiam
659 3947 776 4012 mortui
799 3970 891 4030 saepe
912 3951 952 4013 ab
973 3949 1085 4014 inferis
1107 3952 1309 4018 excitentur:
1340 3955 1428 4036 quod
1450 3948 1574 4014 'l'ullios
1596 3944 1627 4008 in
1651 3964 1687 4007 ea
1701 3959 1732 4011 tt

367 4041 445 4106 lacit
467 4043 631 4118 oratione,
665 4063 727 4127 qua
750 4042 892 4107 Caelium
915 4043 1066 4107 defendit.
1116 4045 1179 4106 Sed
1202 4043 1314 4117 latior,
1345 4043 1539 4126 inquit,.est
1558 4039 1698 4102 illorum.

368 4157 518 4218 campus,
552 4135 667 4213 idest,
704 4147 887 4210 oratorum,
923 4135 1036 4220 quibus
1068 4136 1200 4219 spatiari
1229 4160 1266 4200 ac
1296 4135 1447 4220 devagari
1477 4135 1563 4198 licet.
1618 4132 1688 4193 Nec

368 4230 491 4294 idcireo
507 4228 607 4293 minus
629 4228 743 4292 ceteris
765 4251 892 4315 qunque
913 4228 1113 4293 facultatibus
1129 4229 1345 4294 similitudines
1367 4239 1514 4312 prosunt,
1537 4224 1686 4312 quomam

369 4323 480 4386 eadem
503 4333 688 4406 argrtmenta
710 4323 856 4386 maximis
877 4321 1073 4404 minimisque
1095 4325 1198 4385 causis
1220 4323 1432 4387 conveniunt:
1469 4343 1534 4403 quo
1553 4321 1609 4393 lit,
1648 4330 1683 4382 ιιι

368 4415 435 4482 loci
456 4437 586 4502 quoque
607 4428 867 4502 argumentorum
889 4417 1084 4480 diversarum
1107 4415 1220 4480 artium
1243 4413 1481 4498 quaestionibus
1503 4432 1683 4480 accommo·
1698 4419 1731 4470 ⁴⁰

367 4514 497 4574 dentur.

452 4602 551 4685 (Cap.
575 4605 626 4668 ll.
650 4610 681 4681 §.
705 4604 774 4683 to.)
797 4605 957 4690 Sequitur
979 4601 1237 4667 similitudinem
1261 4637 1301 4650 —
1324 4604 1426 4667 modo
1447 4606 1589 4668 soluere.

451 4697 601 4760 Eiusdem
637 4697 799 4760 facilitatis
831 4711 879 4761 est
920 4695 1139 4760 similitudines
1181 4697 1435 4778 differentiasque
1471 4717 1685 4782 cognoscere.

367 4788 433 4869 Qui
456 4789 538 4852 enim
558 4791 637 4864 scit,
662 4791 738 4872 quid
758 4792 799 4854 sit
818 4791 918 4864 idem,
943 4812 1037 4856 nosse
1059 4787 1197 4872 poterit,
1221 4786 1295 4875 quid
1320 4790 1359 4852 sit
1375 4791 1548 4853 diversum.
1573 4789 1684 4856 Omnis

365 4903 449 4946 vero
470 4883 644 4946 similitudo
662 4883 742 4946 idem
765 4884 881 4966 aliquid
903 4903 971 4946 esse
990 4881 1175 4948 constituit:
1200 4884 1286 4968 quod
1306 4883 1386 4945 eninr
1409 4881 1490 4948 idem
1512 4894 1559 4948 est
1574 4891 1729 4947 secun-ts

367 4978 440 5038 dum
469 4977 670 5059 qualitatem,
709 4977 742 5040 id
771 4977 873 5041 simile
902 4997 973 5041 csse
1004 4997 1134 5040 necesse
1156 4987 1218 5040 cst.
1277 4976 1389 5042 Omnis
1418 4977 1536 5062 quippe
1558 4995 1610 5040 rea
1631 4987 1684 5039 aut

444 5182 492 5240 dl.
511 5183 570 5236 dn:
587 5178 655 5252 quid
670 5183 710 5234 eit
727 5177 821 5249 ideas,
838 5177 912 5233 ideae
929 5193 1011 5232 mas
1026 5177 1109 5250 pen?
