<?xml version="1.0" encoding="UTF-8"?>
<!DOCTYPE html PUBLIC "-//W3C//DTD XHTML 1.0 Transitional//EN"
    "http://www.w3.org/TR/xhtml1/DTD/xhtml1-transitional.dtd">
<html xmlns="http://www.w3.org/1999/xhtml" xml:lang="en" lang="en">
 <head>
  <title>
</title>
<meta http-equiv="Content-Type" content="text/html;charset=utf-8" />
  <meta name='ocr-system' content='tesseract 3.04.00' />
  <meta name='ocr-capabilities' content='ocr_page ocr_carea ocr_par ocr_line ocrx_word'/>
</head>
<body>
  <div class='ocr_page' id='page_1' title='image "./operaquaesupers09halmgoog/operaquaesupers09halmgoog_0095.png"; bbox 0 0 4434 5959; ppageno 0'>
   <div class='ocr_carea' id='block_1_1' title="bbox 947 580 1670 646">
    <p class='ocr_par' dir='ltr' id='par_1_1' title="bbox 947 580 1670 646">
     <span class='ocr_line' id='line_1_1' title="bbox 947 580 1670 646; baseline 0 -1"><span class='ocrx_word' id='word_1_1' title='bbox 947 582 1039 645; x_wconf 65' lang='grc' dir='ltr'>[ΑΒ.</span> <span class='ocrx_word' id='word_1_2' title='bbox 1061 581 1092 646; x_wconf 89' lang='grc' dir='ltr'>Ι.</span> <span class='ocrx_word' id='word_1_3' title='bbox 1632 580 1670 645; x_wconf 81' lang='grc'>79</span> 
     </span>
    </p>
   </div>
   <div class='ocr_carea' id='block_1_2' title="bbox 360 718 1670 807">
    <p class='ocr_par' dir='ltr' id='par_1_2' title="bbox 360 718 1670 807">
     <span class='ocr_line' id='line_1_2' title="bbox 360 718 1670 807; baseline -0.002 -22"><span class='ocrx_word' id='word_1_4' title='bbox 360 724 497 807; x_wconf 85' lang='lat' dir='ltr'>planus,</span> <span class='ocrx_word' id='word_1_5' title='bbox 519 741 675 796; x_wconf 74' lang='lat' dir='ltr'>serimus.</span> <span class='ocrx_word' id='word_1_6' title='bbox 698 719 864 803; x_wconf 84' lang='lat' dir='ltr'>palustris,</span> <span class='ocrx_word' id='word_1_7' title='bbox 894 720 1069 785; x_wconf 84' lang='lat' dir='ltr'>silvestriss</span> <span class='ocrx_word' id='word_1_8' title='bbox 1091 742 1171 805; x_wconf 74' lang='lat' dir='ltr'>quiae</span> <span class='ocrx_word' id='word_1_9' title='bbox 1193 720 1235 785; x_wconf 85' lang='lat' dir='ltr'>sit</span> <span class='ocrx_word' id='word_1_10' title='bbox 1255 730 1418 803; x_wconf 83' lang='lat' dir='ltr'>praeterea</span> <span class='ocrx_word' id='word_1_11' title='bbox 1439 718 1581 785; x_wconf 71' lang='lat' dir='ltr'>vicinitas</span> <span class='ocrx_word' id='word_1_12' title='bbox 1603 718 1670 785; x_wconf 88' lang='lat' dir='ltr'>eius</span> 
     </span>
    </p>
   </div>
   <div class='ocr_carea' id='block_1_3' title="bbox 267 812 1670 900">
    <p class='ocr_par' dir='ltr' id='par_1_3' title="bbox 267 812 1670 900">
     <span class='ocr_line' id='line_1_3' title="bbox 267 812 1670 900; baseline -0.005 -19"><span class='ocrx_word' id='word_1_13' title='bbox 267 897 268 900; x_wconf 8' lang='grc' dir='ltr'><strong>Ἴ</strong></span> <span class='ocrx_word' id='word_1_14' title='bbox 359 818 446 894; x_wconf 84' lang='lat' dir='ltr'>loci,</span> <span class='ocrx_word' id='word_1_15' title='bbox 469 816 500 879; x_wconf 93' lang='lat' dir='ltr'>in</span> <span class='ocrx_word' id='word_1_16' title='bbox 517 836 580 900; x_wconf 74' lang='lat' dir='ltr'>qua</span> <span class='ocrx_word' id='word_1_17' title='bbox 604 826 714 878; x_wconf 85' lang='lat' dir='ltr'>natura</span> <span class='ocrx_word' id='word_1_18' title='bbox 737 814 795 890; x_wconf 86' lang='lat' dir='ltr'>sit,</span> <span class='ocrx_word' id='word_1_19' title='bbox 820 826 854 877; x_wconf 89' lang='lat' dir='ltr'>ut</span> <span class='ocrx_word' id='word_1_20' title='bbox 871 814 944 877; x_wconf 90' lang='lat' dir='ltr'>ideo</span> <span class='ocrx_word' id='word_1_21' title='bbox 963 813 1006 877; x_wconf 89' lang='lat' dir='ltr'>ibi</span> <span class='ocrx_word' id='word_1_22' title='bbox 1027 813 1144 897; x_wconf 88' lang='lat' dir='ltr'>aliquid</span> <span class='ocrx_word' id='word_1_23' title='bbox 1164 812 1234 877; x_wconf 87' lang='lat' dir='ltr'>lieri</span> <span class='ocrx_word' id='word_1_24' title='bbox 1255 813 1395 896; x_wconf 85' lang='lat' dir='ltr'>potuerit</span> <span class='ocrx_word' id='word_1_25' title='bbox 1409 813 1460 877; x_wconf 86' lang='lat' dir='ltr'>vel</span> <span class='ocrx_word' id='word_1_26' title='bbox 1474 835 1538 877; x_wconf 88' lang='lat' dir='ltr'>uon</span> <span class='ocrx_word' id='word_1_27' title='bbox 1555 824 1670 895; x_wconf 89' lang='lat' dir='ltr'>potue·</span> 
     </span>
    </p>
   </div>
   <div class='ocr_carea' id='block_1_4' title="bbox 357 904 1804 4441">
    <p class='ocr_par' dir='ltr' id='par_1_4' title="bbox 359 904 1697 1365">
     <span class='ocr_line' id='line_1_4' title="bbox 359 904 1669 994; baseline -0.005 -20"><span class='ocrx_word' id='word_1_28' title='bbox 359 913 423 987; x_wconf 82' lang='lat' dir='ltr'>rit,</span> <span class='ocrx_word' id='word_1_29' title='bbox 456 912 546 994; x_wconf 83' lang='lat' dir='ltr'>quod</span> <span class='ocrx_word' id='word_1_30' title='bbox 578 908 691 973; x_wconf 83' lang='lat' dir='ltr'>vicinia</span> <span class='ocrx_word' id='word_1_31' title='bbox 726 907 797 971; x_wconf 89' lang='lat' dir='ltr'>talis</span> <span class='ocrx_word' id='word_1_32' title='bbox 829 908 870 971; x_wconf 88' lang='lat' dir='ltr'>sit</span> <span class='ocrx_word' id='word_1_33' title='bbox 897 908 951 971; x_wconf 86' lang='lat' dir='ltr'>vel</span> <span class='ocrx_word' id='word_1_34' title='bbox 979 906 1080 970; x_wconf 90' lang='lat' dir='ltr'>omnis</span> <span class='ocrx_word' id='word_1_35' title='bbox 1108 906 1235 991; x_wconf 82' lang='lat' dir='ltr'>regio..</span> <span class='ocrx_word' id='word_1_36' title='bbox 1257 908 1361 970; x_wconf 87' lang='lat' dir='ltr'>Etiam</span> <span class='ocrx_word' id='word_1_37' title='bbox 1383 910 1467 981; x_wconf 88' lang='lat' dir='ltr'>hoc,</span> <span class='ocrx_word' id='word_1_38' title='bbox 1491 904 1613 989; x_wconf 87' lang='lat' dir='ltr'>inquit,</span> <span class='ocrx_word' id='word_1_39' title='bbox 1637 905 1669 967; x_wconf 92' lang='lat' dir='ltr'>in</span> 
     </span>
     <span class='ocr_line' id='line_1_5' title="bbox 359 994 1667 1082; baseline -0.006 -15"><span class='ocrx_word' id='word_1_40' title='bbox 359 1006 436 1067; x_wconf 87' lang='lat' dir='ltr'>loeo</span> <span class='ocrx_word' id='word_1_41' title='bbox 458 1001 663 1065; x_wconf 84' lang='lat' dir='ltr'>considerare</span> <span class='ocrx_word' id='word_1_42' title='bbox 683 1004 849 1077; x_wconf 88' lang='lat' dir='ltr'>debemus,</span> <span class='ocrx_word' id='word_1_43' title='bbox 871 1020 960 1063; x_wconf 83' lang='lat' dir='ltr'>sacer</span> <span class='ocrx_word' id='word_1_44' title='bbox 982 1021 1021 1062; x_wconf 91' lang='lat' dir='ltr'>an</span> <span class='ocrx_word' id='word_1_45' title='bbox 1040 998 1191 1082; x_wconf 81' lang='lat' dir='ltr'>profanus</span> <span class='ocrx_word' id='word_1_46' title='bbox 1215 994 1270 1075; x_wconf 87' lang='lat' dir='ltr'>sit,</span> <span class='ocrx_word' id='word_1_47' title='bbox 1292 997 1436 1080; x_wconf 86' lang='lat' dir='ltr'>publicus</span> <span class='ocrx_word' id='word_1_48' title='bbox 1458 1018 1495 1061; x_wconf 90' lang='lat' dir='ltr'>au</span> <span class='ocrx_word' id='word_1_49' title='bbox 1514 998 1667 1080; x_wconf 80' lang='lat' dir='ltr'>privatus,</span> 
     </span>
     <span class='ocr_line' id='line_1_6' title="bbox 359 1088 1697 1177; baseline -0.006 -18"><span class='ocrx_word' id='word_1_50' title='bbox 359 1098 484 1159; x_wconf 85' lang='lat' dir='ltr'>alienus</span> <span class='ocrx_word' id='word_1_51' title='bbox 514 1117 553 1157; x_wconf 89' lang='lat' dir='ltr'>an</span> <span class='ocrx_word' id='word_1_52' title='bbox 573 1094 670 1177; x_wconf 88' lang='lat' dir='ltr'>ipsius</span> <span class='ocrx_word' id='word_1_53' title='bbox 694 1096 732 1157; x_wconf 87' lang='lat' dir='ltr'>de</span> <span class='ocrx_word' id='word_1_54' title='bbox 759 1115 826 1177; x_wconf 88' lang='lat' dir='ltr'>quo</span> <span class='ocrx_word' id='word_1_55' title='bbox 854 1094 977 1176; x_wconf 82' lang='lat' dir='ltr'>agitur:</span> <span class='ocrx_word' id='word_1_56' title='bbox 1016 1094 1102 1175; x_wconf 83' lang='lat' dir='ltr'>quod</span> <span class='ocrx_word' id='word_1_57' title='bbox 1126 1091 1152 1152; x_wconf 90' lang='lat' dir='ltr'>si</span> <span class='ocrx_word' id='word_1_58' title='bbox 1173 1088 1270 1171; x_wconf 88' lang='lat' dir='ltr'>ipsius</span> <span class='ocrx_word' id='word_1_59' title='bbox 1291 1112 1355 1153; x_wconf 93' lang='lat' dir='ltr'>nou</span> <span class='ocrx_word' id='word_1_60' title='bbox 1378 1090 1455 1166; x_wconf 87' lang='lat' dir='ltr'>erit,</span> <span class='ocrx_word' id='word_1_61' title='bbox 1494 1090 1583 1152; x_wconf 83' lang='lat' dir='ltr'>etiarn</span> <span class='ocrx_word' id='word_1_62' title='bbox 1607 1090 1697 1157; x_wconf 78' lang='lat' dir='ltr'>hocs</span> 
     </span>
     <span class='ocr_line' id='line_1_7' title="bbox 359 1182 1670 1269; baseline -0.006 -14"><span class='ocrx_word' id='word_1_63' title='bbox 359 1192 552 1264; x_wconf 74' lang='lat' dir='ltr'>videndum,</span> <span class='ocrx_word' id='word_1_64' title='bbox 583 1208 623 1249; x_wconf 90' lang='lat' dir='ltr'>an</span> <span class='ocrx_word' id='word_1_65' title='bbox 644 1188 812 1268; x_wconf 83' lang='lat' dir='ltr'>aliqnando</span> <span class='ocrx_word' id='word_1_66' title='bbox 834 1186 931 1269; x_wconf 86' lang='lat' dir='ltr'>ipsius</span> <span class='ocrx_word' id='word_1_67' title='bbox 953 1185 1062 1247; x_wconf 80' lang='lat' dir='ltr'>fuerit.</span> <span class='ocrx_word' id='word_1_68' title='bbox 1113 1184 1165 1247; x_wconf 82' lang='lat' dir='ltr'>Ex</span> <span class='ocrx_word' id='word_1_69' title='bbox 1187 1184 1234 1245; x_wconf 89' lang='lat' dir='ltr'>his</span> <span class='ocrx_word' id='word_1_70' title='bbox 1257 1182 1355 1267; x_wconf 85' lang='lat' dir='ltr'>igitur</span> <span class='ocrx_word' id='word_1_71' title='bbox 1377 1194 1425 1247; x_wconf 87' lang='lat' dir='ltr'>tol</span> <span class='ocrx_word' id='word_1_72' title='bbox 1448 1182 1670 1267; x_wconf 87' lang='lat' dir='ltr'>opportunita-</span> 
     </span>
     <span class='ocr_line' id='line_1_8' title="bbox 359 1278 1474 1365; baseline -0.009 -16"><span class='ocrx_word' id='word_1_73' title='bbox 359 1286 446 1349; x_wconf 83' lang='lat' dir='ltr'>tilsus</span> <span class='ocrx_word' id='word_1_74' title='bbox 468 1282 535 1345; x_wconf 91' lang='lat' dir='ltr'>loei</span> <span class='ocrx_word' id='word_1_75' title='bbox 555 1281 651 1345; x_wconf 79' lang='lat' dir='ltr'>mirlta</span> <span class='ocrx_word' id='word_1_76' title='bbox 673 1284 712 1343; x_wconf 84' lang='lat' dir='ltr'>ad</span> <span class='ocrx_word' id='word_1_77' title='bbox 733 1280 895 1365; x_wconf 82' lang='lat' dir='ltr'>negotium</span> <span class='ocrx_word' id='word_1_78' title='bbox 917 1278 1070 1361; x_wconf 79' lang='lat' dir='ltr'>colligere</span> <span class='ocrx_word' id='word_1_79' title='bbox 1091 1296 1258 1359; x_wconf 87' lang='lat' dir='ltr'>possumus</span> <span class='ocrx_word' id='word_1_80' title='bbox 1279 1287 1474 1359; x_wconf 80' lang='lat' dir='ltr'>argumenta.</span> 
     </span>
    </p>

    <p class='ocr_par' dir='ltr' id='par_1_5' title="bbox 357 1370 1804 4441">
     <span class='ocr_line' id='line_1_9' title="bbox 447 1370 1671 1458; baseline -0.004 -18"><span class='ocrx_word' id='word_1_81' title='bbox 447 1382 601 1458; x_wconf 84' lang='lat' dir='ltr'>Tempus</span> <span class='ocrx_word' id='word_1_82' title='bbox 621 1387 672 1437; x_wconf 82' lang='lat' dir='ltr'>est</span> <span class='ocrx_word' id='word_1_83' title='bbox 691 1386 808 1437; x_wconf 81' lang='lat' dir='ltr'>aretem</span> <span class='ocrx_word' id='word_1_84' title='bbox 827 1373 880 1447; x_wconf 83' lang='lat' dir='ltr'>id,</span> <span class='ocrx_word' id='word_1_85' title='bbox 902 1395 970 1457; x_wconf 82' lang='lat' dir='ltr'>quo</span> <span class='ocrx_word' id='word_1_86' title='bbox 991 1393 1080 1433; x_wconf 85' lang='lat' dir='ltr'>nunc</span> <span class='ocrx_word' id='word_1_87' title='bbox 1101 1370 1231 1433; x_wconf 82' lang='lat' dir='ltr'>utimur</span> <span class='ocrx_word' id='word_1_88' title='bbox 1252 1371 1330 1450; x_wconf 90' lang='lat' dir='ltr'>cet.]</span> <span class='ocrx_word' id='word_1_89' title='bbox 1374 1370 1514 1452; x_wconf 83' lang='lat' dir='ltr'>Tempus</span> <span class='ocrx_word' id='word_1_90' title='bbox 1537 1392 1671 1456; x_wconf 85' lang='lat' dir='ltr'>genera·</span> 
     </span>
     <span class='ocr_line' id='line_1_10' title="bbox 359 1462 1670 1551; baseline -0.006 -16"><span class='ocrx_word' id='word_1_91' title='bbox 359 1472 434 1535; x_wconf 83' lang='lat' dir='ltr'>liter</span> <span class='ocrx_word' id='word_1_92' title='bbox 455 1467 586 1532; x_wconf 83' lang='lat' dir='ltr'>delinire</span> <span class='ocrx_word' id='word_1_93' title='bbox 607 1467 728 1531; x_wconf 85' lang='lat' dir='ltr'>difficile</span> <span class='ocrx_word' id='word_1_94' title='bbox 750 1477 816 1529; x_wconf 83' lang='lat' dir='ltr'>est:</span> <span class='ocrx_word' id='word_1_95' title='bbox 852 1467 926 1551; x_wconf 84' lang='lat' dir='ltr'>quia</span> <span class='ocrx_word' id='word_1_96' title='bbox 952 1476 1075 1545; x_wconf 89' lang='lat' dir='ltr'>tempus</span> <span class='ocrx_word' id='word_1_97' title='bbox 1104 1482 1229 1543; x_wconf 78' lang='lat' dir='ltr'>semper</span> <span class='ocrx_word' id='word_1_98' title='bbox 1250 1462 1345 1525; x_wconf 80' lang='lat' dir='ltr'>fuerit</span> <span class='ocrx_word' id='word_1_99' title='bbox 1377 1484 1504 1527; x_wconf 86' lang='lat' dir='ltr'>necesse</span> <span class='ocrx_word' id='word_1_100' title='bbox 1527 1476 1575 1528; x_wconf 86' lang='lat' dir='ltr'>est</span> <span class='ocrx_word' id='word_1_101' title='bbox 1603 1464 1670 1528; x_wconf 84' lang='lat' dir='ltr'>sive</span> 
     </span>
     <span class='ocr_line' id='line_1_11' title="bbox 360 1555 1712 1641; baseline -0.005 -15"><span class='ocrx_word' id='word_1_102' title='bbox 360 1575 434 1627; x_wconf 85' lang='lat' dir='ltr'>ante</span> <span class='ocrx_word' id='word_1_103' title='bbox 458 1564 606 1625; x_wconf 75' lang='lat' dir='ltr'>anundum</span> <span class='ocrx_word' id='word_1_104' title='bbox 632 1562 700 1623; x_wconf 85' lang='lat' dir='ltr'>sire</span> <span class='ocrx_word' id='word_1_105' title='bbox 726 1570 801 1641; x_wconf 85' lang='lat' dir='ltr'>post</span> <span class='ocrx_word' id='word_1_106' title='bbox 822 1560 968 1621; x_wconf 88' lang='lat' dir='ltr'>mundum</span> <span class='ocrx_word' id='word_1_107' title='bbox 989 1557 1057 1620; x_wconf 86' lang='lat' dir='ltr'>sive</span> <span class='ocrx_word' id='word_1_108' title='bbox 1079 1577 1149 1619; x_wconf 88' lang='lat' dir='ltr'>eum</span> <span class='ocrx_word' id='word_1_109' title='bbox 1170 1558 1298 1619; x_wconf 87' lang='lat' dir='ltr'>mundo.</span> <span class='ocrx_word' id='word_1_110' title='bbox 1342 1555 1440 1619; x_wconf 89' lang='lat' dir='ltr'>Multi</span> <span class='ocrx_word' id='word_1_111' title='bbox 1460 1556 1540 1619; x_wconf 87' lang='lat' dir='ltr'>eninr</span> <span class='ocrx_word' id='word_1_112' title='bbox 1564 1569 1668 1619; x_wconf 88' lang='lat' dir='ltr'>natum</span> <span class='ocrx_word' id='word_1_113' title='bbox 1683 1582 1712 1631; x_wconf 69' lang='grc' dir='ltr'>ιο</span> 
     </span>
     <span class='ocr_line' id='line_1_12' title="bbox 360 1639 1804 1734; baseline -0.004 -15"><span class='ocrx_word' id='word_1_114' title='bbox 360 1658 531 1729; x_wconf 77' lang='lat' dir='ltr'>nundum,</span> <span class='ocrx_word' id='word_1_115' title='bbox 561 1651 649 1717; x_wconf 89' lang='lat' dir='ltr'>nsnlti</span> <span class='ocrx_word' id='word_1_116' title='bbox 669 1663 773 1713; x_wconf 87' lang='lat' dir='ltr'>natum</span> <span class='ocrx_word' id='word_1_117' title='bbox 796 1671 858 1713; x_wconf 93' lang='lat' dir='ltr'>non</span> <span class='ocrx_word' id='word_1_118' title='bbox 881 1671 950 1713; x_wconf 86' lang='lat' dir='ltr'>esse</span> <span class='ocrx_word' id='word_1_119' title='bbox 972 1653 1176 1715; x_wconf 86' lang='lat' dir='ltr'>contendunt.</span> <span class='ocrx_word' id='word_1_120' title='bbox 1235 1650 1327 1733; x_wconf 84' lang='lat' dir='ltr'>Ergo</span> <span class='ocrx_word' id='word_1_121' title='bbox 1349 1651 1411 1713; x_wconf 87' lang='lat' dir='ltr'>hoc</span> <span class='ocrx_word' id='word_1_122' title='bbox 1429 1662 1551 1731; x_wconf 88' lang='lat' dir='ltr'>tempus</span> <span class='ocrx_word' id='word_1_123' title='bbox 1574 1671 1670 1734; x_wconf 82' lang='lat' dir='ltr'>geue·</span> <span class='ocrx_word' id='word_1_124' title='bbox 1801 1639 1804 1645; x_wconf 38' lang='lat'>¹</span> 
     </span>
     <span class='ocr_line' id='line_1_13' title="bbox 359 1741 1672 1831; baseline -0.005 -17"><span class='ocrx_word' id='word_1_125' title='bbox 359 1753 449 1825; x_wconf 73' lang='lat' dir='ltr'>tale,</span> <span class='ocrx_word' id='word_1_126' title='bbox 480 1746 553 1831; x_wconf 84' lang='lat' dir='ltr'>quia</span> <span class='ocrx_word' id='word_1_127' title='bbox 581 1766 639 1809; x_wconf 89' lang='lat' dir='ltr'>nee</span> <span class='ocrx_word' id='word_1_128' title='bbox 664 1744 784 1807; x_wconf 88' lang='lat' dir='ltr'>initium</span> <span class='ocrx_word' id='word_1_129' title='bbox 807 1765 866 1807; x_wconf 90' lang='lat' dir='ltr'>nec</span> <span class='ocrx_word' id='word_1_130' title='bbox 884 1743 977 1807; x_wconf 84' lang='lat' dir='ltr'>finem</span> <span class='ocrx_word' id='word_1_131' title='bbox 1007 1746 1117 1821; x_wconf 85' lang='lat' dir='ltr'>habet,</span> <span class='ocrx_word' id='word_1_132' title='bbox 1150 1743 1316 1806; x_wconf 76' lang='lat' dir='ltr'>aeternitas</span> <span class='ocrx_word' id='word_1_133' title='bbox 1338 1755 1404 1818; x_wconf 89' lang='lat' dir='ltr'>est,</span> <span class='ocrx_word' id='word_1_134' title='bbox 1441 1766 1532 1827; x_wconf 87' lang='lat' dir='ltr'>quam</span> <span class='ocrx_word' id='word_1_135' title='bbox 1555 1741 1672 1807; x_wconf 80' lang='lat' dir='ltr'>Graeci</span> 
     </span>
     <span class='ocr_line' id='line_1_14' title="bbox 359 1836 1672 1924; baseline -0.001 -22"><span class='ocrx_word' id='word_1_136' title='bbox 359 1842 470 1909; x_wconf 66' lang='grc' dir='ltr'><em>ω’ῶνα</em></span> <span class='ocrx_word' id='word_1_137' title='bbox 491 1838 664 1921; x_wconf 86' lang='lat' dir='ltr'>appellant.</span> <span class='ocrx_word' id='word_1_138' title='bbox 706 1840 828 1901; x_wconf 86' lang='lat' dir='ltr'>Vernsn</span> <span class='ocrx_word' id='word_1_139' title='bbox 851 1838 996 1920; x_wconf 86' lang='lat' dir='ltr'>quoniam</span> <span class='ocrx_word' id='word_1_140' title='bbox 1011 1839 1074 1924; x_wconf 89' lang='lat' dir='ltr'>hoc</span> <span class='ocrx_word' id='word_1_141' title='bbox 1092 1848 1214 1919; x_wconf 87' lang='lat' dir='ltr'>tempus</span> <span class='ocrx_word' id='word_1_142' title='bbox 1236 1836 1357 1900; x_wconf 84' lang='lat' dir='ltr'>definiri</span> <span class='ocrx_word' id='word_1_143' title='bbox 1371 1836 1494 1899; x_wconf 87' lang='lat' dir='ltr'>difficile</span> <span class='ocrx_word' id='word_1_144' title='bbox 1509 1850 1573 1913; x_wconf 86' lang='lat' dir='ltr'>est,</span> <span class='ocrx_word' id='word_1_145' title='bbox 1595 1836 1672 1901; x_wconf 87' lang='lat' dir='ltr'>illud</span> 
     </span>
     <span class='ocr_line' id='line_1_15' title="bbox 359 1927 1670 2016; baseline -0.005 -17"><span class='ocrx_word' id='word_1_146' title='bbox 359 1934 493 2009; x_wconf 82' lang='lat' dir='ltr'>delinit,</span> <span class='ocrx_word' id='word_1_147' title='bbox 518 1953 582 2016; x_wconf 89' lang='lat' dir='ltr'>qno</span> <span class='ocrx_word' id='word_1_148' title='bbox 603 1952 687 1993; x_wconf 76' lang='lat' dir='ltr'>utine</span> <span class='ocrx_word' id='word_1_149' title='bbox 708 1927 835 1993; x_wconf 76' lang='lat' dir='ltr'>utimini.</span> <span class='ocrx_word' id='word_1_150' title='bbox 880 1932 1030 2012; x_wconf 82' lang='lat' dir='ltr'>Tempus</span> <span class='ocrx_word' id='word_1_151' title='bbox 1044 1940 1114 2006; x_wconf 85' lang='lat' dir='ltr'>est,</span> <span class='ocrx_word' id='word_1_152' title='bbox 1136 1928 1256 2014; x_wconf 88' lang='lat' dir='ltr'>inquit,</span> <span class='ocrx_word' id='word_1_153' title='bbox 1275 1950 1361 2013; x_wconf 81' lang='lat' dir='ltr'>pars</span> <span class='ocrx_word' id='word_1_154' title='bbox 1374 1929 1542 2015; x_wconf 79' lang='lat' dir='ltr'>quaedam</span> <span class='ocrx_word' id='word_1_155' title='bbox 1561 1940 1670 1992; x_wconf 81' lang='lat' dir='ltr'>netes·-</span> 
     </span>
     <span class='ocr_line' id='line_1_16' title="bbox 360 2016 1728 2107; baseline -0.004 -15"><span class='ocrx_word' id='word_1_156' title='bbox 360 2028 501 2104; x_wconf 84' lang='lat' dir='ltr'>nitntis,</span> <span class='ocrx_word' id='word_1_157' title='bbox 536 2037 591 2088; x_wconf 82' lang='lat' dir='ltr'>aut</span> <span class='ocrx_word' id='word_1_158' title='bbox 614 2045 749 2087; x_wconf 79' lang='lat' dir='ltr'>annisum</span> <span class='ocrx_word' id='word_1_159' title='bbox 776 2034 830 2088; x_wconf 90' lang='lat' dir='ltr'>aut</span> <span class='ocrx_word' id='word_1_160' title='bbox 861 2024 1006 2086; x_wconf 89' lang='lat' dir='ltr'>diurnum</span> <span class='ocrx_word' id='word_1_161' title='bbox 1037 2034 1091 2085; x_wconf 90' lang='lat' dir='ltr'>aut</span> <span class='ocrx_word' id='word_1_162' title='bbox 1112 2034 1299 2087; x_wconf 84' lang='lat' dir='ltr'>nocturnum</span> <span class='ocrx_word' id='word_1_163' title='bbox 1322 2024 1456 2107; x_wconf 88' lang='lat' dir='ltr'>spatium</span> <span class='ocrx_word' id='word_1_164' title='bbox 1477 2022 1669 2105; x_wconf 82' lang='lat' dir='ltr'>significans.</span> <span class='ocrx_word' id='word_1_165' title='bbox 1683 2016 1728 2105; x_wconf 66' lang='lat' dir='ltr'>15v</span> 
     </span>
     <span class='ocr_line' id='line_1_17' title="bbox 360 2114 1670 2208; baseline -0.005 -21"><span class='ocrx_word' id='word_1_166' title='bbox 360 2124 416 2187; x_wconf 83' lang='lat' dir='ltr'>Ex</span> <span class='ocrx_word' id='word_1_167' title='bbox 436 2140 535 2183; x_wconf 89' lang='lat' dir='ltr'>eursu</span> <span class='ocrx_word' id='word_1_168' title='bbox 556 2116 637 2181; x_wconf 88' lang='lat' dir='ltr'>enim</span> <span class='ocrx_word' id='word_1_169' title='bbox 658 2118 794 2181; x_wconf 87' lang='lat' dir='ltr'>siderum</span> <span class='ocrx_word' id='word_1_170' title='bbox 817 2117 911 2179; x_wconf 86' lang='lat' dir='ltr'>certis</span> <span class='ocrx_word' id='word_1_171' title='bbox 932 2114 1130 2196; x_wconf 85' lang='lat' dir='ltr'>temporibus</span> <span class='ocrx_word' id='word_1_172' title='bbox 1152 2128 1270 2208; x_wconf 76' lang='lat' dir='ltr'>certum</span> <span class='ocrx_word' id='word_1_173' title='bbox 1287 2137 1398 2180; x_wconf 86' lang='lat' dir='ltr'>nornen</span> <span class='ocrx_word' id='word_1_174' title='bbox 1414 2114 1593 2197; x_wconf 89' lang='lat' dir='ltr'>impositum</span> <span class='ocrx_word' id='word_1_175' title='bbox 1609 2127 1670 2181; x_wconf 86' lang='lat' dir='ltr'>est.</span> 
     </span>
     <span class='ocr_line' id='line_1_18' title="bbox 360 2208 1672 2299; baseline -0.003 -22"><span class='ocrx_word' id='word_1_176' title='bbox 360 2218 494 2299; x_wconf 81' lang='lat' dir='ltr'>Septem</span> <span class='ocrx_word' id='word_1_177' title='bbox 525 2212 632 2275; x_wconf 84' lang='lat' dir='ltr'>stellae</span> <span class='ocrx_word' id='word_1_178' title='bbox 657 2223 778 2293; x_wconf 86' lang='lat' dir='ltr'>septem</span> <span class='ocrx_word' id='word_1_179' title='bbox 806 2209 933 2274; x_wconf 89' lang='lat' dir='ltr'>circulis</span> <span class='ocrx_word' id='word_1_180' title='bbox 961 2221 1072 2273; x_wconf 85' lang='lat' dir='ltr'>eontra</span> <span class='ocrx_word' id='word_1_181' title='bbox 1099 2208 1219 2271; x_wconf 81' lang='lat' dir='ltr'>caelsuu</span> <span class='ocrx_word' id='word_1_182' title='bbox 1249 2208 1442 2273; x_wconf 84' lang='lat' dir='ltr'>volvuntur:</span> <span class='ocrx_word' id='word_1_183' title='bbox 1478 2230 1558 2295; x_wconf 88' lang='lat' dir='ltr'>quae</span> <span class='ocrx_word' id='word_1_184' title='bbox 1575 2232 1672 2294; x_wconf 82' lang='lat' dir='ltr'>quum</span> 
     </span>
     <span class='ocr_line' id='line_1_19' title="bbox 360 2300 1671 2391; baseline -0.003 -20"><span class='ocrx_word' id='word_1_185' title='bbox 360 2308 508 2391; x_wconf 83' lang='lat' dir='ltr'>singulae</span> <span class='ocrx_word' id='word_1_186' title='bbox 529 2308 569 2368; x_wconf 86' lang='lat' dir='ltr'>ad</span> <span class='ocrx_word' id='word_1_187' title='bbox 592 2303 625 2367; x_wconf 92' lang='lat' dir='ltr'>id</span> <span class='ocrx_word' id='word_1_188' title='bbox 642 2305 786 2388; x_wconf 82' lang='lat' dir='ltr'>signum,</span> <span class='ocrx_word' id='word_1_189' title='bbox 809 2306 891 2368; x_wconf 87' lang='lat' dir='ltr'>unde</span> <span class='ocrx_word' id='word_1_190' title='bbox 911 2301 1076 2385; x_wconf 83' lang='lat' dir='ltr'>proseriae</span> <span class='ocrx_word' id='word_1_191' title='bbox 1097 2314 1188 2379; x_wconf 86' lang='lat' dir='ltr'>sunt,</span> <span class='ocrx_word' id='word_1_192' title='bbox 1218 2300 1332 2365; x_wconf 84' lang='lat' dir='ltr'>luerint</span> <span class='ocrx_word' id='word_1_193' title='bbox 1354 2323 1521 2380; x_wconf 82' lang='lat' dir='ltr'>reversae,</span> <span class='ocrx_word' id='word_1_194' title='bbox 1551 2316 1671 2367; x_wconf 87' lang='lat' dir='ltr'>certum</span> 
     </span>
     <span class='ocr_line' id='line_1_20' title="bbox 359 2394 1670 2483; baseline -0.001 -19"><span class='ocrx_word' id='word_1_195' title='bbox 359 2413 487 2483; x_wconf 84' lang='lat' dir='ltr'>tempos</span> <span class='ocrx_word' id='word_1_196' title='bbox 516 2397 692 2462; x_wconf 87' lang='lat' dir='ltr'>includunt.</span> <span class='ocrx_word' id='word_1_197' title='bbox 748 2398 844 2477; x_wconf 87' lang='lat' dir='ltr'>Quod</span> <span class='ocrx_word' id='word_1_198' title='bbox 874 2398 902 2461; x_wconf 88' lang='lat' dir='ltr'>si</span> <span class='ocrx_word' id='word_1_199' title='bbox 927 2416 1035 2460; x_wconf 84' lang='lat' dir='ltr'>omnes</span> <span class='ocrx_word' id='word_1_200' title='bbox 1057 2408 1175 2477; x_wconf 79' lang='lat' dir='ltr'>septem</span> <span class='ocrx_word' id='word_1_201' title='bbox 1197 2394 1288 2458; x_wconf 85' lang='lat' dir='ltr'>simul</span> <span class='ocrx_word' id='word_1_202' title='bbox 1315 2398 1353 2458; x_wconf 91' lang='lat' dir='ltr'>ad</span> <span class='ocrx_word' id='word_1_203' title='bbox 1375 2418 1413 2461; x_wconf 87' lang='lat' dir='ltr'>ea</span> <span class='ocrx_word' id='word_1_204' title='bbox 1442 2396 1551 2481; x_wconf 84' lang='lat' dir='ltr'>signa,</span> <span class='ocrx_word' id='word_1_205' title='bbox 1589 2401 1670 2463; x_wconf 92' lang='lat' dir='ltr'>unde</span> 
     </span>
     <span class='ocr_line' id='line_1_21' title="bbox 360 2489 1715 2577; baseline -0.002 -20"><span class='ocrx_word' id='word_1_206' title='bbox 360 2493 529 2577; x_wconf 82' lang='lat' dir='ltr'>profectae</span> <span class='ocrx_word' id='word_1_207' title='bbox 540 2502 635 2565; x_wconf 84' lang='lat' dir='ltr'>sunt,</span> <span class='ocrx_word' id='word_1_208' title='bbox 657 2501 875 2566; x_wconf 87' lang='lat' dir='ltr'>revertantur,</span> <span class='ocrx_word' id='word_1_209' title='bbox 899 2500 975 2553; x_wconf 88' lang='lat' dir='ltr'>tune</span> <span class='ocrx_word' id='word_1_210' title='bbox 987 2489 1024 2551; x_wconf 84' lang='lat' dir='ltr'>fit</span> <span class='ocrx_word' id='word_1_211' title='bbox 1038 2489 1114 2552; x_wconf 91' lang='lat' dir='ltr'>illud</span> <span class='ocrx_word' id='word_1_212' title='bbox 1130 2500 1273 2571; x_wconf 81' lang='lat' dir='ltr'>tempus,</span> <span class='ocrx_word' id='word_1_213' title='bbox 1297 2492 1384 2573; x_wconf 89' lang='lat' dir='ltr'>quod</span> <span class='ocrx_word' id='word_1_214' title='bbox 1397 2510 1509 2553; x_wconf 84' lang='lat' dir='ltr'>onnus</span> <span class='ocrx_word' id='word_1_215' title='bbox 1523 2512 1670 2575; x_wconf 83' lang='lat' dir='ltr'>magnus</span> <span class='ocrx_word' id='word_1_216' title='bbox 1682 2520 1715 2571; x_wconf 79' lang='lat' dir='ltr'>io</span> 
     </span>
     <span class='ocr_line' id='line_1_22' title="bbox 360 2585 1671 2669; baseline 0.001 -20"><span class='ocrx_word' id='word_1_217' title='bbox 360 2587 498 2651; x_wconf 75' lang='lat' dir='ltr'>dieiturz</span> <span class='ocrx_word' id='word_1_218' title='bbox 535 2594 568 2646; x_wconf 87' lang='lat' dir='ltr'>et</span> <span class='ocrx_word' id='word_1_219' title='bbox 593 2604 719 2645; x_wconf 85' lang='lat' dir='ltr'>neccsse</span> <span class='ocrx_word' id='word_1_220' title='bbox 750 2593 798 2647; x_wconf 84' lang='lat' dir='ltr'>est</span> <span class='ocrx_word' id='word_1_221' title='bbox 826 2585 930 2647; x_wconf 78' lang='lat' dir='ltr'>omnia</span> <span class='ocrx_word' id='word_1_222' title='bbox 959 2604 1069 2647; x_wconf 88' lang='lat' dir='ltr'>rursus</span> <span class='ocrx_word' id='word_1_223' title='bbox 1092 2604 1151 2666; x_wconf 84' lang='lat' dir='ltr'>per</span> <span class='ocrx_word' id='word_1_224' title='bbox 1174 2585 1315 2646; x_wconf 81' lang='lat' dir='ltr'>ordinem</span> <span class='ocrx_word' id='word_1_225' title='bbox 1342 2604 1454 2662; x_wconf 85' lang='lat' dir='ltr'>sunm,</span> <span class='ocrx_word' id='word_1_226' title='bbox 1494 2606 1574 2669; x_wconf 87' lang='lat' dir='ltr'>quae</span> <span class='ocrx_word' id='word_1_227' title='bbox 1599 2600 1671 2650; x_wconf 90' lang='lat' dir='ltr'>ante</span> 
     </span>
     <span class='ocr_line' id='line_1_23' title="bbox 359 2675 1671 2761; baseline -0.002 -17"><span class='ocrx_word' id='word_1_228' title='bbox 359 2693 431 2745; x_wconf 83' lang='lat' dir='ltr'>nata</span> <span class='ocrx_word' id='word_1_229' title='bbox 455 2688 548 2752; x_wconf 87' lang='lat' dir='ltr'>sunt,</span> <span class='ocrx_word' id='word_1_230' title='bbox 589 2676 724 2739; x_wconf 84' lang='lat' dir='ltr'>renasci.</span> <span class='ocrx_word' id='word_1_231' title='bbox 777 2678 870 2761; x_wconf 83' lang='lat' dir='ltr'>Ergo</span> <span class='ocrx_word' id='word_1_232' title='bbox 892 2675 919 2738; x_wconf 86' lang='lat' dir='ltr'>si</span> <span class='ocrx_word' id='word_1_233' title='bbox 947 2678 986 2738; x_wconf 91' lang='lat' dir='ltr'>ad</span> <span class='ocrx_word' id='word_1_234' title='bbox 1013 2676 1178 2741; x_wconf 79' lang='lat' dir='ltr'>exordium</span> <span class='ocrx_word' id='word_1_235' title='bbox 1206 2698 1293 2739; x_wconf 80' lang='lat' dir='ltr'>surmn</span> <span class='ocrx_word' id='word_1_236' title='bbox 1320 2676 1410 2740; x_wconf 89' lang='lat' dir='ltr'>simul</span> <span class='ocrx_word' id='word_1_237' title='bbox 1433 2696 1540 2741; x_wconf 88' lang='lat' dir='ltr'>omnes</span> <span class='ocrx_word' id='word_1_238' title='bbox 1562 2679 1671 2741; x_wconf 88' lang='lat' dir='ltr'>stellae</span> 
     </span>
     <span class='ocr_line' id='line_1_24' title="bbox 358 2769 1671 2853; baseline -0.002 -16"><span class='ocrx_word' id='word_1_239' title='bbox 358 2781 577 2847; x_wconf 73' lang='lat' dir='ltr'>reses-tantur,</span> <span class='ocrx_word' id='word_1_240' title='bbox 609 2790 720 2833; x_wconf 82' lang='lat' dir='ltr'>onnus</span> <span class='ocrx_word' id='word_1_241' title='bbox 750 2790 897 2853; x_wconf 79' lang='lat' dir='ltr'>magnate</span> <span class='ocrx_word' id='word_1_242' title='bbox 919 2770 1045 2834; x_wconf 87' lang='lat' dir='ltr'>dieitur.</span> <span class='ocrx_word' id='word_1_243' title='bbox 1088 2769 1289 2853; x_wconf 71' lang='lat' dir='ltr'>Singulorum</span> <span class='ocrx_word' id='word_1_244' title='bbox 1318 2782 1420 2833; x_wconf 72' lang='lat' dir='ltr'>aretem</span> <span class='ocrx_word' id='word_1_245' title='bbox 1443 2792 1555 2833; x_wconf 87' lang='lat' dir='ltr'>cursus</span> <span class='ocrx_word' id='word_1_246' title='bbox 1576 2772 1671 2835; x_wconf 87' lang='lat' dir='ltr'>habet</span> 
     </span>
     <span class='ocr_line' id='line_1_25' title="bbox 360 2862 1670 2947; baseline -0.002 -17"><span class='ocrx_word' id='word_1_247' title='bbox 360 2878 487 2947; x_wconf 87' lang='lat' dir='ltr'>tempus</span> <span class='ocrx_word' id='word_1_248' title='bbox 518 2883 631 2926; x_wconf 80' lang='lat' dir='ltr'>suurn:</span> <span class='ocrx_word' id='word_1_249' title='bbox 664 2866 720 2925; x_wconf 88' lang='lat' dir='ltr'>sed</span> <span class='ocrx_word' id='word_1_250' title='bbox 745 2883 837 2927; x_wconf 87' lang='lat' dir='ltr'>omne</span> <span class='ocrx_word' id='word_1_251' title='bbox 859 2874 982 2945; x_wconf 87' lang='lat' dir='ltr'>tempus</span> <span class='ocrx_word' id='word_1_252' title='bbox 1008 2862 1101 2926; x_wconf 87' lang='lat' dir='ltr'>certis</span> <span class='ocrx_word' id='word_1_253' title='bbox 1124 2862 1291 2927; x_wconf 86' lang='lat' dir='ltr'>vocabulis</span> <span class='ocrx_word' id='word_1_254' title='bbox 1311 2885 1376 2927; x_wconf 92' lang='lat' dir='ltr'>non</span> <span class='ocrx_word' id='word_1_255' title='bbox 1397 2875 1533 2927; x_wconf 85' lang='lat' dir='ltr'>tenetur.</span> <span class='ocrx_word' id='word_1_256' title='bbox 1589 2865 1670 2927; x_wconf 84' lang='lat' dir='ltr'>Nam</span> 
     </span>
     <span class='ocr_line' id='line_1_26' title="bbox 360 2956 1713 3039; baseline -0.003 -17"><span class='ocrx_word' id='word_1_257' title='bbox 360 2956 493 3021; x_wconf 85' lang='lat' dir='ltr'>Saturni</span> <span class='ocrx_word' id='word_1_258' title='bbox 520 2976 632 3017; x_wconf 82' lang='lat' dir='ltr'>curssss</span> <span class='ocrx_word' id='word_1_259' title='bbox 666 2956 762 3017; x_wconf 76' lang='lat' dir='ltr'>hebet</span> <span class='ocrx_word' id='word_1_260' title='bbox 796 2967 938 3037; x_wconf 83' lang='lat' dir='ltr'>tempns;</span> <span class='ocrx_word' id='word_1_261' title='bbox 967 2959 1023 3019; x_wconf 86' lang='lat' dir='ltr'>sed</span> <span class='ocrx_word' id='word_1_262' title='bbox 1046 2968 1171 3038; x_wconf 87' lang='lat' dir='ltr'>tempus</span> <span class='ocrx_word' id='word_1_263' title='bbox 1200 2956 1302 3039; x_wconf 87' lang='lat' dir='ltr'>ipsum</span> <span class='ocrx_word' id='word_1_264' title='bbox 1331 2978 1395 3021; x_wconf 91' lang='lat' dir='ltr'>non</span> <span class='ocrx_word' id='word_1_265' title='bbox 1426 2958 1521 3019; x_wconf 88' lang='lat' dir='ltr'>habet</span> <span class='ocrx_word' id='word_1_266' title='bbox 1544 2977 1713 3037; x_wconf 77' lang='lat' dir='ltr'>nomen.25</span> 
     </span>
     <span class='ocr_line' id='line_1_27' title="bbox 360 3046 1671 3133; baseline -0.004 -17"><span class='ocrx_word' id='word_1_267' title='bbox 360 3052 443 3117; x_wconf 87' lang='lat' dir='ltr'>ltem</span> <span class='ocrx_word' id='word_1_268' title='bbox 465 3048 575 3123; x_wconf 84' lang='lat' dir='ltr'>Iovis,</span> <span class='ocrx_word' id='word_1_269' title='bbox 599 3048 734 3123; x_wconf 87' lang='lat' dir='ltr'>Martis,</span> <span class='ocrx_word' id='word_1_270' title='bbox 758 3049 894 3111; x_wconf 86' lang='lat' dir='ltr'>Veneris</span> <span class='ocrx_word' id='word_1_271' title='bbox 915 3058 1009 3130; x_wconf 85' lang='lat' dir='ltr'>atque</span> <span class='ocrx_word' id='word_1_272' title='bbox 1031 3046 1202 3111; x_wconf 90' lang='lat' dir='ltr'>Mercurii.</span> <span class='ocrx_word' id='word_1_273' title='bbox 1247 3048 1332 3112; x_wconf 89' lang='lat' dir='ltr'>Solis</span> <span class='ocrx_word' id='word_1_274' title='bbox 1358 3069 1436 3113; x_wconf 83' lang='lat' dir='ltr'>vero</span> <span class='ocrx_word' id='word_1_275' title='bbox 1450 3070 1560 3112; x_wconf 87' lang='lat' dir='ltr'>cursus</span> <span class='ocrx_word' id='word_1_276' title='bbox 1575 3070 1671 3133; x_wconf 87' lang='lat' dir='ltr'>quum</span> 
     </span>
     <span class='ocr_line' id='line_1_28' title="bbox 359 3140 1672 3225; baseline -0.002 -17"><span class='ocrx_word' id='word_1_277' title='bbox 359 3166 395 3208; x_wconf 81' lang='lat' dir='ltr'>se</span> <span class='ocrx_word' id='word_1_278' title='bbox 415 3142 614 3225; x_wconf 81' lang='lat' dir='ltr'>expleverit,</span> <span class='ocrx_word' id='word_1_279' title='bbox 639 3162 735 3203; x_wconf 77' lang='lat' dir='ltr'>anneis</span> <span class='ocrx_word' id='word_1_280' title='bbox 760 3151 827 3205; x_wconf 86' lang='lat' dir='ltr'>est:</span> <span class='ocrx_word' id='word_1_281' title='bbox 850 3142 961 3204; x_wconf 87' lang='lat' dir='ltr'>Lunae</span> <span class='ocrx_word' id='word_1_282' title='bbox 979 3164 1074 3224; x_wconf 88' lang='lat' dir='ltr'>quum</span> <span class='ocrx_word' id='word_1_283' title='bbox 1099 3162 1133 3204; x_wconf 87' lang='lat' dir='ltr'>se</span> <span class='ocrx_word' id='word_1_284' title='bbox 1156 3140 1354 3223; x_wconf 86' lang='lat' dir='ltr'>expleverit,</span> <span class='ocrx_word' id='word_1_285' title='bbox 1379 3140 1491 3205; x_wconf 89' lang='lat' dir='ltr'>mensis</span> <span class='ocrx_word' id='word_1_286' title='bbox 1514 3152 1573 3203; x_wconf 86' lang='lat' dir='ltr'>est.</span> <span class='ocrx_word' id='word_1_287' title='bbox 1603 3141 1672 3205; x_wconf 86' lang='lat' dir='ltr'>lam</span> 
     </span>
     <span class='ocr_line' id='line_1_29' title="bbox 360 3234 1672 3318; baseline 0.001 -18"><span class='ocrx_word' id='word_1_288' title='bbox 360 3260 443 3303; x_wconf 85' lang='lat' dir='ltr'>sero</span> <span class='ocrx_word' id='word_1_289' title='bbox 465 3248 499 3299; x_wconf 85' lang='lat' dir='ltr'>st</span> <span class='ocrx_word' id='word_1_290' title='bbox 521 3236 599 3299; x_wconf 89' lang='lat' dir='ltr'>Sole</span> <span class='ocrx_word' id='word_1_291' title='bbox 624 3257 718 3318; x_wconf 87' lang='lat' dir='ltr'>supra</span> <span class='ocrx_word' id='word_1_292' title='bbox 740 3245 843 3299; x_wconf 86' lang='lat' dir='ltr'>terras</span> <span class='ocrx_word' id='word_1_293' title='bbox 864 3234 990 3316; x_wconf 86' lang='lat' dir='ltr'>posito,</span> <span class='ocrx_word' id='word_1_294' title='bbox 1014 3235 1095 3297; x_wconf 90' lang='lat' dir='ltr'>diem</span> <span class='ocrx_word' id='word_1_295' title='bbox 1119 3234 1320 3298; x_wconf 85' lang='lat' dir='ltr'>vocabimus:</span> <span class='ocrx_word' id='word_1_296' title='bbox 1346 3248 1377 3299; x_wconf 90' lang='lat' dir='ltr'>et</span> <span class='ocrx_word' id='word_1_297' title='bbox 1399 3236 1474 3299; x_wconf 90' lang='lat' dir='ltr'>Sole</span> <span class='ocrx_word' id='word_1_298' title='bbox 1497 3238 1556 3298; x_wconf 80' lang='lat' dir='ltr'>sub</span> <span class='ocrx_word' id='word_1_299' title='bbox 1576 3236 1672 3301; x_wconf 88' lang='lat' dir='ltr'>terris</span> 
     </span>
     <span class='ocr_line' id='line_1_30' title="bbox 357 3327 1672 3413; baseline -0.001 -20"><span class='ocrx_word' id='word_1_300' title='bbox 357 3330 488 3413; x_wconf 85' lang='lat' dir='ltr'>posito,</span> <span class='ocrx_word' id='word_1_301' title='bbox 524 3340 663 3392; x_wconf 86' lang='lat' dir='ltr'>noctem.</span> <span class='ocrx_word' id='word_1_302' title='bbox 721 3330 882 3392; x_wconf 84' lang='lat' dir='ltr'>Horarum</span> <span class='ocrx_word' id='word_1_303' title='bbox 904 3340 1006 3392; x_wconf 70' lang='lat' dir='ltr'>aretem</span> <span class='ocrx_word' id='word_1_304' title='bbox 1029 3327 1192 3393; x_wconf 87' lang='lat' dir='ltr'>duodecim</span> <span class='ocrx_word' id='word_1_305' title='bbox 1212 3329 1291 3392; x_wconf 89' lang='lat' dir='ltr'>haec</span> <span class='ocrx_word' id='word_1_306' title='bbox 1312 3350 1380 3393; x_wconf 85' lang='lat' dir='ltr'>esse</span> <span class='ocrx_word' id='word_1_307' title='bbox 1401 3328 1495 3413; x_wconf 84' lang='lat' dir='ltr'>origo</span> <span class='ocrx_word' id='word_1_308' title='bbox 1519 3350 1672 3393; x_wconf 88' lang='lat' dir='ltr'>memora-</span> 
     </span>
     <span class='ocr_line' id='line_1_31' title="bbox 358 3420 1714 3508; baseline 0.001 -21"><span class='ocrx_word' id='word_1_309' title='bbox 358 3436 426 3487; x_wconf 88' lang='lat' dir='ltr'>tur.</span> <span class='ocrx_word' id='word_1_310' title='bbox 481 3420 627 3501; x_wconf 84' lang='lat' dir='ltr'>Quodam</span> <span class='ocrx_word' id='word_1_311' title='bbox 648 3433 792 3503; x_wconf 89' lang='lat' dir='ltr'>tempore</span> <span class='ocrx_word' id='word_1_312' title='bbox 814 3422 950 3484; x_wconf 87' lang='lat' dir='ltr'>Hermes</span> <span class='ocrx_word' id='word_1_313' title='bbox 972 3422 1218 3507; x_wconf 82' lang='lat' dir='ltr'>Trissnegistus,</span> <span class='ocrx_word' id='word_1_314' title='bbox 1241 3444 1335 3508; x_wconf 89' lang='lat' dir='ltr'>quum</span> <span class='ocrx_word' id='word_1_315' title='bbox 1358 3435 1440 3486; x_wconf 87' lang='lat' dir='ltr'>esset</span> <span class='ocrx_word' id='word_1_316' title='bbox 1461 3421 1493 3485; x_wconf 92' lang='lat' dir='ltr'>in</span> <span class='ocrx_word' id='word_1_317' title='bbox 1518 3424 1670 3507; x_wconf 82' lang='lat' dir='ltr'>Aegypto</span> <span class='ocrx_word' id='word_1_318' title='bbox 1682 3453 1714 3503; x_wconf 70' lang='lat'>30</span> 
     </span>
     <span class='ocr_line' id='line_1_32' title="bbox 358 3513 1672 3601; baseline 0.002 -20"><span class='ocrx_word' id='word_1_319' title='bbox 358 3539 485 3581; x_wconf 81' lang='lat' dir='ltr'>sacrum</span> <span class='ocrx_word' id='word_1_320' title='bbox 507 3518 664 3597; x_wconf 78' lang='lat' dir='ltr'>quoddam</span> <span class='ocrx_word' id='word_1_321' title='bbox 685 3514 797 3578; x_wconf 89' lang='lat' dir='ltr'>animal</span> <span class='ocrx_word' id='word_1_322' title='bbox 819 3513 964 3599; x_wconf 88' lang='lat' dir='ltr'>Serapidi</span> <span class='ocrx_word' id='word_1_323' title='bbox 993 3514 1149 3592; x_wconf 82' lang='lat' dir='ltr'>dicatum,</span> <span class='ocrx_word' id='word_1_324' title='bbox 1182 3517 1270 3601; x_wconf 91' lang='lat' dir='ltr'>quod</span> <span class='ocrx_word' id='word_1_325' title='bbox 1290 3516 1321 3581; x_wconf 92' lang='lat' dir='ltr'>in</span> <span class='ocrx_word' id='word_1_326' title='bbox 1341 3528 1410 3581; x_wconf 91' lang='lat' dir='ltr'>toto</span> <span class='ocrx_word' id='word_1_327' title='bbox 1433 3514 1481 3579; x_wconf 91' lang='lat' dir='ltr'>die</span> <span class='ocrx_word' id='word_1_328' title='bbox 1503 3519 1672 3583; x_wconf 82' lang='lat' dir='ltr'>duodecies</span> 
     </span>
     <span class='ocr_line' id='line_1_33' title="bbox 359 3606 1673 3693; baseline 0.002 -20"><span class='ocrx_word' id='word_1_329' title='bbox 359 3610 484 3673; x_wconf 61' lang='lat' dir='ltr'>numm</span> <span class='ocrx_word' id='word_1_330' title='bbox 505 3606 648 3683; x_wconf 79' lang='lat' dir='ltr'>iecisset,</span> <span class='ocrx_word' id='word_1_331' title='bbox 670 3607 740 3690; x_wconf 89' lang='lat' dir='ltr'>pari</span> <span class='ocrx_word' id='word_1_332' title='bbox 767 3628 892 3689; x_wconf 83' lang='lat' dir='ltr'>semper</span> <span class='ocrx_word' id='word_1_333' title='bbox 917 3606 1105 3691; x_wconf 85' lang='lat' dir='ltr'>interposito</span> <span class='ocrx_word' id='word_1_334' title='bbox 1126 3619 1290 3692; x_wconf 81' lang='lat' dir='ltr'>tempore,</span> <span class='ocrx_word' id='word_1_335' title='bbox 1313 3630 1372 3693; x_wconf 89' lang='lat' dir='ltr'>per</span> <span class='ocrx_word' id='word_1_336' title='bbox 1393 3609 1554 3675; x_wconf 88' lang='lat' dir='ltr'>duodecim</span> <span class='ocrx_word' id='word_1_337' title='bbox 1577 3612 1673 3675; x_wconf 86' lang='lat' dir='ltr'>horas</span> 
     </span>
     <span class='ocr_line' id='line_1_34' title="bbox 359 3700 1673 3770; baseline 0.002 -3"><span class='ocrx_word' id='word_1_338' title='bbox 359 3704 442 3767; x_wconf 78' lang='lat' dir='ltr'>dien</span> <span class='ocrx_word' id='word_1_339' title='bbox 464 3703 639 3766; x_wconf 86' lang='lat' dir='ltr'>dimensum</span> <span class='ocrx_word' id='word_1_340' title='bbox 661 3722 733 3764; x_wconf 88' lang='lat' dir='ltr'>esse</span> <span class='ocrx_word' id='word_1_341' title='bbox 754 3700 910 3765; x_wconf 84' lang='lat' dir='ltr'>coniecit:</span> <span class='ocrx_word' id='word_1_342' title='bbox 945 3714 976 3765; x_wconf 86' lang='lat' dir='ltr'>et</span> <span class='ocrx_word' id='word_1_343' title='bbox 998 3703 1111 3766; x_wconf 84' lang='lat' dir='ltr'>exinde</span> <span class='ocrx_word' id='word_1_344' title='bbox 1143 3702 1195 3765; x_wconf 87' lang='lat' dir='ltr'>hic</span> <span class='ocrx_word' id='word_1_345' title='bbox 1219 3705 1369 3767; x_wconf 87' lang='lat' dir='ltr'>horarum</span> <span class='ocrx_word' id='word_1_346' title='bbox 1398 3725 1543 3769; x_wconf 90' lang='lat' dir='ltr'>numerus</span> <span class='ocrx_word' id='word_1_347' title='bbox 1565 3719 1673 3770; x_wconf 86' lang='lat' dir='ltr'>eusto-</span> 
     </span>
     <span class='ocr_line' id='line_1_35' title="bbox 358 3794 1669 3883; baseline 0.005 -24"><span class='ocrx_word' id='word_1_348' title='bbox 358 3797 458 3859; x_wconf 86' lang='lat' dir='ltr'>ditns.</span> <span class='ocrx_word' id='word_1_349' title='bbox 504 3794 625 3859; x_wconf 84' lang='lat' dir='ltr'>Deinde</span> <span class='ocrx_word' id='word_1_350' title='bbox 649 3794 701 3858; x_wconf 87' lang='lat' dir='ltr'>alii</span> <span class='ocrx_word' id='word_1_351' title='bbox 719 3794 825 3859; x_wconf 89' lang='lat' dir='ltr'>dicunt</span> <span class='ocrx_word' id='word_1_352' title='bbox 845 3816 887 3857; x_wconf 80' lang='lat' dir='ltr'>ex</span> <span class='ocrx_word' id='word_1_353' title='bbox 904 3797 1094 3877; x_wconf 74' lang='lat' dir='ltr'>quadratura</span> <span class='ocrx_word' id='word_1_354' title='bbox 1116 3796 1217 3873; x_wconf 86' lang='lat' dir='ltr'>caeli,</span> <span class='ocrx_word' id='word_1_355' title='bbox 1240 3819 1319 3883; x_wconf 85' lang='lat' dir='ltr'>qnae</span> <span class='ocrx_word' id='word_1_356' title='bbox 1334 3800 1503 3861; x_wconf 84' lang='lat' dir='ltr'>secundum</span> <span class='ocrx_word' id='word_1_357' title='bbox 1522 3797 1669 3865; x_wconf 74' lang='lat' dir='ltr'>mininam</span> 
     </span>
     <span class='ocr_line' id='line_1_36' title="bbox 359 3885 1714 3971; baseline 0.004 -19"><span class='ocrx_word' id='word_1_358' title='bbox 359 3889 515 3953; x_wconf 73' lang='lat' dir='ltr'>ratione·</span> <span class='ocrx_word' id='word_1_359' title='bbox 541 3885 574 3951; x_wconf 90' lang='lat' dir='ltr'>in</span> <span class='ocrx_word' id='word_1_360' title='bbox 601 3887 766 3952; x_wconf 86' lang='lat' dir='ltr'>duodecim</span> <span class='ocrx_word' id='word_1_361' title='bbox 787 3900 895 3971; x_wconf 89' lang='lat' dir='ltr'>partes</span> <span class='ocrx_word' id='word_1_362' title='bbox 916 3886 1030 3951; x_wconf 90' lang='lat' dir='ltr'>dicitur</span> <span class='ocrx_word' id='word_1_363' title='bbox 1051 3909 1120 3952; x_wconf 86' lang='lat' dir='ltr'>esse</span> <span class='ocrx_word' id='word_1_364' title='bbox 1143 3886 1262 3967; x_wconf 87' lang='lat' dir='ltr'>divisa,</span> <span class='ocrx_word' id='word_1_365' title='bbox 1296 3892 1390 3953; x_wconf 84' lang='lat' dir='ltr'>horas</span> <span class='ocrx_word' id='word_1_366' title='bbox 1417 3892 1581 3955; x_wconf 89' lang='lat' dir='ltr'>duodecim</span> <span class='ocrx_word' id='word_1_367' title='bbox 1603 3915 1714 3969; x_wconf 72' lang='lat' dir='ltr'>essens</span> 
     </span>
     <span class='ocr_line' id='line_1_37' title="bbox 358 3979 1673 4066; baseline 0.006 -21"><span class='ocrx_word' id='word_1_368' title='bbox 358 3980 549 4045; x_wconf 80' lang='lat' dir='ltr'>nominales.</span> <span class='ocrx_word' id='word_1_369' title='bbox 592 3981 719 4064; x_wconf 79' lang='lat' dir='ltr'>Aquam</span> <span class='ocrx_word' id='word_1_370' title='bbox 735 3979 815 4043; x_wconf 87' lang='lat' dir='ltr'>enim</span> <span class='ocrx_word' id='word_1_371' title='bbox 830 4002 888 4063; x_wconf 89' lang='lat' dir='ltr'>per</span> <span class='ocrx_word' id='word_1_372' title='bbox 906 3993 1007 4047; x_wconf 87' lang='lat' dir='ltr'>totum</span> <span class='ocrx_word' id='word_1_373' title='bbox 1026 3980 1106 4046; x_wconf 89' lang='lat' dir='ltr'>diem</span> <span class='ocrx_word' id='word_1_374' title='bbox 1127 3995 1324 4066; x_wconf 83' lang='lat' dir='ltr'>exceperunt</span> <span class='ocrx_word' id='word_1_375' title='bbox 1344 3983 1522 4047; x_wconf 84' lang='lat' dir='ltr'>tenuissima</span> <span class='ocrx_word' id='word_1_376' title='bbox 1537 4006 1673 4053; x_wconf 82' lang='lat' dir='ltr'>caverna</span> 
     </span>
     <span class='ocr_line' id='line_1_38' title="bbox 363 4072 1671 4159; baseline 0.006 -23"><span class='ocrx_word' id='word_1_377' title='bbox 363 4074 571 4149; x_wconf 80' lang='lat' dir='ltr'>defluentem,</span> <span class='ocrx_word' id='word_1_378' title='bbox 605 4085 638 4137; x_wconf 90' lang='lat' dir='ltr'>et</span> <span class='ocrx_word' id='word_1_379' title='bbox 671 4075 751 4136; x_wconf 86' lang='lat' dir='ltr'>hanc</span> <span class='ocrx_word' id='word_1_380' title='bbox 776 4073 912 4139; x_wconf 83' lang='lat' dir='ltr'>maiores</span> <span class='ocrx_word' id='word_1_381' title='bbox 940 4074 1042 4138; x_wconf 90' lang='lat' dir='ltr'>nostri</span> <span class='ocrx_word' id='word_1_382' title='bbox 1074 4073 1107 4138; x_wconf 92' lang='lat' dir='ltr'>in</span> <span class='ocrx_word' id='word_1_383' title='bbox 1137 4076 1300 4140; x_wconf 87' lang='lat' dir='ltr'>duodecim</span> <span class='ocrx_word' id='word_1_384' title='bbox 1335 4087 1442 4159; x_wconf 87' lang='lat' dir='ltr'>partes</span> <span class='ocrx_word' id='word_1_385' title='bbox 1476 4072 1671 4145; x_wconf 76' lang='lat' dir='ltr'>diviserunt:</span> 
     </span>
     <span class='ocr_line' id='line_1_39' title="bbox 363 4158 1675 4250; baseline 0.007 -21"><span class='ocrx_word' id='word_1_386' title='bbox 363 4166 476 4229; x_wconf 75' lang='lat' dir='ltr'>exuis</span> <span class='ocrx_word' id='word_1_387' title='bbox 496 4166 638 4249; x_wconf 83' lang='lat' dir='ltr'>partibus</span> <span class='ocrx_word' id='word_1_388' title='bbox 660 4164 750 4231; x_wconf 87' lang='lat' dir='ltr'>horis</span> <span class='ocrx_word' id='word_1_389' title='bbox 770 4188 933 4230; x_wconf 89' lang='lat' dir='ltr'>numerum</span> <span class='ocrx_word' id='word_1_390' title='bbox 955 4158 1186 4250; x_wconf 59' lang='lat' dir='ltr'>imposueruntss</span> <span class='ocrx_word' id='word_1_391' title='bbox 1246 4170 1310 4233; x_wconf 88' lang='lat' dir='ltr'>Sed</span> <span class='ocrx_word' id='word_1_392' title='bbox 1329 4169 1388 4233; x_wconf 88' lang='lat' dir='ltr'>iam</span> <span class='ocrx_word' id='word_1_393' title='bbox 1410 4181 1617 4249; x_wconf 78' lang='lat' dir='ltr'>tempsisset,</span> <span class='ocrx_word' id='word_1_394' title='bbox 1640 4186 1675 4238; x_wconf 88' lang='lat' dir='ltr'>ut</span> 
     </span>
     <span class='ocr_line' id='line_1_40' title="bbox 364 4258 1674 4348; baseline 0.011 -27"><span class='ocrx_word' id='word_1_395' title='bbox 364 4259 406 4321; x_wconf 87' lang='lat' dir='ltr'>sd</span> <span class='ocrx_word' id='word_1_396' title='bbox 424 4258 582 4323; x_wconf 82' lang='lat' dir='ltr'>rationein</span> <span class='ocrx_word' id='word_1_397' title='bbox 600 4258 752 4341; x_wconf 85' lang='lat' dir='ltr'>temporis</span> <span class='ocrx_word' id='word_1_398' title='bbox 770 4269 990 4324; x_wconf 77' lang='lat' dir='ltr'>revertemurz</span> <span class='ocrx_word' id='word_1_399' title='bbox 1012 4264 1100 4347; x_wconf 88' lang='lat' dir='ltr'>quod</span> <span class='ocrx_word' id='word_1_400' title='bbox 1121 4273 1261 4345; x_wconf 82' lang='lat' dir='ltr'>tempus,</span> <span class='ocrx_word' id='word_1_401' title='bbox 1284 4263 1317 4327; x_wconf 88' lang='lat' dir='ltr'>id</span> <span class='ocrx_word' id='word_1_402' title='bbox 1338 4273 1405 4340; x_wconf 85' lang='lat' dir='ltr'>est,</span> <span class='ocrx_word' id='word_1_403' title='bbox 1428 4263 1492 4324; x_wconf 87' lang='lat' dir='ltr'>hoc</span> <span class='ocrx_word' id='word_1_404' title='bbox 1511 4285 1576 4348; x_wconf 89' lang='lat' dir='ltr'>quo</span> <span class='ocrx_word' id='word_1_405' title='bbox 1591 4288 1674 4334; x_wconf 86' lang='lat' dir='ltr'>nune</span> 
     </span>
     <span class='ocr_line' id='line_1_41' title="bbox 365 4350 1716 4441; baseline 0.008 -24"><span class='ocrx_word' id='word_1_406' title='bbox 365 4350 503 4427; x_wconf 81' lang='lat' dir='ltr'>suisnnr,</span> <span class='ocrx_word' id='word_1_407' title='bbox 525 4350 660 4433; x_wconf 85' lang='lat' dir='ltr'>spatium</span> <span class='ocrx_word' id='word_1_408' title='bbox 679 4350 888 4434; x_wconf 84' lang='lat' dir='ltr'>accipiamus;</span> <span class='ocrx_word' id='word_1_409' title='bbox 920 4354 1008 4437; x_wconf 84' lang='lat' dir='ltr'>qnod</span> <span class='ocrx_word' id='word_1_410' title='bbox 1028 4366 1080 4417; x_wconf 87' lang='lat' dir='ltr'>aut</span> <span class='ocrx_word' id='word_1_411' title='bbox 1101 4354 1132 4417; x_wconf 88' lang='lat' dir='ltr'>in</span> <span class='ocrx_word' id='word_1_412' title='bbox 1155 4356 1259 4419; x_wconf 88' lang='lat' dir='ltr'>multis</span> <span class='ocrx_word' id='word_1_413' title='bbox 1278 4356 1363 4421; x_wconf 84' lang='lat' dir='ltr'>annis</span> <span class='ocrx_word' id='word_1_414' title='bbox 1382 4360 1423 4423; x_wconf 85' lang='lat' dir='ltr'>sit</span> <span class='ocrx_word' id='word_1_415' title='bbox 1444 4365 1497 4419; x_wconf 85' lang='lat' dir='ltr'>sut</span> <span class='ocrx_word' id='word_1_416' title='bbox 1514 4354 1545 4418; x_wconf 93' lang='lat' dir='ltr'>in</span> <span class='ocrx_word' id='word_1_417' title='bbox 1566 4380 1648 4427; x_wconf 86' lang='lat' dir='ltr'>anno</span> <span class='ocrx_word' id='word_1_418' title='bbox 1661 4408 1670 4439; x_wconf 91' lang='lat'>‚</span> <span class='ocrx_word' id='word_1_419' title='bbox 1683 4390 1716 4441; x_wconf 68' lang='lat' dir='ltr'>in</span> 
     </span>
    </p>
   </div>
   <div class='ocr_carea' id='block_1_5' title="bbox 364 4443 1675 4529">
    <p class='ocr_par' dir='ltr' id='par_1_6' title="bbox 364 4443 1675 4529">
     <span class='ocr_line' id='line_1_42' title="bbox 364 4443 1675 4529; baseline 0.013 -23"><span class='ocrx_word' id='word_1_420' title='bbox 364 4453 419 4507; x_wconf 86' lang='lat' dir='ltr'>ant</span> <span class='ocrx_word' id='word_1_421' title='bbox 439 4443 471 4507; x_wconf 90' lang='lat' dir='ltr'>in</span> <span class='ocrx_word' id='word_1_422' title='bbox 496 4445 654 4507; x_wconf 85' lang='lat' dir='ltr'>mensibus</span> <span class='ocrx_word' id='word_1_423' title='bbox 674 4456 727 4507; x_wconf 83' lang='lat' dir='ltr'>ant</span> <span class='ocrx_word' id='word_1_424' title='bbox 750 4445 781 4507; x_wconf 90' lang='lat' dir='ltr'>in</span> <span class='ocrx_word' id='word_1_425' title='bbox 801 4466 925 4521; x_wconf 84' lang='lat' dir='ltr'>rnense,</span> <span class='ocrx_word' id='word_1_426' title='bbox 959 4458 1013 4509; x_wconf 85' lang='lat' dir='ltr'>aut</span> <span class='ocrx_word' id='word_1_427' title='bbox 1040 4448 1072 4510; x_wconf 88' lang='lat' dir='ltr'>in</span> <span class='ocrx_word' id='word_1_428' title='bbox 1094 4446 1203 4511; x_wconf 86' lang='lat' dir='ltr'>diebus</span> <span class='ocrx_word' id='word_1_429' title='bbox 1224 4451 1278 4514; x_wconf 88' lang='lat' dir='ltr'>vel</span> <span class='ocrx_word' id='word_1_430' title='bbox 1299 4452 1366 4529; x_wconf 86' lang='lat' dir='ltr'>die,</span> <span class='ocrx_word' id='word_1_431' title='bbox 1397 4466 1451 4516; x_wconf 89' lang='lat' dir='ltr'>aut</span> <span class='ocrx_word' id='word_1_432' title='bbox 1475 4452 1506 4518; x_wconf 93' lang='lat' dir='ltr'>in</span> <span class='ocrx_word' id='word_1_433' title='bbox 1527 4456 1675 4523; x_wconf 87' lang='lat' dir='ltr'>noctibus</span> 
     </span>
    </p>
   </div>
   <div class='ocr_carea' id='block_1_6' title="bbox 436 4653 1674 4959">
    <p class='ocr_par' dir='ltr' id='par_1_7' title="bbox 436 4653 1495 4726">
     <span class='ocr_line' id='line_1_43' title="bbox 436 4653 1495 4726; baseline 0.014 -21"><span class='ocrx_word' id='word_1_434' title='bbox 436 4661 486 4713; x_wconf 79' lang='lat'>10.</span> <span class='ocrx_word' id='word_1_435' title='bbox 503 4658 564 4706; x_wconf 75' lang='lat' dir='ltr'>sive</span> <span class='ocrx_word' id='word_1_436' title='bbox 579 4664 645 4726; x_wconf 78' lang='lat' dir='ltr'>pose</span> <span class='ocrx_word' id='word_1_437' title='bbox 662 4653 805 4723; x_wconf 66' lang='lat' dir='ltr'>andnim]</span> <span class='ocrx_word' id='word_1_438' title='bbox 844 4654 960 4710; x_wconf 80' lang='lat' dir='ltr'>Praebet</span> <span class='ocrx_word' id='word_1_439' title='bbox 979 4656 1049 4710; x_wconf 84' lang='lat' dir='ltr'>hsce</span> <span class='ocrx_word' id='word_1_440' title='bbox 1067 4656 1118 4713; x_wconf 84' lang='lat' dir='ltr'>ed.</span> <span class='ocrx_word' id='word_1_441' title='bbox 1138 4661 1199 4713; x_wconf 81' lang='lat' dir='ltr'>Bas.</span> <span class='ocrx_word' id='word_1_442' title='bbox 1218 4688 1257 4704; x_wconf 89' lang='lat'>-</span> <span class='ocrx_word' id='word_1_443' title='bbox 1275 4678 1332 4715; x_wconf 83' lang='lat' dir='ltr'>nnn.</span> <span class='ocrx_word' id='word_1_444' title='bbox 1351 4658 1421 4719; x_wconf 71' lang='lat' dir='ltr'>Edi.</span> <span class='ocrx_word' id='word_1_445' title='bbox 1440 4662 1495 4721; x_wconf 77' lang='lat' dir='ltr'>Os.</span> 
     </span>
    </p>

    <p class='ocr_par' dir='ltr' id='par_1_8' title="bbox 436 4728 1383 4803">
     <span class='ocr_line' id='line_1_44' title="bbox 436 4728 1383 4803; baseline 0.012 -23"><span class='ocrx_word' id='word_1_446' title='bbox 436 4734 484 4791; x_wconf 73' lang='lat'>51.</span> <span class='ocrx_word' id='word_1_447' title='bbox 503 4728 633 4801; x_wconf 75' lang='lat' dir='ltr'>Serapidi</span> <span class='ocrx_word' id='word_1_448' title='bbox 650 4728 786 4798; x_wconf 62' lang='lat' dir='ltr'>dicatum</span> <span class='ocrx_word' id='word_1_449' title='bbox 805 4732 870 4785; x_wconf 71' lang='lat' dir='ltr'>Aee.</span> <span class='ocrx_word' id='word_1_450' title='bbox 891 4756 927 4771; x_wconf 87' lang='lat'>··</span> <span class='ocrx_word' id='word_1_451' title='bbox 947 4732 1046 4803; x_wconf 76' lang='lat' dir='ltr'>Serapi</span> <span class='ocrx_word' id='word_1_452' title='bbox 1064 4732 1219 4787; x_wconf 59' lang='lat' dir='ltr'>&amp;ducem</span> <span class='ocrx_word' id='word_1_453' title='bbox 1239 4738 1310 4791; x_wconf 78' lang='lat' dir='ltr'>Ceti.</span> <span class='ocrx_word' id='word_1_454' title='bbox 1330 4735 1383 4791; x_wconf 74' lang='lat' dir='ltr'>On.</span> 
     </span>
    </p>

    <p class='ocr_par' dir='ltr' id='par_1_9' title="bbox 436 4801 1417 4884">
     <span class='ocr_line' id='line_1_45' title="bbox 436 4801 1417 4884; baseline 0.011 -30"><span class='ocrx_word' id='word_1_455' title='bbox 436 4806 485 4863; x_wconf 72' lang='lat'>55.</span> <span class='ocrx_word' id='word_1_456' title='bbox 503 4803 666 4871; x_wconf 80' lang='lat' dir='ltr'>dimensum]</span> <span class='ocrx_word' id='word_1_457' title='bbox 687 4801 740 4859; x_wconf 80' lang='lat' dir='ltr'>ccl.</span> <span class='ocrx_word' id='word_1_458' title='bbox 755 4806 817 4861; x_wconf 83' lang='lat' dir='ltr'>Bes.</span> <span class='ocrx_word' id='word_1_459' title='bbox 835 4807 901 4861; x_wconf 73' lang='lat' dir='ltr'>Aee.</span> <span class='ocrx_word' id='word_1_460' title='bbox 920 4805 960 4860; x_wconf 75' lang='lat'>81.</span> <span class='ocrx_word' id='word_1_461' title='bbox 980 4806 1042 4861; x_wconf 80' lang='lat' dir='ltr'>nid.</span> <span class='ocrx_word' id='word_1_462' title='bbox 1061 4836 1100 4849; x_wconf 97' lang='lat'><em>-</em></span> <span class='ocrx_word' id='word_1_463' title='bbox 1117 4807 1239 4861; x_wconf 81' lang='lat' dir='ltr'>divisum</span> <span class='ocrx_word' id='word_1_464' title='bbox 1259 4812 1344 4884; x_wconf 86' lang='lat' dir='ltr'>Cspp.</span> <span class='ocrx_word' id='word_1_465' title='bbox 1365 4810 1417 4865; x_wconf 89' lang='lat' dir='ltr'>Os.</span> 
     </span>
    </p>

    <p class='ocr_par' dir='ltr' id='par_1_10' title="bbox 437 4880 1674 4959">
     <span class='ocr_line' id='line_1_46' title="bbox 437 4880 1674 4959; baseline 0.014 -30"><span class='ocrx_word' id='word_1_466' title='bbox 437 4882 486 4939; x_wconf 73' lang='grc'>56.</span> <span class='ocrx_word' id='word_1_467' title='bbox 506 4884 668 4942; x_wconf 73' lang='lat' dir='ltr'>temrissima</span> <span class='ocrx_word' id='word_1_468' title='bbox 685 4881 820 4948; x_wconf 78' lang='lat' dir='ltr'>caverna]</span> <span class='ocrx_word' id='word_1_469' title='bbox 858 4880 902 4933; x_wconf 73' lang='lat' dir='ltr'>An</span> <span class='ocrx_word' id='word_1_470' title='bbox 929 4886 1021 4955; x_wconf 84' lang='lat' dir='ltr'>potins</span> <span class='ocrx_word' id='word_1_471' title='bbox 1040 4880 1184 4956; x_wconf 72' lang='lat' dir='ltr'>legendnm</span> <span class='ocrx_word' id='word_1_472' title='bbox 1206 4892 1366 4938; x_wconf 81' lang='lat' dir='ltr'>tenuissime</span> <span class='ocrx_word' id='word_1_473' title='bbox 1391 4904 1530 4955; x_wconf 78' lang='lat' dir='ltr'>caverna,</span> <span class='ocrx_word' id='word_1_474' title='bbox 1562 4890 1589 4944; x_wconf 89' lang='lat' dir='ltr'>ld</span> <span class='ocrx_word' id='word_1_475' title='bbox 1614 4908 1674 4959; x_wconf 79' lang='lat' dir='ltr'>ess,</span> 
     </span>
    </p>
   </div>
   <div class='ocr_carea' id='block_1_7' title="bbox 362 4950 1694 5183">
    <p class='ocr_par' dir='ltr' id='par_1_11' title="bbox 362 4950 1694 5183">
     <span class='ocr_line' id='line_1_47' title="bbox 362 4950 1675 5041; baseline 0.01 -35"><span class='ocrx_word' id='word_1_476' title='bbox 362 4950 522 5009; x_wconf 64' lang='lat' dir='ltr'>humine?</span> <span class='ocrx_word' id='word_1_477' title='bbox 542 4954 614 5008; x_wconf 82' lang='lat' dir='ltr'>Nssn</span> <span class='ocrx_word' id='word_1_478' title='bbox 631 4954 742 5009; x_wconf 80' lang='lat' dir='ltr'>Veteres</span> <span class='ocrx_word' id='word_1_479' title='bbox 758 4954 891 5009; x_wconf 84' lang='lat' dir='ltr'>Glossse:</span> <span class='ocrx_word' id='word_1_480' title='bbox 910 4973 1078 5022; x_wconf 64' lang='lat' dir='ltr'>avernum,</span> <span class='ocrx_word' id='word_1_481' title='bbox 1097 4978 1259 5036; x_wconf 72' lang='grc' dir='ltr'>τρυηημα,</span> <span class='ocrx_word' id='word_1_482' title='bbox 1278 4962 1362 5015; x_wconf 84' lang='lat' dir='ltr'>alise:</span> <span class='ocrx_word' id='word_1_483' title='bbox 1389 4962 1506 5041; x_wconf 72' lang='grc' dir='ltr'><em>τρώγλη</em></span> <span class='ocrx_word' id='word_1_484' title='bbox 1517 4962 1675 5035; x_wconf 79' lang='lat' dir='ltr'>foramen,</span> 
     </span>
     <span class='ocr_line' id='line_1_48' title="bbox 362 5029 1674 5107; baseline 0.011 -26"><span class='ocrx_word' id='word_1_485' title='bbox 362 5046 524 5083; x_wconf 71' lang='lat' dir='ltr'>avernum.</span> <span class='ocrx_word' id='word_1_486' title='bbox 561 5030 597 5084; x_wconf 80' lang='lat' dir='ltr'>Et</span> <span class='ocrx_word' id='word_1_487' title='bbox 615 5043 681 5083; x_wconf 83' lang='lat' dir='ltr'>sans</span> <span class='ocrx_word' id='word_1_488' title='bbox 700 5030 748 5083; x_wconf 84' lang='lat' dir='ltr'>hle</span> <span class='ocrx_word' id='word_1_489' title='bbox 771 5035 862 5102; x_wconf 69' lang='lat' dir='ltr'>agitur</span> <span class='ocrx_word' id='word_1_490' title='bbox 879 5029 912 5083; x_wconf 81' lang='lat' dir='ltr'>ds</span> <span class='ocrx_word' id='word_1_491' title='bbox 932 5030 1098 5107; x_wconf 77' lang='lat' dir='ltr'>clepsydris,</span> <span class='ocrx_word' id='word_1_492' title='bbox 1125 5048 1192 5105; x_wconf 84' lang='lat' dir='ltr'>qnae</span> <span class='ocrx_word' id='word_1_493' title='bbox 1211 5033 1245 5089; x_wconf 89' lang='lat' dir='ltr'>sd</span> <span class='ocrx_word' id='word_1_494' title='bbox 1265 5036 1395 5091; x_wconf 82' lang='lat' dir='ltr'>horarum</span> <span class='ocrx_word' id='word_1_495' title='bbox 1415 5035 1622 5101; x_wconf 76' lang='lat' dir='ltr'>distinctionem</span> <span class='ocrx_word' id='word_1_496' title='bbox 1641 5062 1674 5095; x_wconf 88' lang='lat' dir='ltr'>es</span> 
     </span>
     <span class='ocr_line' id='line_1_49' title="bbox 364 5100 1694 5183; baseline 0.005 -25"><span class='ocrx_word' id='word_1_497' title='bbox 364 5108 529 5159; x_wconf 69' lang='lat' dir='ltr'>unsiuinso</span> <span class='ocrx_word' id='word_1_498' title='bbox 548 5100 684 5168; x_wconf 79' lang='lat' dir='ltr'>lsrsnalns</span> <span class='ocrx_word' id='word_1_499' title='bbox 704 5120 803 5179; x_wconf 81' lang='lat' dir='ltr'>sqnsns</span> <span class='ocrx_word' id='word_1_500' title='bbox 822 5104 996 5162; x_wconf 73' lang='lat' dir='ltr'>emittebant.</span> <span class='ocrx_word' id='word_1_501' title='bbox 1016 5110 1098 5163; x_wconf 77' lang='lat' dir='ltr'>Cass.</span> <span class='ocrx_word' id='word_1_502' title='bbox 1620 5168 1625 5183; x_wconf 38' lang='lat'>⁸</span> <span class='ocrx_word' id='word_1_503' title='bbox 1687 5114 1694 5155; x_wconf 77' lang='lat' dir='ltr'>t</span> 
     </span>
    </p>
   </div>
   <div class='ocr_carea' id='block_1_8' title="bbox 0 0 2222 5956">
    <p class='ocr_par' dir='ltr' id='par_1_12' title="bbox 0 0 2222 5956">
     <span class='ocr_line' id='line_1_50' title="bbox 0 0 2222 5956; baseline 0 0"><span class='ocrx_word' id='word_1_504' title='bbox 0 0 2222 5956; x_wconf 95' lang='lat' dir='ltr'> </span> 
     </span>
    </p>
   </div>
  </div>
 </body>
</html>
