4434 5959
918 622 1010 687 utu.
1034 622 1064 687 1.
1587 623 1648 690 tet

242 802 245 839 ,
329 780 459 845 semper
481 760 514 825 ln
546 760 618 845 lpso
647 772 708 827 est.
765 762 810 829 tn
830 764 911 827 enlm
937 762 1077 827 delinitio
1104 762 1156 839 id,
1189 766 1279 849 qnod
1295 762 1336 827 ln
1363 762 1489 828 nomlns
1506 762 1651 828 lnrolnte
1685 821 1691 831 .

329 857 533 931 declaratur,
558 857 687 937 expedit
708 866 803 939 atque
829 856 997 920 diffundit:
1024 856 1068 920 ita
1091 857 1183 921 etiarn
1208 877 1323 921 nornen
1345 855 1396 933 id,
1423 858 1512 940 quod
1533 877 1549 919 s
1572 856 1652 919 ded·

242 996 246 1031 ζ
330 948 452 1012 uitione
468 950 597 1013 evolute
618 948 744 1024 dicitnr,
767 948 910 1014 involute
927 950 1125 1036 confuseque
1145 951 1303 1037 designat.
1348 951 1446 1031 Quod
1464 949 1491 1014 si
1508 949 1650 1017 delinitio

242 1092 246 1123 ι
330 1042 363 1106 in
386 1042 459 1124 ipso
481 1055 551 1118 est,
584 1064 698 1105 nomen
720 1066 850 1129 qumque
877 1043 1001 1127 inipso
1027 1065 1117 1120 esse,
1151 1048 1275 1129 dequo
1294 1045 1418 1129 agitur,
1455 1064 1519 1107 non
1542 1052 1653 1125 potest

330 1136 484 1199 dubitari.
513 1136 566 1199 Ex
583 1136 747 1200 notatione
765 1150 867 1201 autem
883 1139 972 1203 locus
991 1152 1122 1203 vocatus
1138 1150 1209 1214 est,
1233 1138 1305 1224 quia
1320 1159 1433 1201 nomen
1446 1158 1569 1201 omnem
1584 1139 1676 1200 remi

330 1242 423 1293 notat
447 1244 541 1311 atque
562 1229 731 1313 signillcat.
787 1234 915 1297 Vindex
937 1232 1122 1316 igiturest,
1147 1234 1201 1316 qui
1222 1232 1351 1296 alterius
1373 1252 1498 1295 causam
1520 1230 1653 1313 srtsdpit

242 1370 245 1405 ,
330 1323 571 1398 vindicandam,
608 1324 705 1388 veluti
735 1348 815 1409 qrros
844 1348 927 1390 utine
961 1340 1192 1409 procuratores
1220 1323 1386 1390 vo'carnus.
1444 1326 1518 1388 Lex
1551 1323 1653 1409 igitur

329 1416 425 1481 Aelia
449 1416 553 1480 Sentis
577 1418 702 1481 assiduo
727 1420 878 1483 vindicem
902 1418 1057 1483 assiduum
1081 1442 1149 1484 esse
1171 1419 1272 1482 iubet.
1316 1418 1508 1499 Quaeritur,
1531 1428 1650 1493 ιιιιιιιιι,

330 1533 430 1595 quum
453 1510 504 1573 lex
529 1510 620 1574 Aelia
644 1511 748 1574 Sentia
774 1513 927 1577 vindicem
953 1512 1027 1577 velit
1049 1534 1119 1576 esse
1141 1512 1267 1576 assiduo
1290 1512 1468 1588 assiduum,
1506 1510 1652 1593 locuple·

330 1616 396 1667 tem
435 1604 512 1667 velit
541 1604 704 1687 locupleti.
763 1608 827 1669 ch
856 1605 954 1689 igitur
983 1605 1142 1669 subiectus
1179 1606 1303 1689 quidem
1337 1606 1488 1668 terminus
1517 1616 1566 1669 est
1591 1606 1695 1668 texte

242 1749 248 1785 ἶ
329 1698 434 1762 Aelio
462 1698 581 1762 Sentio
611 1698 776 1763 vindicem
806 1703 919 1763 uolens
946 1698 1088 1762 oesiduo
1113 1699 1311 1774 meiduum,
1345 1698 1544 1780 praedicatus
1572 1718 1652 1762 vero

242 1872 244 1877 Ι
327 1793 533 1873 locupletem
554 1794 727 1873 locupleti.
773 1795 864 1875 lpsoa
885 1792 985 1876 igitur
1005 1789 1160 1855 terminos
1175 1813 1238 1856 non
1262 1798 1380 1873 po'tero
1395 1793 1436 1855 ad
1449 1792 1540 1855 fidem
1555 1812 1654 1876 quae·

329 1884 445 1948 stionis
467 1886 644 1947 adducere:
667 1888 706 1947 de
731 1886 810 1967 ipsis
831 1886 931 1962 enirn,
956 1886 995 1948 de
1015 1884 1131 1969 quilurs
1150 1886 1341 1971 ambigitur,
1366 1884 1450 1950 nrrlla
1472 1885 1556 1949 ellici
1574 1886 1653 1949 fides

242 2040 246 2069 ι
327 1989 454 2063 potest.
508 1978 637 2056 eraero
666 1976 780 2062 igitur,
815 1980 892 2064 quid
924 1978 955 2041 in
982 1976 1124 2061 ipsorum
1154 1980 1256 2044 altero
1279 1980 1343 2053 eit3
1380 2000 1418 2042 ac
1440 1979 1535 2044 rideo
1557 2000 1652 2042 unum

331 2092 446 2135 eorum
468 2070 635 2133 terminum
660 2094 731 2135 esse
760 2073 864 2157 legem
894 2072 1019 2137 Aeliam
1050 2072 1208 2148 Sentium,
1241 2094 1323 2158 quae
1346 2072 1502 2136 assiduum
1525 2071 1695 2135 assiduoll

329 2166 488 2229 vindicem
510 2187 579 2230 esse
598 2171 766 2245 decernat,
803 2170 924 2241 idest,
958 2166 1144 2233 subiectum.
1193 2168 1298 2233 Huius
1321 2166 1475 2232 orationis
1497 2166 1655 2248 interpre-

329 2272 387 2325 tor
416 2271 557 2343 partem,
596 2282 678 2347 quae
707 2274 756 2326 cst
794 2262 970 2327 occiduae.
1021 2260 1108 2340 Quid
1136 2260 1219 2323 enim
1246 2273 1295 2325 est
1319 2260 1462 2324 assiduus
1484 2260 1569 2323 alind
1594 2260 1655 2325 niel

330 2375 433 2417 essem
457 2354 557 2420 dans?
589 2364 689 2419 essem
714 2378 791 2420 vero
811 2360 886 2419 dare
908 2355 966 2418 nisi
988 2354 1133 2435 locuples
1154 2374 1218 2416 non
1242 2365 1368 2436 potest:
1392 2355 1535 2417 assiduus
1556 2355 1656 2439 igitur

329 2446 479 2529 locuples
502 2461 563 2513 est.
608 2451 713 2529 Quruu
736 2450 908 2534 igitur-lex
925 2448 1017 2513 Aelia
1040 2447 1148 2511 Sentio
1169 2446 1296 2517 assiduo
1320 2446 1475 2511 uindicem
1497 2448 1654 2512 assiduum

329 2558 403 2603 esse
426 2541 615 2619 constituat,
650 2543 842 2626 locupletem
864 2542 951 2607 iubet
973 2540 1149 2622 loeupleti;
1185 2541 1331 2603 assiduus
1352 2543 1471 2625 quippe
1492 2553 1541 2605 eet
1561 2542 1696 2605 loen-ee

242 2696 246 2715 Ρ
329 2633 406 2715 ples
427 2640 448 2694 ι·
468 2636 572 2699 dando
595 2655 668 2701 aere
692 2637 883 2701 nominatus.
929 2638 1165 2719 Argumentum
1187 2634 1286 2719 igitur
1307 2636 1370 2699 hoc
1391 2646 1525 2698 tractum
1548 2645 1596 2698 est
1611 2654 1654 2695 ex

242 2716 247 2819 J
328 2727 472 2801 coloro,
496 2726 549 2811 quel
562 2741 609 2791 est
621 2729 651 2792 in
664 2731 752 2812 ipso,
775 2731 878 2805 idest,
903 2750 919 2793 a
938 2726 1073 2793 nominis
1089 2727 1365 2810 interpretatione.
1388 2730 1514 2793 Nomen
1529 2726 1610 2789 enim
1621 2724 1654 2789 in

329 2820 406 2901 ipso
429 2819 486 2883 illo
507 2832 572 2897 est,
597 2822 687 2885 errius
709 2845 823 2887 nomen
846 2837 916 2897 eet3
939 2820 1029 2883 cuius
1051 2820 1273 2903 interpretatio
1295 2819 1419 2886 notatio
1441 2833 1653 2902 nuncupatur.

242 2978 244 3005 Ι
329 2914 399 2976 Sed
421 2914 461 2973 ab
485 2912 577 2977 huius
600 2915 860 2997 interpretatione
881 2915 1000 2979 lactum
1024 2924 1073 2977 est
1094 2927 1327 2998 argumentum.
1379 2915 1483 2998 Igitur
1512 2914 1576 2977 hoc
1601 2934 1654 2975 ee·

242 3082 244 3095 y
330 3018 518 3089 gementum
541 3030 582 3071 ex
604 3030 644 3073 eo
668 3012 740 3073 loco
756 3024 823 3084 est,
848 3009 901 3095 qui
916 3019 964 3073 est
978 3008 1008 3071 in
1024 3007 1119 3089 ipso,
1142 3009 1251 3083 idest,
1272 3030 1289 3070 a
1307 3007 1450 3083 nomine,
1474 3017 1506 3070 et
1525 3026 1652 3081 eorum,
1664 3007 1697 3061 tl

242 3100 244 3175 j
329 3098 440 3183 quiin
463 3100 649 3182 ipsoeunt,
673 3106 896 3179 annotatione,
920 3102 1047 3177 idest,
1072 3124 1088 3165 ι
1112 3103 1244 3166 nominis
1260 3100 1534 3183 interpretatione.
1579 3100 1655 3191 Ma·

242 3178 246 3201 ’
329 3190 417 3255 airus
440 3194 622 3273 propositio
644 3208 712 3259 est:
737 3196 1036 3279 interpretationem
1054 3197 1188 3259 nominis
1202 3195 1284 3259 idem
1300 3196 1408 3258 valere
1423 3198 1510 3279 qrsod
1524 3215 1654 3258 nomen.

242 3358 244 3383 .
332 3287 401 3349 Sed
423 3288 532 3369 paullo
554 3288 717 3355 conlusius
741 3311 757 3353 a
781 3289 940 3355 Cicerone
969 3289 1051 3352 dieta
1073 3292 1310 3373 argumentatio
1325 3288 1493 3352 maximum
1515 3297 1657 3369 praestat

332 3400 495 3444 errorent.
538 3381 586 3444 lta
608 3383 689 3446 enim
713 3382 774 3447 dici
798 3382 960 3466 oportuit:
991 3382 1255 3455 desideriunt,
1278 3382 1338 3468 poi
1356 3402 1471 3445 oseem
1495 3381 1576 3454 dot,-
1596 3379 1657 3466 qui

242 3542 246 3561 ‚
331 3496 416 3537 nero
443 3494 556 3539 assem
581 3476 661 3552 dot,
695 3478 845 3561 locuples
869 3488 943 3541 eata
977 3474 1140 3539 occiduus
1161 3474 1273 3558 igitur·
1293 3477 1444 3557 locuples
1469 3486 1534 3539 est.
1578 3472 1700 3539 texet

242 3640 244 3667 D
330 3579 452 3631 oedem
483 3568 584 3632 Aelio
611 3570 730 3635 Sentio
755 3570 935 3635 assiduum
959 3568 1103 3632 assiduo
1130 3590 1204 3633 esse
1226 3569 1393 3632 uindicem
1415 3569 1534 3633 iubete
1562 3571 1657 3633 toen-

326 3665 457 3747 pletern
490 3662 602 3745 igitrsr
628 3664 790 3747 locupleti
822 3664 988 3728 uindicem
1019 3684 1093 3726 eene
1123 3662 1364 3745 praescripsit.
1422 3661 1521 3741 Quod
1549 3661 1577 3725 si
1612 3662 1657 3725 ite

242 3754 244 3759 ’
331 3756 452 3819 dictum
485 3768 588 3833 esset,
623 3759 764 3839 apertior
796 3754 1027 3843 argumentatio
1058 3756 1184 3819 luisset.
1242 3759 1336 3819 Nunc
1367 3774 1448 3818 vero
1477 3755 1519 3819 ita
1550 3754 1657 3819 ‹lixitr

331 3852 450 3933 Quom
472 3850 533 3911 lese
554 3850 657 3915 Aelio
684 3852 803 3916 Sentio
831 3850 975 3916 oseiduo
1000 3848 1164 3913 uindicem
1196 3850 1378 3913 occiduunt
1409 3869 1485 3912 esse
1517 3849 1655 3922 odeat,

331 3944 535 4025 locrepletem
554 3942 646 4007 iubet
667 3945 827 4029 locupleti
833 3968 845 4018 ,·
878 3956 910 4010 et
928 3955 1032 4009 cetera
1055 3944 1235 4021 subiunxit,
1267 3958 1301 4009 ut
1323 3946 1547 4009 ostenderetur
1567 3939 1702 4003 locu-³³

331 4034 402 4117 ples
425 4056 493 4098 esee
522 4037 679 4100 assiduus.
735 4039 810 4102 Hoc
839 4050 942 4103 arete·
973 4040 1154 4102 tantundem
1192 4041 1293 4116 ualet,
1332 4040 1420 4124 quod
1447 4034 1511 4109 ait,
1547 4036 1659 4115 legent

333 4125 476 4191 Aeliam
497 4130 668 4206 Sentium,
706 4132 850 4196 octiduo
879 4132 1058 4195 oeeiduum
1078 4132 1244 4197 uindicem
1275 4152 1380 4217 quom
1405 4129 1537 4193 iuberet
1559 4148 1657 4205 esse,

332 4224 538 4305 locupletent
554 4226 716 4308 locupleti
733 4248 808 4291 esee
828 4225 1065 4309 proecepisee,
1089 4238 1247 4309 tamquam
1268 4225 1296 4289 si
1317 4226 1455 4296 diceret,
1478 4220 1549 4305 Qui
1569 4219 1661 4283 osai·

334 4316 429 4380 dures
452 4328 521 4396 est,
542 4319 694 4401 locuples
719 4330 783 4384 est.
828 4318 899 4383 Nisi
922 4320 1003 4383 euim
1026 4318 1073 4395 is,
1095 4319 1150 4404 quui
1173 4318 1315 4383 assiduus
1336 4330 1403 4395 est,
1431 4312 1578 4397 locuples
1594 4312 1657 4390 alt,

335 4430 400 4472 oon
423 4411 651 4496 consequitur,
689 4424 741 4491 ut,
776 4434 871 4499 quum
900 4413 951 4477 len
974 4413 1066 4477 Aelia
1089 4412 1196 4479 Sentio
1224 4412 1384 4477 assiduum
1405 4409 1533 4475 assiduo
1556 4404 1702 4472 vindi-tt

333 4520 403 4566 cem
428 4523 497 4567 esse
520 4504 665 4583 iusserit,
690 4506 881 4590 locupletem
903 4506 1029 4572 iusserit
1052 4506 1215 4589 locupleti.
1257 4507 1304 4571 Et
1324 4503 1503 4590 argumenti
1525 4502 1660 4568 conclu·

333 4596 458 4661 sionem
480 4598 622 4680 priorem
646 4600 771 4681 posuit,
811 4600 945 4665 subiecit
967 4622 1048 4665 vero
1070 4600 1312 4683 probationem.
1371 4596 1549 4667 Conclusio
1569 4618 1659 4661 uaso·

332 4709 397 4773 que
420 4701 488 4753 ests
530 4694 646 4775 ριιιιιιι
665 4695 726 4757 leae
752 4694 853 4763 Aelio
878 4694 997 4760 Sentio
1020 4694 1202 4759 assiduum
1218 4695 1361 4759 αιιὶιὶιιο
1385 4694 1553 4759 uindicem
1567 4690 1660 4757 ⁴uelit

334 4803 429 4857 esse,
459 4785 660 4868 locupletem
674 4785 767 4850 iubet
785 4788 962 4870 locupletia
982 4798 1075 4873 atque
1097 4790 1179 4853 hanc
1199 4789 1376 4872 praemisit.
1407 4786 1564 4854 Probstio
1580 4804 1659 4849 vero

337 4884 412 4941 esta
435 4878 618 4943 msidnum
639 4898 713 4943 eaae
734 4882 935 4965 locupletem
955 4882 999 4947 ab
1019 4902 1099 4946 aere
1121 4882 1238 4949 doado
1259 4882 1494 4957 nominatum,-
1525 4890 1558 4945 et
1577 4880 1702 4947 hames

408 5102 435 5156 8.
456 5096 566 5165 Sentio]
587 5098 664 5154 ΕΙιιι.
685 5124 722 5143 ··
741 5100 857 5151 Sanctta
880 5096 947 5151 lldd.
968 5098 1079 5178 ulthut.
1130 5100 1393 5179 enumeratum]
1415 5100 1493 5159 Bitu,
1511 5126 1548 5145 ··
1564 5116 1585 5157 e
1602 5114 1661 5157 no·

335 5176 442 5227 tattone
462 5172 532 5229 ttsn.
551 5174 629 5233 ltus.
650 5204 687 5221 -
705 5179 851 5230 notatione
872 5175 959 5235 l’ertt·
1249 5210 1253 5219 ·
1420 5190 1425 5196 ’
