4434 5959
552 595 616 662 aas
997 587 1416 682 ammusmcrou

552 737 612 802 dac
633 733 681 801 rei
712 751 805 801 causa
831 737 871 799 ad
892 730 1121 799 similitudinem
1150 731 1369 798 conferuntur.
1420 733 1475 800 At
1500 729 1657 819 imagines
1685 746 1733 800 est
1754 745 1856 802 sutem

552 829 676 915 imago,
714 851 809 914 quum
831 828 890 912 ipsi
912 827 1029 913 aliquid
1049 825 1149 890 simile
1171 826 1365 912 effingimus,
1388 828 1529 912 quamvis
1552 851 1614 892 nuo
1636 827 1676 892 sit
1697 827 1729 893 ia
1751 851 1856 894 serum

549 936 679 998 aalma,
712 937 748 987 ut
779 925 911 986 Marcus
933 920 1057 984 Tullius
1084 919 1116 984 io
1148 920 1304 983 Verrems
1341 941 1423 984 nam
1446 921 1535 986 siaiu
1564 925 1698 1009 Scylla,
1736 923 1854 1011 inquit,

550 1017 628 1100 ipsa
647 1016 842 1099 accipimus.
886 1014 918 1079 Α
936 1015 1030 1079 simili
1053 1013 1085 1076 io
1102 1013 1226 1078 linitiva
1252 1023 1353 1090 statu,
1378 1035 1441 1078 noo
1460 1015 1552 1078 aliter
1578 1037 1670 1100 quiam
1693 1017 1724 1080 iu
1749 1019 1858 1082 coaic-

523 1109 686 1185 tcturali‚
709 1111 748 1170 ab
763 1108 932 1189 exemplo,
955 1128 974 1170 a
994 1107 1169 1187 parabola:
1193 1116 1231 1169 ut
1252 1106 1284 1170 si
1299 1130 1346 1171 ex
1360 1105 1432 1171 alto
1448 1107 1574 1192 aliquia
1587 1120 1727 1190 portum
1739 1121 1858 1176 tenens

548 1204 694 1266 aduersa
718 1213 916 1284 tempestate
938 1199 1131 1283 prohibitus
1151 1210 1299 1283 peteret,
1333 1212 1372 1263 ut
1392 1199 1428 1263 in
1451 1223 1529 1264 eum
1548 1205 1678 1278 locum,
1715 1225 1762 1266 ese
1788 1225 1858 1288 quo

548 1295 674 1359 eiectus
692 1305 796 1368 esset,
820 1293 1076 1374 restitueretur3
1097 1313 1163 1356 nou
1186 1293 1272 1356 illud
1292 1295 1502 1376 postularet,
1532 1307 1571 1358 ut
1590 1295 1624 1358 in
1644 1297 1773 1372 adum,
1796 1297 1858 1360 aed

547 1400 587 1452 ut
604 1387 641 1450 in
671 1388 783 1471 ipsum
806 1399 947 1470 portum
966 1398 1000 1450 st
1020 1397 1058 1450 ut
1089 1386 1221 1470 inipso
1240 1386 1375 1451 civitate
1396 1381 1653 1453 restitueretur:
1683 1389 1854 1468 eiectis,

547 1481 608 1566 qui
631 1480 824 1564 prohibitus
848 1491 900 1544 ast
926 1479 969 1541 ab
997 1479 1114 1564 aliquo
1141 1481 1235 1556 loeo,
1269 1501 1318 1543 ea·
1338 1480 1399 1546 illo
1430 1481 1580 1544 deiectus
1608 1481 1705 1548 debet
1726 1483 1855 1560 videri,

506 1587 646 1659 iuquam
661 1573 815 1657 petebat,
848 1593 917 1636 uon
936 1572 973 1635 in
992 1565 1059 1657 quo
1079 1575 1200 1655 paticus
1221 1584 1285 1638 cst.
1339 1575 1384 1638 Et
1405 1572 1435 1636 in
1457 1573 1628 1659 qualitate,
1664 1587 1697 1638 ut
1718 1574 1746 1638 si
1770 1576 1856 1640 dios·

548 1687 636 1730 muss
657 1666 741 1740 utile
758 1662 875 1753 fuisse
894 1664 1008 1728 amitti
1026 1665 1177 1750 aliquam
1194 1677 1329 1748 partem
1346 1666 1512 1742 ciuitatis,
1536 1677 1573 1729 ut
1594 1677 1725 1732 ceterae
1741 1671 1856 1734 soloas

546 1780 621 1824 esse
638 1758 792 1841 possint:
825 1770 859 1822 et
886 1758 1132 1841 gubernatores
1156 1755 1191 1820 in
1213 1770 1411 1842 tempestate
1432 1781 1534 1842 saepe
1556 1761 1606 1823 uel
1626 1760 1790 1824 mercium
1805 1764 1857 1826 oei

545 1864 838 1916 ormarncmorum
850 1850 982 1943 faeere
998 1853 1183 1928 iacturam,
1220 1864 1258 1915 ut
1275 1865 1388 1916 cetera
1406 1864 1499 1916 stare
1519 1852 1668 1935 possins.
1711 1857 1744 1918 Α
1763 1855 1854 1918 dissi·

547 1944 612 2010 mili
634 1957 667 2008 ct
688 1945 720 2009 in
740 1945 921 2009 coniectura
944 1957 976 2009 et
995 1945 1027 2009 ia
1048 1945 1163 2010 ceteris
1184 1945 1314 2008 statibus
1336 1945 1382 2008 sic
1404 1956 1589 2030 argumenta
1611 1967 1780 2011 sumemus.
1811 1949 1856 2010 Et

506 2039 809 2124 saquemadmodum
829 2059 925 2123 supra
947 2041 1194 2124 quaerebamus,
1224 2037 1299 2123 qttid
1321 2050 1405 2102 essct
1425 2038 1544 2116 simile,
1568 2039 1610 2102 ita
1631 2049 1663 2101 ct
1683 2059 1701 2100 c
1723 2051 1854 2105 contra·

546 2132 597 2197 rio
619 2129 870 2207 consideremus,
906 2132 981 2217 quid
1009 2131 1041 2195 ia
1062 2153 1097 2194 se
1127 2131 1274 2195 dissimile
1295 2133 1409 2195 habeat
1429 2153 1468 2196 ca
1488 2154 1560 2210 res,
1594 2150 1675 2216 quae
1703 2129 1734 2193 io
1756 2153 1857 2216 quae·

546 2225 679 2290 ationem
701 2224 807 2288 seuit:
841 2236 876 2288 ut
898 2246 961 2308 pro
980 2225 1118 2290 fonteio
1137 2215 1270 2288 Marcus
1290 2225 1414 2288 'stulius
1436 2225 1649 2311 exsequitur,
1662 2223 1756 2308 puod
1779 2227 1855 2291 eius

546 2339 653 2382 eatam
672 2337 741 2380 non
767 2317 812 2382 sit
839 2319 975 2396 eadem,
1004 2341 1090 2404 quae
1115 2318 1250 2384 Verria:
1278 2307 1310 2381 e't
1329 2318 1362 2381 io
1383 2318 1526 2400 pluribus
1551 2317 1620 2382 aliis
1643 2317 1854 2384 orationibus.

551 2410 674 2492 Quibus
687 2409 765 2476 illud
779 2411 959 2495 colligitur,
982 2426 1032 2486 ut,
1056 2413 1082 2477 si
1097 2411 1256 2477 dissimilia
1271 2411 1334 2476 sint
1349 2433 1404 2488 ea,
1430 2433 1509 2498 quac
1524 2411 1733 2488 obiiciuutur,
1758 2424 1854 2498 atque

504 2523 584 2576 auca
605 2502 742 2580 luerint,
765 2504 917 2589 quacalii
936 2505 1059 2569 obiecta
1082 2517 1171 2580 stunt,
1195 2508 1295 2568 causa'
1310 2527 1438 2590 quoque
1456 2505 1563 2586 dispar
1581 2503 1642 2580 sit,
1675 2516 1708 2569 et
1725 2506 1852 2570 absolsi

546 2598 658 2660 debeat
685 2595 755 2673 hio,
778 2618 872 2681 qurum
889 2598 930 2660 sit
952 2598 1003 2662 illc
1025 2600 1199 2662 damnatus.
1257 2599 1289 2662 A
1310 2601 1379 2680 pari
1403 2598 1432 2663 in
1454 2598 1644 2670 coniectura.
1701 2598 1854 2664 Fortasse

545 2689 596 2754 liic
616 2690 791 2774 argitmenti
813 2691 902 2754 locus
922 2691 1030 2756 similis
1053 2693 1196 2782 videatur
1217 2713 1285 2756 esse
1306 2691 1374 2768 illi,
1407 2692 1463 2778 qul
1489 2692 1666 2776 appellatur
1691 2711 1709 2754 a
1735 2690 1852 2766 similia

545 2787 601 2847 scd
624 2784 718 2848 habet
746 2784 879 2867 aliquam
913 2785 1133 2850 differentiam.
1194 2785 1274 2848 Nam
1303 2785 1352 2858 id,
1383 2789 1471 2871 quod
1497 2797 1545 2849 cst
1571 2805 1646 2867 par,
1680 2785 1854 2868 quantitate

545 2876 745 2952 aestimatum
783 2874 882 2941 simile
904 2890 1007 2942 sistam
1037 2877 1170 2942 catillis
1196 2878 1316 2954 modis,
1349 2878 1405 2963 qui
1436 2897 1532 2962 supra
1554 2865 1629 2942 ‹tic'ti
1650 2887 1735 2942 suat.
1790 2879 1855 2942 Hic

502 2975 633 3042 'eulaeus
653 2972 789 3055 pertinet
809 2975 849 3036 ad
868 2984 983 3038 statum
1008 2972 1178 3037 finitivum.
1223 2973 1365 3055 Namque
1388 2971 1420 3034 iu
1445 2991 1484 3036 eo
1515 2990 1578 3035 oon
1604 2969 1706 3034 solum
1725 2971 1854 3055 quaeri·

544 3078 613 3142 tur,
636 3085 674 3128 aa
699 3067 762 3129 hoc
782 3065 840 3142 sit,
865 3087 903 3129 an
926 3067 1020 3150 quid3
1050 3068 1106 3130 scd
1127 3085 1165 3128 uu
1187 3063 1269 3128 idem
1290 3064 1348 3140 sit,
1371 3064 1452 3128 sicut
1475 3065 1606 3130 Marcus
1629 3062 1755 3127 Tullius
1776 3065 1854 3128 dcii·

544 3157 590 3222 ait
611 3159 648 3222 id
676 3179 750 3222 csse
777 3159 976 3242 prohibere,
1000 3158 1092 3244 quod
1111 3157 1229 3233 deiici,
1263 3158 1425 3242 quoniam
1441 3181 1489 3223 cae
1510 3171 1653 3242 utroque
1675 3157 1714 3220 id
1733 3177 1853 3224 conse·

544 3263 690 3336 quatur,
727 3262 766 3315 ut
789 3253 912 3336 aliquis
932 3253 1069 3317 amittat
1096 3273 1174 3316 eum
1199 3254 1330 3327 locum,
1363 3275 1410 3316 eu
1429 3274 1497 3337 quo
1513 3249 1708 3334 prohibitus
1727 3261 1781 3317 est
1801 3255 1855 3317 oei

544 3344 710 3408 siciamus:
731 3357 770 3408 ut
794 3345 826 3408 si
849 3347 927 3431 quis
952 3358 1052 3431 neget
1072 3346 1209 3410 eaedem
1230 3366 1253 3407 a
1275 3367 1312 3408 se
1331 3367 1405 3409 esse
1424 3343 1653 3420 comanissam,
1676 3345 1770 3428 quad
1782 3366 1854 3410 nou

503 3436 617 3519 seipse
627 3437 853 3519 percusserit,
876 3440 1009 3503 dicetur
1024 3440 1057 3504 ci
1074 3439 1159 3504 nihil
1171 3439 1352 3513 interesse,
1376 3449 1493 3502 utrum
1512 3449 1633 3501 auctor
1643 3436 1854 3527 quiescerit

545 3528 677 3606 caedis,
700 3549 745 3592 au
760 3530 832 3613 ipse
846 3532 1075 3615 percusserita
1095 3533 1257 3618 quoniam
1277 3555 1324 3596 ex
1342 3543 1485 3618 utroque
1506 3531 1542 3595 in
1560 3529 1702 3596 eundem
1716 3534 1854 3598 mauu

544 3625 654 3687 seclus
685 3623 824 3687 uenerit.
868 3625 901 3688 Α
930 3625 1000 3708 pari
1032 3625 1063 3688 io
1092 3624 1258 3710 qualitate,
1290 3635 1322 3687 ot
1351 3625 1376 3689 si
1405 3627 1541 3687 mestuus
1563 3623 1647 3687 utile
1674 3645 1750 3690 esse
1776 3629 1854 3692 tolli

542 3717 669 3800 legem,
693 3737 779 3802 puae
795 3717 926 3782 iutuilis
944 3728 1012 3795 cst,
1035 3719 1118 3803 quia
1139 3740 1198 3780 uec
1215 3717 1424 3801 recipiantur
1443 3720 1554 3803 leges,
1578 3737 1665 3802 quae
1686 3731 1855 3784 noceant.-

542 3809 633 3875 idem
653 3823 768 3874 atatem
788 3832 879 3887 esse,
915 3831 1018 3896 quam
1038 3810 1429 3903 rcm,carpcr·tussucris
1447 3811 1618 3887 inutilem,
1655 3815 1794 3888 toliere,
1818 3825 1854 3878 et

499 3923 634 3980 ascum,
657 3925 760 3989 pesam
779 3903 971 3968 nocituram
988 3915 1106 3988 putes,
1129 3904 1323 3987 repudiare.
1368 3907 1398 3968 A
1419 3903 1580 3969 contrario
1602 3903 1634 3966 in
1650 3904 1849 3984 coniectura,

542 4000 629 4082 quod
642 3999 678 4060 iit
698 4020 757 4082 per
778 3999 960 4081 cataphasin
983 4008 1014 4062 et
1035 3997 1222 4082 apophasin.
1247 3998 1281 4061 Si
1303 3997 1383 4061 euim
1405 3998 1463 4062 tibi
1485 3997 1696 4082 proponitur,
1720 3998 1852 4063 divitem

541 4111 605 4156 aaa
626 4111 696 4155 essc
730 4091 797 4155 veri
826 4091 926 4155 simile
947 4094 985 4155 dc
1006 4091 1170 4173 tyrannide
1192 4091 1371 4176 cogitasse,
1402 4103 1437 4156 tu
1458 4090 1658 4162 econtrario
1681 4111 1854 4176 sagrimen-

540 4195 606 4248 tum
638 4187 732 4248 ducas
761 4183 822 4248 iia:
862 4197 901 4248 ut
928 4186 959 4250 si
980 4205 1170 4269 pauperem
1205 4205 1401 4250 accusarem
1429 4185 1626 4271 tyrannidis
1654 4182 1855 4249 incredibile

540 4278 712 4341 videretur
727 4289 930 4361 propterca,
953 4278 1046 4362 quod
1057 4275 1272 4368 facultatem
1290 4300 1359 4344 non
1380 4281 1536 4354 habent,-
1555 4299 1641 4362 crgo
1654 4279 1738 4363 quia
1762 4279 1855 4344 diui-

497 4382 608 4442 sutem
632 4391 774 4447 aecum,
801 4371 980 4455 probabile
999 4371 1107 4434 uideri
1131 4381 1278 4454 oportet.
1328 4372 1361 4436 Α
1383 4373 1545 4436 contrario
1572 4371 1603 4437 in
1636 4369 1720 4436 liae:
1757 4384 1798 4436 ut
1819 4371 1855 4436 si

546 4599 553 4612 ⁴
627 4574 653 4625 8.
671 4579 700 4623 in
716 4579 774 4638 ipso
789 4575 899 4638 civitate]
917 4577 951 4622 lta
972 4576 1032 4622 Cod.

631 4697 659 4754 lt.
680 4695 714 4751 la
733 4698 809 4752 Vera.
829 4699 861 4756 V.
882 4699 947 4764 56.¹
966 4695 1013 4750 sed
1032 4694 1129 4764 libers,

613 4781 658 4832 ιο.
677 4773 738 4828 Cic.
757 4791 807 4846 pro
826 4773 944 4825 Caecina
964 4772 1112 4836 xxviii,
1134 4767 1181 4825 scd
1201 4769 1263 4823 aliis
1282 4767 1338 4824 iere
1359 4770 1458 4826 serbis.

614 4855 658 4909 18.
677 4848 753 4901 llaec
772 4865 879 4919 qaoque
899 4846 1002 4900 inedita
1029 4862 1070 4900 cst
1089 4847 1233 4900 Ciceronis
1253 4845 1396 4918 particula.
1436 4849 1522 4901 Porro
1542 4859 1645 4911 autem,
1664 4859 1718 4918 qus
1738 4851 1851 4902 sarisas

538 4923 637 4980 Cicero
656 4925 769 4977 Verrem
788 4937 980 4988 accusaverat,
999 4921 1093 4974 cadesa
1108 4921 1237 4975 Fonteius
1251 4938 1266 4972 a
1280 4938 1329 4975 suo
1342 4937 1500 4976 accusatore
1514 4919 1665 4995 postulatus
1679 4921 1851 4998 repetanda-

544 5018 605 5056 mm
624 4996 731 5064 lucras,
750 5001 945 5052 criminatione
965 5016 1013 5069 per
1031 5013 1128 5052 omnes
1147 5001 1206 5052 eius
1227 5001 1402 5072 magistratus
1421 4993 1546 5052 deducta.

612 5073 684 5130 ibid.
701 5073 752 5126 Ex.
771 5091 812 5144 pr.
831 5089 881 5146 pro
901 5071 1014 5125 Scauro.

612 5155 657 5209 27.
676 5149 731 5206 Pro
750 5151 868 5204 caecina
889 5147 955 5204 llll.
973 5163 1033 5220 sqq.
