4434 5959
986 624 1029 694 C.
1052 625 1211 696 IULIUS
1221 623 1415 694 'vrc'tott

679 890 683 895 ·
728 868 828 935 vlit.
851 870 914 936 DE
936 871 1192 938 Pttottasstut
1216 869 1678 939 ARGUMENTATIONE.

631 1027 813 1095 Probabilis
835 1031 1065 1113 argumentatio
1086 1029 1118 1094 in
1141 1051 1181 1094 eo
1196 1051 1312 1114 genere
1327 1041 1393 1108 est,
1417 1031 1505 1114 quod
1519 1029 1669 1097 credibile
1685 1043 1751 1109 est,
1775 1037 1873 1118 qnod

547 1146 624 1190 vere
644 1125 726 1188 solet
754 1123 842 1200 lieri,
878 1125 966 1209 quod
994 1125 1026 1188 in
1056 1124 1205 1207 opinione
1236 1123 1372 1206 positum
1400 1136 1466 1200 est,
1497 1126 1584 1209 quod
1604 1125 1670 1188 sine
1690 1126 1759 1191 ullo
1780 1139 1872 1194 teste

547 1218 702 1284 auditoris
723 1217 833 1299 opinio
856 1217 1035 1281 confirmat.
1080 1220 1142 1295 Ut,
1166 1219 1197 1282 ai
1219 1230 1330 1282 morer
1346 1230 1414 1294 eat,
1438 1217 1572 1302 ditigin
1592 1218 1624 1282 si
1640 1239 1768 1284 avenes
1784 1233 1870 1299 est,

521 1312 729 1377 trondemnis
749 1312 806 1374 ius
829 1312 1027 1376 iurandum.
1078 1313 1117 1375 ln
1139 1314 1202 1378 hoc
1224 1313 1327 1376 omnis
1354 1313 1585 1397 argumentatio
1608 1324 1661 1377 aut
1683 1333 1743 1394 per
1768 1313 1872 1378 indu·

545 1408 680 1472 ctionem
704 1407 865 1468 tractanda
898 1417 947 1468 est
964 1417 1033 1469 ant
1063 1425 1122 1489 per
1153 1405 1437 1472 ratiocinationem.
1495 1405 1642 1472 Inductio
1662 1419 1711 1470 est
1732 1409 1870 1487 oratio,

546 1521 627 1585 quae
648 1501 744 1562 rebus
769 1519 832 1561 non
861 1498 963 1561 dubiis
986 1509 1093 1582 captat
1115 1497 1326 1562 assensionem
1353 1498 1438 1575 eius,
1477 1499 1603 1582 qrricum
1622 1498 1762 1565 instituta
1788 1516 1871 1580 θοις

545 1593 660 1677 qsribus
679 1590 913 1655 assensionibus
937 1591 1035 1668 iacit,
1069 1604 1107 1655 >nt
1125 1591 1172 1655 illi
1192 1589 1285 1656 dubia
1308 1594 1459 1676 qutaedam
1479 1613 1532 1656 res
1556 1604 1692 1674 propter
1708 1593 1873 1659 similitu-

546 1689 649 1750 dinem
664 1707 770 1749 earum
787 1706 918 1760 rerum,
942 1684 1058 1769 qusibus
1079 1685 1227 1759 assentit,
1251 1687 1421 1766 probetur.
1464 1685 1540 1762 Ut,
1551 1687 1606 1750 dic
1620 1686 1702 1750 mibi
1715 1707 1869 1773 parmeno,

503 1780 688 1853 stmulier,
724 1778 900 1848 cinicino
923 1789 986 1850 tua
1013 1778 1136 1842 melius
1162 1779 1285 1842 habeam
1312 1799 1455 1854 aurum,
1489 1793 1622 1844 utrum·
1641 1781 1776 1846 illiusne
1812 1803 1872 1846 ωι

545 1885 644 1937 taunn
664 1873 790 1936 malis?
821 1872 939 1946 Illius,
972 1871 1096 1955 inquit.
1140 1871 1251 1955 Quid,
1279 1872 1311 1935 ai
1332 1884 1366 1936 et
1387 1885 1511 1936 uestem
1530 1886 1565 1937 et
1584 1885 1734 1938 ceterum
1753 1896 1873 1940 orma·

544 1979 620 2031 tum
640 1967 837 2030 muliebrem
861 1964 967 2049 pretii
995 1965 1139 2029 maioris
1159 1965 1284 2028 habeat
1303 1987 1407 2050 quam
1428 1977 1485 2044 tu,
1507 1979 1663 2041 tuumne,
1695 1987 1741 2030 nn
1763 1965 1873 2034 illiue

540 2062 673 2125 mdis?
707 2060 900 2142 respondit,
937 2058 1032 2123 illitus
1060 2079 1151 2121 vero.
1205 2058 1316 2141 Quid,
1352 2060 1385 2123 ai
1405 2060 1517 2123 uirum
1538 2053 1711 2124 meliorem
1733 2060 1873 2125 tabeat

506 2235 510 2244 Ι
545 2155 730 2239 illaquam
751 2153 926 2232 tuthebes,
960 2163 1121 2215 utrwnne
1141 2159 1239 2213 tuum
1265 2150 1376 2215 virum
1394 2153 1517 2230 malis,
1551 2173 1597 2216 an
1618 2153 1735 2219 illust?
1792 2153 1872 2218 Hic

504 2258 641 2332 aequum
674 2248 769 2309 rebus
797 2265 861 2308 non
887 2244 988 2308 dubiis
1016 2264 1175 2308 assensum
1205 2253 1268 2320 est',
1306 2245 1361 2308 ilet
1380 2259 1518 2328 propter
1538 2245 1795 2322 similitudinem,
1827 2259 1872 2312 nt

545 2339 638 2403 etiam
656 2336 753 2419 illud,
777 2340 864 2423 quod
886 2336 1012 2401 dubium
1032 2333 1219 2422 videretur,
1236 2335 1263 2399 si
1286 2337 1356 2424 quis
1376 2339 1545 2421 separatim
1564 2350 1751 2425 quaereret,
1777 2361 1870 2422 pro·

545 2443 618 2524 pter
642 2429 797 2496 rationein
823 2428 1042 2515 interrogandi
1063 2434 1269 2496 concedatur.
1313 2433 1388 2496 Hoc
1410 2431 1442 2496 in
1466 2453 1582 2517 genere
1603 2432 1871 2516 praecipiendum

545 2525 640 2592 uobis
667 2523 815 2601 videtur,
848 2523 981 2606 primum
1010 2533 1044 2586 ut
1070 2522 1163 2599 illud,
1198 2527 1285 2608 quod
1312 2523 1492 2607 inducemus
1519 2547 1577 2608 per
1605 2525 1869 2604 similitudinem,

503 2678 509 2688 .
546 2618 700 2700 eiusmodi
724 2617 784 2692 sit,
816 2629 850 2680 ut
870 2615 912 2680 sit
932 2617 1059 2681 necesse
1076 2617 1219 2681 concedi.
1264 2619 1345 2682 Nam
1371 2641 1412 2682 ex
1430 2639 1494 2702 quo
1513 2619 1740 2701 postulabimus
1753 2621 1871 2690 ,nobis

502 2726 535 2778 tt
545 2713 621 2778 illud
635 2713 721 2796 quod
744 2709 871 2774 dubium
888 2713 926 2773 ait
944 2705 1092 2786 concedi,
1116 2709 1218 2792 ipsum
1237 2707 1365 2776 dubium
1385 2732 1534 2776 essenon
1555 2724 1697 2795 oportet.
1718 2711 1868 2792 Deinde,

543 2805 641 2882 illud,
678 2804 768 2868 cuius
789 2802 1117 2890 confirmandicausa
1140 2803 1194 2866 liet
1210 2804 1380 2882 inductio,
1409 2805 1574 2870 ridendum
1597 2818 1663 2885 est,
1698 2816 1732 2868 ut
1753 2807 1872 2872 simile

543 2902 594 2965 his
615 2901 712 2965 rebus
732 2898 790 2975 sit,
827 2919 905 2981 quaes
925 2918 974 2960 res
998 2896 1068 2961 a'ute
1089 2889 1304 2961 induxerimus
1327 2897 1419 2982 quasi
1441 2919 1504 2963 non
1527 2898 1650 2963 dubias.
1692 2899 1774 2962 Nam
1799 2899 1870 2962 ali-

543 2995 621 3080 quid
640 3005 711 3058 ante
732 3013 919 3058 concessum
941 2991 1032 3054 nobis
1051 3011 1139 3065 ease,
1153 3031 1155 3036 .
1171 2990 1247 3054 nibil
1266 2985 1425 3072 proderit,
1453 2991 1479 3054 si
1505 2991 1533 3054 ei
1555 2991 1701 3055 dissimile
1721 2989 1783 3054 erit
1806 2990 1868 3068 id,

543 3089 632 3152 cuim
661 3107 754 3150 causa
779 3087 857 3150 illud
887 3083 1018 3149 concedi
1049 3083 1185 3164 primum
1217 3083 1423 3148 voluerimus.
1480 3084 1601 3149 Demus
1630 3094 1759 3166 oportet
1792 3103 1868 3148 non

500 3175 533 3224 ²⁵
543 3181 695 3266 intelligi,
731 3188 810 3266 quo‘
827 3187 970 3262 spectent
990 3179 1061 3241 illae
1083 3178 1202 3258 primae
1224 3177 1438 3256 inductiones,
1476 3179 1567 3242 etad
1588 3198 1680 3260 quaem
1704 3175 1765 3239 sint
1788 3178 1870 3242 exi·

522 3286 609 3338 'tum
640 3286 866 3356 perventurae.
923 3275 1004 3336 Nam
1026 3270 1081 3354 qui
1103 3271 1209 3346 videt,
1247 3270 1274 3333 si
1303 3271 1332 3334 ei
1352 3271 1417 3346 rei,
1454 3293 1545 3356 quiam
1572 3271 1677 3354 primo
1695 3281 1867 3353 rogetur,

544 3379 632 3432 recte
660 3367 847 3443 assenserit,
880 3365 965 3430 illam
987 3385 1139 3448 quoque,
1176 3385 1266 3450 quae-
1286 3362 1345 3428 sibi
1369 3366 1550 3448 displiceat,
1589 3385 1657 3428 csse
1677 3365 1869 3428 necessario

544 3463 797 3534 concedendam,
835 3459 1021 3542 plerumque
1042 3468 1095 3520 aut
1119 3478 1181 3520 non
1212 3461 1432 3541 respondendo
1454 3473 1508 3522 aut
1530 3460 1610 3522 male
1634 3459 1870 3540 respondendo

543 3553 671 3637 lougius
691 3555 868 3636 procedere
888 3552 1087 3636 rogationem
1104 3572 1168 3616 nou
1190 3551 1283 3615 sinet.
1308 3587 1309 3592 κ
1341 3553 1550 3636 Quapropter
1571 3551 1697 3616 ratione
1718 3549 1870 3612 iuterro-

501 3647 683 3733 ligationis
706 3647 885 3729 imprudens
903 3651 944 3711 ab
969 3667 1030 3723 co,
1060 3649 1146 3730 qruod
1169 3645 1340 3723 concessit,
1363 3650 1403 3711 ad
1424 3647 1476 3726 iu,
1500 3649 1585 3731 qarod
1607 3665 1672 3711 non
1692 3642 1762 3704 vult
1782 3662 1871 3704 con·

544 3743 675 3817 cedere,
713 3744 910 3805 deducendus
932 3751 992 3804 est.
1018 3762 1020 3765 ·
1047 3740 1100 3802 Ad
1129 3751 1302 3802 extremum
1337 3752 1439 3804 autem
1477 3754 1529 3804 aut
1558 3751 1708 3802 tacentur·
1729 3747 1872 3816 oportet

544 3845 598 3899 aut
619 3836 810 3899 concedatur
835 3845 888 3896 aut
919 3845 1065 3916 negetur.
1124 3832 1157 3895 Si
1180 3833 1364 3917 negabitur,
1395 3835 1664 3912 alamannicum
1685 3829 1868 3895 similitudo

544 3939 592 3993 est
613 3949 721 3996 earum
743 3951 869 4003 rerum,
906 3948 987 4014 quae
1010 3937 1081 3990 ante
1107 3947 1280 3989 concessae
1303 3939 1394 4002 sunt,
1433 3939 1486 3988 ant
1513 3927 1572 3990 alia
1595 3927 1741 3991 latendum
1764 3921 1867 3986 indu·

543 4022 661 4087 ctione.
716 4024 750 4087 si
773 4025 983 4095 concedetur,
1012 4019 1225 4082 conclrulcnda
1258 4013 1488 4104 argumentatio
1508 4033 1569 4085 est.
1622 4017 1655 4084 Si
1677 4013 1865 4091 tacebitur,

501 4119 598 4180 ³⁵sut
615 4117 765 4180 elicienda
791 4116 1052 4200 responsio-est,
1076 4126 1148 4186 aut,
1173 4114 1320 4196 quioniam
1353 4113 1544 4178 taciturnitas
1570 4113 1708 4178 imitatur
1727 4108 1864 4172 conica·

525 4211 683 4288 sionem,
707 4233 769 4293 pro
787 4232 845 4286 eo,
869 4232 907 4274 ac
929 4211 955 4272 si
977 4229 1163 4272 concessum
1185 4207 1240 4282 ait,
1265 4208 1453 4271 concludere
1474 4205 1639 4288 oportebit
1656 4215 1865 4290 argumenta-

542 4303 674 4373 tionem,
719 4305 767 4367 lta
790 4304 825 4366 lit
851 4306 914 4368 hoe
937 4323 1037 4388 genus
1058 4301 1314 4385 argumentandi,
1338 4301 1368 4364 id
1390 4311 1458 4375 est,
1481 4299 1689 4374 inductionis,
1712 4297 1862 4378 triperti-

543 4405 627 4470 tum,
661 4407 696 4459 ut
717 4397 817 4478 prima
841 4417 914 4478 pars
940 4417 983 4458 ex
1006 4393 1203 4457 similitudine
1228 4407 1352 4457 constet
1375 4415 1436 4457 una
1462 4394 1671 4476 pluribusve,
1695 4390 1793 4451 altera
1816 4410 1863 4454 ex

543 4507 600 4562 eo,
631 4493 718 4570 qruotl
740 4490 871 4554 concedi
893 4491 1057 4561 volumus,
1098 4487 1185 4550 curius
1207 4509 1300 4551 carisa
1329 4488 1543 4551 similitudines
1576 4485 1733 4550 exhibitae
1763 4495 1862 4558 sunt3

364 4644 368 4656 ‚
502 4587 534 4636 tlt
545 4581 636 4647 tertia
659 4605 699 4645 ea
730 4584 952 4656 conclusione,
977 4601 1058 4667 quiae
1080 4591 1133 4643 aut
1161 4582 1327 4646 confirmat
1348 4581 1600 4656 conl'essiouern,
1623 4593 1694 4657 aut,
1718 4576 1863 4664 quidex

545 4695 582 4740 ea
604 4672 805 4756 conficiatur,
827 4675 976 4741 ostendit.
1084 4697 1089 4707 ·

614 4921 641 4976 i.
660 4925 719 4985 Lep.
728 4919 798 4984 sera.
817 4926 889 4972 Basa.
911 4924 952 4974 ll.
971 4926 1006 4971 lta
1017 4925 1078 4974 cod.
1092 4924 1117 4973 2.
1132 4939 1216 4988 uranu
1235 4934 1259 4976 at
1276 4927 1298 4977 1.
1310 4927 1406 4992 inpuid.
1426 4925 1467 4978 il.
1477 4928 1513 4976 Au
1523 4927 1621 4974 derisum
1634 4927 1671 4974 uel
1683 4923 1789 4974 deinde?
1806 4925 1860 4972 Oa.

622 5066 674 5128 tl..
687 5065 778 5123 Cicer.
798 5059 832 5122 de
852 5062 958 5120 tunnas.
977 5060 1001 5124 l.
1021 5039 1067 5126 tt.
1154 5039 1156 5046 Ι
