4434 5959
917 603 1010 672 LIB.
1030 604 1079 669 V·
1596 603 1657 667 tot

425 742 525 827 (Cap.
548 745 601 808 ll.
625 749 654 822 ς.
676 745 730 808 58.
751 775 795 790 -
815 765 888 828 cap.
910 745 964 808 15.
987 751 1019 822 §.
1042 743 1111 822 59.)
1145 741 1334 807 Proximus
1359 753 1412 807 est
1438 743 1533 806 locrss
1552 719 1595 788 -'-
1615 778 1657 790 —

336 857 446 902 necne
462 840 539 902 solo
556 861 623 922 per
641 860 695 913 se,
717 839 876 924 quaestio
891 849 955 903 est.

423 933 509 997 Post
533 953 604 996 eum
624 933 747 1008 locum,
787 932 841 1018 qui
864 931 897 996 iu
927 929 1108 995 conditione
1137 941 1185 994 est
1214 925 1421 1008 constitutus,
1456 952 1657 1017 consequens

336 1036 411 1088 erat
431 1023 478 1102 is,
508 1025 564 1110 qui
585 1023 847 1090 considerabatur
868 1048 909 1090 ex
931 1023 1046 1089 causis.
1089 1025 1174 1089 Post
1194 1025 1277 1088 bunc
1299 1024 1324 1088 is
1346 1037 1545 1089 enumeratus
1566 1025 1657 1090 locus

334 1131 406 1194 est,
444 1119 554 1202 quiin
578 1119 701 1184 effectis
722 1141 885 1184 causarum
906 1119 1029 1201 positus
1053 1129 1236 1202 arguments
1261 1120 1456 1200 praestabat.
1512 1121 1683 1200 Quorum5

336 1214 467 1298 quidem
489 1214 635 1296 superius
657 1216 711 1278 M.
735 1215 858 1278 Tullius
879 1213 1024 1296 exempla
1044 1211 1173 1295 posuit,
1204 1233 1287 1274 nunc
1307 1213 1462 1278 rationem
1481 1214 1573 1278 latius
1594 1227 1658 1278 tra-

335 1319 418 1370 ctat.
476 1308 582 1390 Quum
603 1307 701 1392 igitur
721 1307 914 1373 Aristoteles
936 1318 1086 1390 quattuor
1106 1307 1251 1388 posuerit
1269 1329 1398 1384 causas,
1433 1309 1547 1391 quibus
1561 1325 1658 1374 unum

337 1403 493 1487 qnodque
510 1401 697 1478 conficitur,
720 1401 870 1485 primam,
895 1422 977 1488 qnae
1003 1401 1150 1463 movendi
1172 1401 1358 1484 principium
1382 1413 1447 1475 est;
1471 1405 1655 1481 secundam,

337 1515 383 1556 ex
404 1515 467 1579 qua
488 1495 525 1558 fit
546 1495 682 1579 aliquid,
719 1518 814 1580 qnam
835 1495 1134 1568 materiam'vocat;
1179 1495 1320 1570 tertiam,
1350 1495 1506 1560 rationem
1529 1515 1566 1559 ac
1585 1517 1659 1580 spe-

338 1587 445 1665 ciem,
469 1611 531 1674 qna
556 1612 651 1653 arnum
674 1593 825 1675 quodque
845 1589 1019 1664 formatura
1057 1600 1220 1674 quartam,
1255 1591 1367 1666 finem,
1405 1602 1539 1673 propter
1565 1611 1657 1673 quem
1671 1609 1701 1660 m

339 1682 508 1764 quodlibet
536 1683 693 1746 efficitur:
731 1694 764 1746 at
786 1704 865 1749 vero
886 1686 940 1748 M.
967 1683 1093 1748 Tullios
1113 1683 1318 1766 principalem
1341 1704 1506 1748 causarum
1528 1681 1659 1748 divisio·

340 1797 415 1838 nem
436 1776 516 1840 iacit
533 1776 565 1839 in
587 1797 645 1853 ea,
668 1799 749 1863 quae
771 1775 906 1840 efficiant
928 1775 1065 1860 aliquid,
1090 1787 1124 1840 et
1146 1776 1178 1839 in
1197 1797 1254 1852 ea,
1278 1777 1345 1840 sine
1366 1779 1480 1861 quibus
1502 1779 1583 1843 effici
1603 1798 1660 1840 ne·

341 1882 459 1953 queat,
489 1881 525 1932 nt
551 1869 604 1947 id,
639 1874 726 1956 quod
744 1870 858 1948 efficit,
892 1873 1018 1933 adeam
1041 1891 1166 1933 cansam
1190 1870 1393 1946 conseratur,
1417 1871 1530 1957 inqua
1551 1879 1657 1936 motus

341 1963 536 2046 principium
557 1963 762 2028 constimtnm
781 1976 847 2038 ests
869 1963 902 2027 id
918 1983 1018 2036 vcro,
1055 1961 1123 2026 sine
1145 1983 1212 2045 qno
1234 1984 1299 2028 non
1315 1963 1353 2026 fit
1374 1963 1508 2048 aliquid,
1533 1977 1600 2030 tum
1620 1967 1660 2028 ad

340 2058 535 2120 intellectum
564 2058 715 2122 materiae
746 2058 955 2122 transferatur
975 2054 1029 2119 rel
1049 2075 1178 2132 eorum,
1214 2077 1295 2140 qnae
1316 2057 1482 2122 coniuncta
1509 2057 1658 2124 materiae
1670 2077 1701 2127 1⁵

341 2151 506 2214 efficientis
523 2150 672 2215 adiuvant
690 2152 890 2227 facultatem,
913 2163 979 2212 tum
994 2151 1034 2212 ad
1046 2148 1184 2234 reliquas
1203 2170 1313 2214 causas
1324 2153 1475 2228 ducatur,
1502 2163 1536 2216 ut
1549 2154 1658 2236 paullo

339 2245 504 2328 posterius
523 2245 701 2328 apparebit.
744 2247 825 2309 Eius
842 2245 942 2329 igitur
959 2262 1094 2317 causae,
1127 2265 1209 2327 quac
1231 2243 1263 2306 vi
1286 2265 1341 2307 sna
1361 2243 1413 2320 id,
1437 2248 1523 2328 quod
1538 2249 1599 2309 sub
1622 2267 1659 2310 ea

338 2340 518 2402 subiectum
540 2350 608 2417 est,
632 2339 747 2416 efficit,
770 2341 833 2403 tale
852 2339 944 2420 ponit
964 2337 1163 2419 exemplum,
1188 2349 1243 2400 ut:
1267 2337 1356 2422 lgnis
1378 2339 1532 2402 accendit.
1576 2343 1658 2404 Nam

339 2432 537 2496 accensionis
568 2433 668 2515 ipsius
703 2454 796 2498 eausa
827 2432 911 2518 ignis
943 2442 992 2495 est
1023 2442 1054 2493 et
1076 2430 1110 2492 id
1131 2429 1255 2494 efficere
1279 2442 1405 2513 potest,
1443 2443 1540 2516 atque
1560 2433 1655 2505 illud,

339 2528 429 2610 quod
451 2526 653 2603 accenditur,
676 2539 786 2592 movet
805 2537 901 2610 atque
922 2534 1094 2608 permutat.
1139 2523 1219 2586 Eam
1243 2543 1321 2588 vero
1344 2545 1488 2600 causam,
1513 2525 1581 2591 sine
1596 2545 1701 2610 quara
1804 2583 1810 2590 .

338 2619 390 2695 id,
415 2623 503 2703 quod
523 2620 700 2685 iaciendum
720 2633 784 2698 est,
819 2619 889 2682 beri
911 2619 1040 2703 nequit,
1069 2619 1111 2679 ab
1133 2638 1193 2679 una
1215 2615 1283 2679 eius
1302 2628 1394 2699 parte
1410 2617 1576 2702 designat,
1601 2639 1658 2682 se·

339 2713 400 2776 luti
421 2735 517 2798 quum
537 2713 629 2791 dicit,
653 2735 706 2778 aes
728 2735 854 2778 causam
878 2733 946 2776 esse
962 2723 1100 2787 statuae,
1125 2713 1213 2795 quod
1232 2711 1299 2774 sinc
1315 2731 1354 2774 eo
1374 2722 1476 2774 statua
1497 2733 1562 2777 non
1579 2732 1657 2796 pos·

339 2808 381 2869 sit
403 2807 569 2871 exsistere.
611 2809 702 2871 Haec
720 2807 823 2882 enim,
846 2818 882 2871 ut
901 2826 962 2888 per
982 2803 1156 2867 faciendam
1186 2803 1370 2866 divisionem
1395 2805 1568 2882 clarescet,
1592 2825 1658 2870 non

343 2919 380 2960 ea
400 2899 471 2982 ipsa
489 2912 537 2964 est
560 2921 671 2978 cansa,
702 2901 769 2964 aine
791 2920 854 2985 qua
873 2919 936 2961 non
960 2895 1119 2972 efficitur,
1144 2899 1199 2959 sed
1219 2917 1293 2978 pars
1314 2895 1380 2960 cius
1406 2917 1476 2962 esse
1501 2910 1659 2962 monstra·

340 2992 442 3056 bitur.
485 2995 566 3058 Eam
589 3015 669 3058 sero
690 3015 835 3070 eausam,
859 2993 926 3057 sine
946 2991 1074 3076 quaid,
1098 2992 1185 3074 quod
1205 2989 1381 3053 iaciendum
1403 2999 1468 3066 est,
1492 2989 1577 3054 effici
1592 3001 1701 3055 nonas

340 3097 470 3168 potest,
506 3086 617 3150 dividit
637 3087 702 3151 boc
724 3089 840 3152 modo:
869 3087 944 3152 Alia
968 3083 1051 3148 enim
1072 3083 1138 3146 cius
1161 3095 1233 3145 stunt
1255 3082 1380 3167 quieta,
1409 3082 1486 3146 nibil
1512 3085 1656 3168 agentia,

341 3181 458 3244 stolida
486 3183 721 3265 quodammodo
750 3203 787 3244 se
817 3203 877 3264 per
910 3201 970 3255 se,
1007 3175 1068 3241 nisi
1089 3175 1204 3260 agendi
1230 3187 1319 3239 extra
1346 3189 1450 3243 motus
1471 3177 1656 3254 accesserit,
1700 3253 1704 3260 Ι

339 3271 535 3348 immobilia3
557 3275 672 3337 bonnm
689 3275 851 3358 exempla,
875 3285 911 3336 ut
931 3274 1041 3344 locus,
1064 3284 1207 3352 tempus,
1231 3271 1380 3344 materia,
1403 3270 1657 3336 instrumentum.

342 3369 447 3433 Omne
471 3367 572 3446 enirn,
610 3371 697 3453 qnod
725 3369 781 3446 bt,
818 3369 923 3432 locum
949 3384 1078 3429 necesse
1108 3374 1156 3426 est
1181 3364 1300 3427 babere
1322 3363 1514 3441 subiectum,
1538 3366 1569 3428 in
1592 3385 1659 3451 quo

341 3461 403 3526 nisi
422 3459 541 3545 aliquid
563 3461 637 3538 liat,
661 3463 753 3526 locus
766 3461 837 3545 ipse
857 3460 1027 3525 immobilis
1047 3469 1096 3522 est
1116 3459 1155 3520 ad
1170 3457 1287 3540 aliquid
1305 3457 1538 3540 explicandum.
1562 3459 1702 3522 Item-3⁰

341 3577 405 3641 quc
424 3555 553 3618 materia
572 3567 606 3619 et
626 3555 849 3632 instrumenta,
886 3555 946 3619 nisi
968 3574 1061 3616 manu
1079 3564 1270 3616 moveantur
1289 3551 1483 3627 artificiosa,
1517 3551 1586 3634 ipsa
1603 3573 1660 3616 na-

339 3649 489 3713 turaliter
517 3647 595 3712 nibil
625 3650 762 3734 egerint.
825 3652 968 3732 Tempus
1003 3665 1135 3733 quoquc
1167 3645 1349 3727 operationi
1381 3641 1557 3710 subiectum
1588 3632 1656 3709 issts

344 3743 476 3829 quaesi
500 3743 601 3819 desit,
636 3744 712 3807 nibil
730 3743 833 3826 ipsum
854 3743 1006 3828 propriae
1027 3754 1156 3805 naturae
1174 3741 1299 3805 ratione
1319 3736 1505 3824 perfecerit.
1549 3739 1660 3820 Atque

340 3839 421 3900 baec
442 3835 567 3920 quidem
588 3848 662 3900 strat
669 3881 679 3913 ,
703 3859 784 3920 quae
808 3837 886 3901 nibil
907 3859 967 3921 per
989 3856 1023 3900 se
1046 3832 1172 3919 agentia
1192 3845 1294 3898 tamen
1317 3853 1429 3897 cattsae
1449 3842 1539 3909 sunt,
1577 3831 1604 3895 si
1620 3831 1659 3894 iis

342 3931 485 3994 efficiens
517 3931 663 4016 operatio
685 3930 924 4014 superveneritr
960 3929 1019 3992 alia
1039 3948 1139 4004 vero,
1174 3948 1254 4010 quae
1276 3928 1306 3990 in
1328 3938 1415 3990 motu
1437 3927 1543 4008 posita
1565 3947 1703 4008 prae-as

343 4024 524 4089 caesionem
545 4027 700 4110 quandam
718 4029 758 4089 ad
780 4025 977 4090 efficiendum
997 4045 1035 4086 ac
1058 4021 1334 4103 praeparationem
1357 4019 1506 4084 videntur
1527 4019 1657 4095 afferre,

344 4129 380 4181 ut
400 4119 517 4182 amoris
538 4139 632 4182 causa
657 4130 705 4182 est
725 4119 934 4204 congressio,
962 4136 1043 4202 qnae
1062 4114 1252 4197 praecessit,
1276 4124 1309 4176 et
1328 4134 1417 4176 amor
1435 4111 1560 4196 flagitii.
1604 4113 1660 4176 Ex

344 4212 417 4288 bis,
439 4211 558 4296 inquit,
588 4211 691 4276 caruis
714 4213 822 4277 Stoica
845 4209 1015 4293 disputatio
1039 4208 1138 4272 iatum
1157 4206 1329 4272 connectit.
1374 4206 1486 4269 Fatum
1510 4205 1592 4268 enim
1611 4205 1660 4270 di-

343 4318 420 4370 cunt
444 4326 514 4370 csse
532 4305 784 4389 praecedentium
807 4325 970 4368 causarum
998 4299 1319 4387 subsequentiumque
1340 4320 1447 4364 rerum
1472 4298 1658 4381 perplexio·

342 4423 413 4464 nem
439 4403 593 4486 quandam
613 4410 708 4484 atque
731 4412 860 4464 catenae
879 4419 969 4463 more
987 4395 1233 4470 continentiam,
1257 4397 1320 4460 hoc
1338 4397 1458 4458 modo:
1482 4393 1561 4458 Ideo
1581 4413 1702 4475 pro-tr

341 4497 447 4560 iectus
469 4505 517 4557 est
535 4513 689 4578 peregre,
724 4494 873 4580 qnoniam
903 4503 1067 4576 parentum
1091 4486 1282 4553 iracundiam
1311 4488 1397 4553 serre
1422 4506 1486 4550 non
1508 4499 1658 4571 poterat;

341 4587 462 4651 idcirco
484 4599 650 4670 parentum
673 4593 908 4652 succensionem
929 4607 994 4651 non
1012 4585 1153 4660 ferebat,
1178 4583 1250 4666 quis
1274 4583 1393 4646 amicae
1407 4601 1516 4646 amore
1540 4581 1660 4646 detinc-

341 4683 460 4757 batur3
482 4682 604 4747 idcirco
629 4684 776 4758 amabat,
805 4684 892 4766 quod
913 4678 1133 4762 saepefuerat
1155 4689 1226 4740 ante
1247 4697 1456 4761 congressum
1485 4675 1561 4740 ideo·
1581 4695 1660 4740 con·

341 4796 472 4860 gressus
487 4788 553 4852 est,
576 4774 649 4862 quia
673 4776 810 4860 aliquid,
833 4786 868 4838 ut
889 4776 1161 4860 congrederetur,
1185 4770 1370 4854 praecessit.
1414 4771 1527 4853 ltaque
1547 4769 1660 4834 ordine

340 4871 596 4953 praecedentium
618 4869 939 4958 consequentiumque
961 4890 1068 4933 rerum
1090 4867 1189 4931 fatum
1212 4867 1259 4946 (ut
1282 4863 1370 4947 dicit)
1393 4863 1543 4929 aStoicis
1559 4862 1702 4932 necti-ss

417 5087 464 5144 15.
494 5085 622 5154 neqrseot]
648 5083 736 5137 Paris.
764 5109 801 5124 -
827 5087 965 5152 nequeant
988 5082 1085 5133 ceteri.
1135 5080 1183 5136 Iso.
1215 5079 1415 5130 continentium
1442 5073 1518 5128 Elns.
1544 5073 1608 5127 Bas.
1628 5077 1658 5128 2.

342 5160 387 5216 112.
401 5176 469 5232 pas.
487 5163 685 5212 sucessionem
702 5175 759 5211 non
769 5154 835 5229 fer.
853 5161 924 5211 Ven.
942 5183 979 5204 -ι
996 5171 1062 5226 per.
1076 5151 1253 5208 traenadtam
1265 5156 1436 5204 sesesssslsus
1447 5143 1660 5216 notescendum.
