4434 5959
475 602 534 667 30>
934 602 1221 670 vlcnottluns

474 742 514 806 In
534 742 591 805 bac
611 761 696 825 ergo·
709 741 891 826 quaestione
912 762 1036 824 semper
1057 742 1097 806 sit
1118 764 1245 806 necesse
1264 754 1311 808 cst
1325 742 1527 808 constitutio.
1572 742 1676 810 Certen
1694 764 1777 808 vero

475 846 537 910 cst,
569 856 649 918 qssac
669 834 806 898 nascitur
826 857 867 898 cx
887 836 1089 917 quaestione,
1112 836 1143 900 id
1165 850 1230 912 cst,
1259 859 1299 899 sn
1324 836 1456 910 iecerit,
1477 858 1516 899 nn
1537 848 1624 901 recte
1649 837 1775 899 iecerit.

474 930 549 992 Hoc
569 940 670 990 temen
691 940 798 992 tenere
828 931 992 1004 debemus,
1026 932 1150 1012 quoda
1173 929 1329 996 Cicerone
1350 942 1383 993 et
1403 951 1494 993 cansa
1516 941 1547 992 et
1567 929 1711 1011 quaestio
1733 933 1776 992 nd

475 1026 601 1087 eandem
623 1023 858 1108 significantiam
879 1023 1124 1104 protertur,ut
1144 1044 1226 1086 nunc
1248 1045 1370 1086 ceresam
1392 1045 1452 1104 pro
1468 1022 1670 1107 quaestione,
1694 1043 1778 1084 niuno

449 1116 687 1201 sqireestioncm
710 1138 769 1198 pro
792 1138 882 1179 cassen
897 1128 1006 1198 ponet.
1051 1116 1162 1191 Itaque
1184 1117 1366 1180 constitutio
1388 1116 1478 1178 tacite
1499 1115 1632 1177 inveniri
1653 1126 1776 1195 potest,

474 1208 1776 1292 mmmmmmmmmmmmhmmmmmmm

417 1339 418 1342 =
474 1324 515 1365 ex
532 1315 640 1366 nostra
661 1324 797 1383 persona
819 1304 1092 1384 proposuerimus,
1117 1304 1262 1364 debemus
1285 1305 1455 1373 attendere,
1479 1301 1553 1383 quid
1567 1302 1605 1362 sd
1626 1302 1777 1365 intentio·

473 1417 544 1459 mm
566 1406 780 1476 competenter
801 1394 989 1477 responderi
1009 1395 1130 1479 possit:
1152 1406 1225 1457 tunc
1246 1396 1275 1457 io
1290 1394 1497 1476 responsione
1519 1394 1773 1458 constitutionem

475 1508 601 1551 necesse
623 1499 670 1550 cst
691 1486 839 1549 inveniri,
1612 1499 1623 1506 “

431 1601 465 1651 to
557 1579 676 1645 Omnis
706 1602 778 1656 res,
811 1602 898 1664 pisae
917 1582 1015 1645 habet
1037 1580 1071 1643 in
1093 1602 1129 1645 se
1147 1581 1296 1664 positam
1318 1580 1354 1643 in
1375 1578 1522 1644 dictione
1542 1602 1583 1642 ac
1605 1581 1778 1664 discepto-

475 1673 565 1736 done
598 1673 747 1757 aliquam
767 1673 1045 1755 controuersiam]
1089 1674 1190 1739 Recte
1226 1675 1262 1737 in
1286 1674 1432 1736 dictione
1456 1694 1495 1734 ac
1518 1673 1778 1757 disceptationes

474 1768 556 1829 Sient
587 1766 666 1829 enirn
700 1769 813 1829 miritae
845 1767 1080 1832 controuersiae
1105 1788 1169 1831 non
1198 1767 1352 1841 dictione,
1390 1778 1424 1828 ut
1445 1765 1605 1846 opiiicum.
1650 1770 1773 1832 Verum

473 1863 559 1943 quod
580 1859 642 1924 nit:
676 1865 772 1943 Quae
803 1864 901 1925 habet
925 1863 961 1925 in
991 1884 1027 1924 se
1053 1863 1203 1944 positam
1233 1862 1269 1923 in
1297 1861 1442 1923 dictione
1469 1878 1510 1920 aa
1532 1858 1775 1941 disceptatione

471 1954 623 2039 aliquam
655 1957 938 2030 controversiam,
973 1954 1077 2018 dictio
1104 1967 1208 2037 potest
1236 1976 1304 2018 esse
1333 1951 1599 2017 demonstrativa
1627 1957 1774 2031 meteria;

430 2057 462 2105 ts
472 2046 657 2129 disceptatio
680 2069 759 2110 vcro
780 2048 998 2112 deliberativa
1021 2060 1053 2109 ct
1073 2048 1255 2111 iudicialis.
1310 2047 1432 2111 Deinde
1454 2043 1551 2107 dictio
1571 2059 1678 2126 potest
1703 2068 1773 2111 esse

473 2140 680 2216 narrationis,
705 2154 737 2203 ut
758 2140 824 2222 ipse
848 2143 908 2205 sit:
938 2142 1077 2205 dicendo
1101 2140 1320 2223 explanando
1340 2150 1419 2202 sunt
1436 2136 1562 2200 omnia.
1606 2138 1775 2222 Discepta-

473 2235 520 2297 tio
552 2255 630 2297 vero
657 2235 865 2319 qrssestionis:
903 2234 947 2299 ibi
975 2235 1055 2298 enirn
1083 2235 1180 2297 totius
1216 2232 1452 2296 coutroversiae
1479 2249 1585 2312 pugne
1615 2246 1773 2318 versatur.

470 2328 562 2411 Ergo
585 2349 787 2412 qttnccunque
808 2350 859 2391 nes
889 2328 991 2411 posita
1012 2328 1043 2390 in
1069 2328 1203 2391 dictione
1228 2350 1265 2390 nc
1289 2322 1513 2407 disceptatione
1540 2320 1615 2385 iacit
1639 2324 1772 2409 aliquam

472 2422 736 2495 controversiam,
770 2443 897 2492 necesse
917 2436 973 2486 estv
985 2423 1098 2484 habeat
1121 2408 1355 2505 qisscstioncm,
1384 2419 1417 2481 id
1437 2425 1500 2490 est,
1520 2417 1774 2485 constitutionem

428 2510 1773 2599 mmmmmmmmwmmwmsfflmmmmffi

471 2617 520 2668 cst
542 2606 742 2690 qtsscstiones
763 2607 832 2670 sinc
860 2607 1110 2671 constitutiones.
1154 2609 1234 2672 Post
1255 2608 1302 2670 bis
1325 2606 1410 2669 debit
1431 2600 1575 2677 nomina,
1598 2604 1710 2684 partim
1733 2630 1776 2672 cx

471 2698 1776 2783 mmmmfflmmumwmfflammmmmmffim

471 2791 727 2866 constitutiones,
751 2815 845 2876 quirem
868 2792 909 2856 ait
930 2793 962 2856 in
984 2795 1069 2857 omni
1090 2793 1308 2858 controversie
1329 2791 1478 2856 intincti
1499 2806 1553 2856 sut
1573 2794 1705 2857 nominis
1721 2801 1776 2853 sut

472 2883 597 2968 generis
630 2897 683 2948 sut
715 2885 848 2949 actionis
878 2885 1088 2971 quaestionem
1118 2909 1185 2951 csse
1218 2895 1382 2969 oportere.
1433 2886 1656 2950 nobiseum
1678 2888 1774 2948 rebus

428 2994 460 3041 2⁵
473 2978 514 3039 sit
534 2998 739 3061 quaecunque
774 2980 990 3042 controversis
1023 3002 1150 3044 necesse
1179 2991 1240 3044 est‘.
1285 2981 1349 3043 Sed
1370 2991 1440 3042 ente
1461 3001 1553 3063 quem
1575 2979 1700 3042 uomina
1721 2980 1776 3039 det

472 3068 766 3146 constitutionibus,
798 3072 904 3134 definit
926 3074 1000 3156 quid
1022 3074 1062 3137 sit
1082 3073 1267 3137 constitutio
1288 3074 1340 3135 vel
1361 3075 1442 3135 node
1463 3083 1621 3135 nascatur.
1662 3075 1775 3154 Quae·

469 3163 629 3239 stionem,
654 3164 770 3247 inquit,
794 3187 841 3227 ese
863 3186 931 3248 qua
948 3167 1100 3229 nascitur
1117 3187 1239 3240 conso,
1262 3168 1348 3228 hanc
1362 3164 1635 3229 constitutionem
1654 3184 1776 3226 vocare

470 3256 639 3319 debemus.
683 3257 909 3338 steestionem·
929 3281 1027 3341 porco
1050 3281 1117 3322 csse
1139 3258 1275 3322 diximus
1299 3279 1408 3322 vocem
1429 3256 1720 3340 utriusquepartis,
1741 3255 1776 3317 id

471 3360 537 3423 est,
549 3346 697 3435 fecisti:
733 3371 802 3414 non
811 3350 894 3443 feci
906 3373 919 3424 ,⁰
942 3354 990 3415 vel
1011 3341 1100 3416 recte
1109 3350 1205 3444 fisci.
1252 3351 1387 3415 Causam
1411 3372 1488 3414 vero
1510 3351 1609 3425 illam,
1634 3372 1671 3413 an
1693 3350 1776 3412 inste

394 3414 402 3447 u
427 3440 595 3507 iniecerit.
639 3442 729 3525 [vel]
752 3445 816 3507 hoc
837 3443 928 3506 etism
950 3444 1105 3520 diximus,
1129 3448 1217 3528 quod
1239 3445 1355 3509 Cicero
1376 3445 1457 3507 idem
1475 3444 1549 3506 velit
1560 3443 1775 3527 quaestionem

470 3553 558 3608 esse,
582 3537 669 3616 quod
689 3557 833 3610 csrssnm3
856 3547 887 3599 ct
908 3541 993 3621 qtsod
1015 3538 1062 3601 bis
1084 3538 1172 3601 ciros
1192 3541 1320 3602 eandem
1342 3536 1576 3621 significantiam
1598 3536 1773 3599 communi·

469 3638 519 3690 ter
540 3639 657 3691 utatur.
700 3629 844 3713 Denique
865 3630 970 3693 stetim
992 3631 1216 3694 demonstrabit
1237 3653 1272 3693 se
1292 3631 1340 3694 his
1363 3631 1408 3693 nti
1430 3630 1648 3693 communiter.

551 3726 640 3788 Εαηι
660 3723 769 3807 igitw
798 3712 1050 3808 qaaestionem,
1088 3747 1135 3787 eac
1155 3745 1224 3808 qua
1243 3746 1349 3788 cosma
1370 3720 1535 3802 nascitur]
1560 3724 1622 3785 Hic
1641 3722 1776 3804 primam

469 3815 547 3881 facit
568 3818 794 3899 qtsaestionem.
837 3818 957 3883 Deinde
980 3817 1034 3880 ubi
1055 3818 1210 3892 ostendit,
1234 3818 1308 3899 quiid
1329 3818 1369 3880 sit
1393 3814 1595 3891 constitutio,
1619 3815 1684 3879 sit:

426 3923 460 3972 35
553 3910 757 3975 constitutio
786 3922 836 3973 est
868 3910 984 3993 primo
1009 3910 1186 4002 coinfiiotio
1211 3910 1406 3993 consanum]
1437 3906 1560 3989 Incipit·
1575 3910 1777 3984 constitutio·

471 3999 561 4064 nibus
583 4002 707 4066 nomina
729 4005 817 4067 dare.

552 4098 665 4178 Quum
672 4094 793 4187 facti,
825 4095 944 4179 inqisit,
976 4096 1208 4160 controuersia
1235 4098 1298 4180 cst]
1342 4099 1429 4161 Idem
1456 4097 1602 4166 debemus
1623 4098 1778 4165 fonteio.

470 4186 631 4271 telligerc,
665 4191 749 4273 quod
781 4188 874 4252 dicta.
932 4192 976 4254 Ut
998 4191 1077 4253 enim
1101 4204 1203 4253 utrum
1226 4192 1343 4275 aliquid
1362 4194 1478 4257 iactum
1502 4196 1561 4272 sit,
1596 4193 1775 4278 quiescitur:

469 4278 511 4341 its
533 4292 563 4343 ct
586 4294 690 4344 nstrum
719 4282 834 4366 aliquid
856 4283 969 4346 dictum
1002 4284 1060 4360 eit,
1098 4296 1206 4367 potest
1234 4286 1355 4369 qttncri.
1399 4280 1505 4367 Quare
1527 4290 1599 4352 huic
1621 4285 1778 4351 constitu·

374 4371 1778 4464 Ammfflmmmmmmwmffimmmmmfflffls

470 4463 674 4550 indagantur,
698 4480 784 4531 recte
805 4470 1016 4533 coniecturae
1037 4491 1151 4534 nomen
1171 4472 1335 4554 imposuit.
1387 4475 1454 4538 nlii
1476 4478 1555 4537 bauo
1577 4472 1779 4538 constitutio·

546 4634 590 4683 12.
609 4626 749 4701 opificum]
770 4656 806 4671 -
824 4648 935 4702 operum
955 4631 1004 4685 ed.
1025 4636 1086 4687 Bes.
1105 4632 1158 4686 On.

543 4706 591 4758 20.
611 4707 741 4771 nominis]
753 4713 859 4756 statum
873 4708 996 4779 intellige
1009 4706 1195 4773 definitivum,
1210 4727 1287 4781 quem
1300 4711 1380 4780 penio
1404 4708 1581 4783 snprnfincm
1598 4708 1667 4762 dixit
1695 4714 1779 4763 csse.

544 4776 616 4833 lbid.
634 4782 758 4847 generis]
786 4788 879 4831 statas
906 4797 960 4847 est,
990 4788 1035 4853 qui
1066 4784 1217 4838 liberorum
1245 4787 1324 4855 sul-go
1349 4785 1470 4855 qualitas
1497 4792 1640 4839 vocitmur,
1688 4782 1778 4836 Hodie

437 4893 439 4897 .
467 4857 658 4923 qssaestionem
681 4858 753 4905 iuris
772 4856 948 4926 appellemus.
968 4858 1050 4910 Csrn.

545 4927 615 4981 lbid.
634 4937 685 4995 ant
714 4934 844 4997 aetionis]
866 4931 1080 4983 translationem
1099 4950 1146 4985 seu
1176 4934 1375 4985 translationem
1402 4943 1516 4987 statum·
1530 4938 1639 4998 innnit,
1671 4930 1704 4983 de
1725 4948 1779 5001 quo

469 5016 542 5129 ptdst
562 5003 596 5055 de
615 5008 715 5131 {eteris
735 5004 959 5077 praecedentibus
978 5007 1127 5060 consulas·
1146 5024 1272 5061 nostruin
1303 5012 1331 5061 in
1359 5012 1560 5079 Quintilianus
1587 5011 1780 5063 Institutione,

482 5094 499 5129 n
519 5091 599 5129 eccm.
643 5096 702 5131 ser.

543 5154 589 5209 50.
608 5153 657 5235 vel
672 5152 735 5221 hoc]
755 5169 793 5207 ce
811 5171 867 5207 oin.
886 5154 934 5207 vet
951 5153 1000 5208 Cd.
1019 5156 1082 5209 Bes.
1102 5155 1156 5210 On.
