4434 5959
530 616 591 681 tte
709 607 712 616 ¹
967 620 1008 688 C.
1034 621 1193 689 lentos
1216 619 1399 686 VICTOR

529 755 739 841 probationes
760 757 871 840 plenae
892 772 1087 845 sequuntur;
1119 760 1172 824 bie
1194 772 1297 825 antem
1319 759 1364 823 aie
1386 759 1484 823 mixta
1505 760 1732 843 probationum
1754 762 1854 827 semi·

482 880 487 887 ¹
530 872 570 915 na
591 852 731 927 habent,
761 862 795 916 ut
816 854 847 917 in
870 855 1059 919 narrationis
1082 871 1197 928 cursu,
1238 874 1305 937 quo
1326 853 1478 919 laborare
1500 876 1594 918 causa
1619 857 1773 930 ridetur,
1803 866 1863 918 aut

530 947 621 1029 qnod
643 965 702 1027 per
726 968 760 1011 se
791 959 844 1009 aut
865 946 1003 1012 invidiae
1031 947 1151 1034 aliquid
1179 945 1357 1009 habiturum
1385 946 1442 1021 sit,
1480 958 1535 1009 ent
1568 969 1680 1029 parum
1709 950 1772 1011 fide
1793 949 1861 1011 lul*

530 1034 645 1103 eiatnr.
670 1040 733 1111 Ut,
757 1041 904 1123 Quintus
926 1042 1104 1125 Ligarius,
1123 1062 1230 1124 quum
1251 1051 1340 1101 esset
1361 1042 1457 1103 nullo
1477 1040 1555 1103 belli
1575 1042 1738 1125 euspicio,
1760 1046 1863 1122 lega·

506 1134 584 1193 ⁵ms
610 1130 645 1193 in
670 1130 835 1220 anfi-icam
851 1132 1050 1224 prefectus,
1081 1155 1150 1197 non
1173 1133 1276 1197 modo
1297 1134 1344 1195 od
1364 1134 1505 1209 bellum,
1535 1134 1596 1197 sed
1614 1156 1656 1198 ιιι
1683 1136 1731 1198 ad
1754 1136 1861 1199 mirri·

532 1245 626 1286 moin
646 1225 782 1308 quidem
803 1226 1033 1309 suspicionem
1060 1228 1154 1303 belli,
1190 1226 1330 1291 domum
1357 1240 1532 1311 opacantia,
1566 1228 1614 1291 od
1634 1250 1715 1294 suos
1739 1229 1860 1292 redire

531 1317 685 1401 cupiens.
729 1320 800 1394 Ita,
839 1325 926 1404 quod
953 1324 1155 1403 exponebat,
1185 1332 1217 1382 et
1240 1322 1361 1383 ratione
1382 1310 1632 1385 feeit'credibile
1659 1332 1691 1383 et
1716 1324 1858 1394 allcetn3

519 1425 745 1476 ,verttmtmuen
776 1434 841 1478 non
872 1416 1165 1499 argumentatione,
1201 1416 1258 1476 sed
1286 1425 1489 1497 argumento.
1534 1416 1569 1478 Si
1595 1417 1721 1499 qnando
1751 1416 1859 1480 onmia

532 1509 687 1568 narranda
709 1520 800 1584 sum,
839 1511 1072 1573 obseruandum
1096 1518 1145 1571 est
1178 1519 1288 1580 eante,
1324 1518 1357 1569 ut
1387 1507 1549 1569 contraria
1581 1510 1862 1589 praetervolemus

491 1601 681 1679 loquantum
704 1602 899 1682 poterimus,
934 1602 1107 1665 minuentes
1129 1621 1279 1685 qnoque,
1303 1598 1394 1661 aliam
1417 1620 1560 1676 canaam,
1585 1601 1675 1662 aliam
1697 1613 1856 1677 mentem,

533 1691 624 1755 aliam
647 1696 801 1759 rationem
825 1688 1013 1771 afferentes,
1046 1694 1203 1757 luxuriam
1227 1692 1393 1757 hilaritatis
1419 1693 1565 1767 nomine,
1588 1693 1753 1757 avaritiam
1780 1716 1859 1775 par·

533 1786 708 1863 simoniae,
733 1789 956 1873 negligentiam
979 1788 1207 1867 simplicitatis,
1230 1798 1263 1850 et
1287 1800 1394 1850 cetera
1415 1789 1447 1849 in
1470 1789 1553 1851 hune
1576 1790 1719 1860 modnm;
1744 1801 1858 1851 nostra

534 1880 800 1963 exaggerantius,
824 1881 990 1945 instantius
1017 1881 1234 1945 immorantes.
1276 1882 1356 1945 Sunt
1385 1902 1516 1956 causae,
1540 1904 1621 1965 qnae
1640 1880 1857 1945 narrationem

533 1975 652 2039 babere
673 1997 737 2039 non
761 1988 915 2058 possunt3
951 1988 986 2041 ut
1007 1976 1034 2039 si
1067 1976 1150 2039 inter
1178 1979 1259 2039 dnos
1289 1976 1327 2037 de
1347 1974 1529 2038 sacerdotio
1552 1984 1746 2058 quaeratur,
1785 1985 1858 2037 riter

491 2066 574 2130 ¹⁵sit
596 2068 742 2150 dignior;
775 2070 807 2133 in
833 2092 897 2153 quo
919 2092 977 2135 nos
996 2069 1064 2134 lalli
1091 2091 1155 2134 non
1178 2079 1328 2153 oportet;
1362 2090 1458 2151 qnum
1479 2072 1519 2131 de
1541 2067 1704 2132 nobilitate
1728 2068 1858 2153 generis

533 2172 586 2223 aut
607 2164 645 2225 de
669 2162 789 2227 meritis
813 2164 1002 2246 disputatur.
1046 2170 1170 2232 Verum
1197 2163 1278 2226 enim
1299 2164 1359 2225 hae
1380 2184 1444 2226 non
1464 2184 1629 2226 causarum
1645 2161 1858 2239 narrationes,

532 2255 589 2315 sed
610 2256 829 2339 quaestionum
851 2257 974 2327 illarum
990 2259 1266 2345 praeparationes,
1291 2269 1363 2320 nter
1384 2258 1545 2331 nobilior,
1570 2268 1642 2319 nter
1657 2256 1771 2319 melior
1790 2275 1858 2317 me·

534 2345 622 2423 ritis,
646 2360 718 2410 uter
734 2351 968 2431 praestantior:
993 2376 1074 2438 quae
1092 2363 1166 2417 eunt
1181 2363 1365 2435 argumenta
1383 2372 1400 2413 a
1422 2372 1574 2432 persona.
1618 2351 1858 2433 Nonnunquam

467 2509 468 2513 Ἰ
534 2460 608 2503 reus
629 2444 840 2509 narrationem
863 2448 1039 2523 subtrahit,
1063 2468 1160 2534 quum
1183 2445 1232 2517 id,
1258 2447 1346 2529 quod
1364 2444 1530 2516 obiicitur,
1548 2464 1651 2526 neque
1669 2445 1781 2527 negari
1799 2463 1859 2505 ne·

492 2543 599 2618 toque
617 2540 762 2603 exettsari
786 2552 910 2620 potest,
935 2544 992 2604 sed
1014 2542 1043 2605 in
1068 2543 1139 2605 sola
1159 2539 1239 2602 ioris
1260 2538 1385 2601 ratione
1409 2539 1565 2600 consistit.
1608 2536 1697 2600 Utin
1719 2557 1779 2610 eo,
1804 2535 1861 2620 qni

535 2629 697 2709 pecuniam
720 2654 760 2695 ex
788 2635 865 2695 aede
885 2656 976 2697 saera
1005 2633 1179 2715 surripuit,
1213 2631 1378 2695 confessio
1400 2631 1612 2704 verecundior
1642 2650 1735 2712 quam
1755 2650 1859 2709 expo·

535 2719 610 2786 sitio
630 2734 689 2791 est.
744 2729 827 2791 Non
847 2748 1015 2810 negamus
1037 2728 1220 2810 pecuniam
1238 2726 1279 2789 de
1299 2729 1428 2808 templo
1453 2748 1526 2789 esse
1547 2726 1715 2791 sublatam
1721 2745 1735 2795 ,·
1763 2726 1860 2785 colar·

536 2816 688 2884 mniotor
707 2831 823 2883 tamen
840 2823 1015 2905 sacrilegii
1036 2822 1131 2905 ogit,
1154 2842 1261 2908 quum
1275 2820 1416 2903 privata
1424 2819 1555 2909 fuerit.
1600 2818 1664 2879 Sed
1685 2828 1717 2879 et
1737 2817 1859 2898 petitor

537 2909 705 2992 aliqnando
727 2916 937 2979 narrationem
957 2917 1135 2991 subtrahit,
1174 2914 1246 2998 quia
1268 2912 1344 2976 satia
1366 2925 1414 2976 est
1437 2911 1677 2995 propositione:
1716 2922 1768 2985 ut,
1798 2934 1858 2993 pe·

494 3004 673 3069 asenniam
693 3018 774 3088 peto
799 3030 845 3073 ca
865 3010 1101 3090 stipulotc'oue;
1138 3012 1294 3091 legatum
1308 3019 1391 3089 peto
1408 3030 1456 3069 car
1476 3014 1704 3070 testamento:
1739 3004 1772 3068 in
1791 3025 1858 3089 qno
1962 3045 1963 3054 ι

537 3098 756 3182 diversa-pars
779 3114 897 3165 tantrun
925 3102 1080 3185 exponit,
1116 3124 1173 3165 eur
1196 3123 1260 3165 non
1286 3103 1450 3164 debeatur.
1495 3101 1538 3163 Et
1558 3097 1788 3183 quodquidam
1811 3098 1859 3160 di·

537 3204 612 3255 erint
637 3215 866 3275 supervacuam
896 3218 965 3260 esse
988 3197 1198 3261 narrationem
1223 3196 1289 3270 rei,
1323 3211 1417 3277 quam
1443 3194 1495 3256 vel
1524 3190 1724 3255 adversarius
1747 3212 1858 3253 narra·

539 3285 641 3359 verit,
665 3289 717 3351 vel
740 3290 835 3359 index
865 3293 1008 3367 noverit,
1044 3292 1088 3355 sie
1119 3290 1355 3369 intelligendum
1386 3298 1453 3362 est,
1476 3287 1503 3349 si
1522 3306 1586 3350 non
1614 3286 1722 3360 modo,
1740 3284 1858 3347 factum

540 3379 617 3463 qnid
637 3377 689 3454 sit,
712 3383 790 3446 sciet
809 3383 924 3458 iudex,
960 3389 1013 3448 sed
1034 3386 1072 3449 ita
1095 3385 1215 3449 snetrrm
1234 3382 1346 3455 etiam,
1371 3393 1404 3443 nt
1427 3381 1518 3443 nobis
1542 3379 1689 3460 expedit,
1714 3378 1861 3462 opinabi-

497 3484 605 3540 aotur.
664 3478 777 3558 Neque
806 3478 886 3541 enim
909 3480 1049 3544 narratio
1075 3480 1105 3541 in
1135 3481 1199 3542 hoo
1223 3489 1351 3558 reperta
1369 3487 1434 3548 est,
1471 3487 1507 3536 nt
1536 3486 1656 3536 tantrun
1678 3484 1858 3557 eognoscat

539 3568 651 3647 iudex,
673 3573 730 3631 aed
748 3570 909 3654 aliquanto
931 3575 1044 3654 magis,
1070 3584 1115 3647 ut,
1133 3572 1394 3657 quemadmodum
1412 3591 1470 3631 nos
1483 3569 1641 3641 volumus,
1655 3580 1779 3651 gestum
1799 3588 1860 3648 pu·

538 3672 599 3729 tet,
653 3662 762 3742 Quare
790 3665 899 3740 etiam,
939 3665 966 3727 si
995 3687 1058 3729 non
1082 3665 1141 3728 erit
1164 3666 1346 3737 doeendus,
1386 3666 1442 3725 sed
1464 3660 1634 3744 aliquando
1653 3658 1857 3733 afficiendus,

540 3756 738 3821 narrabimus
766 3756 848 3821 inter
881 3780 952 3823 nos.
997 3760 1034 3823 In
1061 3757 1226 3824 narrandis
1263 3757 1330 3832 his,
1356 3777 1450 3842 'qnae
1482 3766 1557 3819 nota
1587 3764 1679 3827 eum,
1717 3753 1860 3835 plurimis

541 3850 653 3935 liguris
677 3852 832 3925 orationis
863 3853 921 3917 erit
952 3854 1101 3916 varianda
1132 3851 1293 3933 expositio
1320 3852 1360 3912 ad
1390 3847 1602 3933 effugiendum
1632 3844 1789 3922 taedium,
1826 3857 1861 3909 ut

499 3952 531 4003 ta
542 3944 665 4009 assidue
690 3945 887 4023 iniieiamus,
923 3968 965 4010 ne
998 3958 1188 4031 graventur
1211 3944 1381 4009 rationem
1404 3964 1537 4027 quoqne
1559 3961 1785 4024 cognoscere,
1809 3940 1861 4003 vel

540 4042 627 4105 ιίιιιι
649 4040 868 4112 ιιιιιιιίιιίιιὶιι
896 4042 948 4103 vel
959 4040 1128 4131 sortasse
1151 4058 1398 4119 supervacuum
1410 4035 1535 4126 floerit
1558 4036 1612 4097 liic
1632 4034 1861 4104 commorare}

542 4135 594 4199 vel
617 4134 700 4222 quid
723 4157 788 4219 ego
810 4133 969 4199 diutius?
990 4156 1095 4219 quum
1110 4146 1149 4197 tu
1168 4131 1295 4214 optime
1317 4130 1433 4194 noris:
1455 4130 1549 4195 ethis
1571 4126 1695 4193 similia.
1741 4126 1861 4208 Quaeri

541 4229 643 4302 solet,
677 4250 714 4291 an
737 4230 777 4291 sit
796 4228 906 4314 utique
933 4227 1074 4293 narratio
1100 4224 1289 4309 prohoemio
1310 4224 1516 4306 subserenda.
1565 4223 1630 4285 Sed
1650 4222 1715 4284 boe
1735 4220 1860 4285 interim

543 4334 642 4385 inritat
664 4321 812 4390 condicio
843 4343 1021 4390 caricarum.
1080 4323 1159 4386 Ideo
1172 4330 1203 4381 et
1229 4316 1353 4381 Tullius
1377 4337 1437 4398 pro
1464 4315 1590 4379 Milone
1609 4314 1729 4378 distulit
1749 4336 1861 4378 narra·

500 4414 658 4479 lotionem
675 4417 776 4478 tribus
795 4416 970 4498 propositis
990 4414 1241 4499 quaestionibus.
1285 4411 1373 4473 Nihil
1392 4408 1473 4474 enim
1491 4408 1665 4491 proluissct
1682 4426 1858 4489 exponere,

544 4510 706 4594 quomodo
729 4510 845 4577 Miloni
868 4510 995 4575 insidias
1014 4508 1142 4571 lecisset
1165 4505 1320 4580 Clodius,
1343 4504 1405 4570 nisi
1425 4502 1475 4566 las
1497 4514 1580 4566 esset
1602 4522 1690 4576 cum,
1714 4500 1772 4584 qui
1793 4519 1861 4564 ase

543 4602 701 4668 hominem
725 4605 861 4689 occisum
883 4606 1058 4680 fateretur,
1093 4599 1239 4664 delendi:
1274 4608 1306 4661 et
1328 4609 1453 4671 cetera,
1485 4618 1566 4681 qnae
1589 4593 1769 4657 necessario
1791 4604 1861 4656 ante

543 4696 757 4762 narrationem
780 4708 827 4759 est
848 4710 1028 4763 exsecutus.
1087 4692 1214 4760 Etenim
1242 4692 1300 4753 hae
1323 4710 1453 4776 quoqne
1476 4689 1675 4774 quaestiones
1697 4686 1763 4750 vim
1784 4706 1862 4767 pro·

543 4788 659 4853 boemii
681 4778 842 4867 obtinent,
868 4814 949 4877 quae
971 4789 1102 4855 indicem
1126 4796 1333 4870 praeparant,
1358 4796 1390 4846 ut
1411 4783 1503 4846 etiam
1526 4782 1606 4848 idem
1629 4781 1767 4845 Marcus
1783 4781 1861 4846 Tul·

501 4888 608 4953 telius
627 4886 715 4951 lecit.
760 4884 856 4965 Quod
876 4886 933 4952 fiet
954 4882 1073 4949 utiliter
1094 4882 1186 4948 etiam
1209 4878 1240 4944 in
1263 4876 1508 4960 anticategoria3
1539 4888 1573 4939 ut
1593 4874 1738 4937 refutatis
1759 4874 1858 4956 prius,

544 4992 634 5071 quae'
648 4981 774 5048 obieeta
795 4990 883 5055 sunt,
924 4977 1022 5041 veluti
1043 4978 1165 5041 initium
1187 4974 1227 5038 sit
1249 4972 1398 5037 narrandi
1425 4970 1523 5035 aliud.
1577 4967 1693 5032 Similis
1721 4964 1861 5029 narratio

632 5136 654 5190 3.
675 5138 859 5207 ῦοιιραιιιιιιι
870 5134 959 5199 fldem.
998 5132 1039 5186 ¹2.
1059 5122 1157 5195 nostra]
1176 5135 1213 5182 lta
1233 5134 1293 5182 cet.
1323 5130 1365 5184 32.
1385 5132 1449 5195 Lep,
1468 5132 1552 5193 eliqua
1569 5128 1650 5179 mode.
1670 5128 1717 5176 0⁸.
1739 5124 1782 5175 40.
1801 5126 1858 5185 la}-

678 5210 843 5275 praepositis.
863 5206 911 5257 Oa.
