4434 5959
551 482 612 545 tte
1055 504 1059 515 ’
1087 486 1322 552 uolutatus

550 643 631 705 quae
655 622 695 686 ita
727 624 1001 700 abalienabantur,
1039 637 1074 689 ut
1097 648 1133 692 ea
1165 626 1353 691 abalienatio
1382 648 1443 710 per
1470 628 1624 710 quandam
1649 649 1752 692 nexus
1778 629 1872 693 fleret

507 776 512 787 ,
547 717 783 783 solennitatem.
828 721 939 782 Nesus
965 740 1043 785 reno
1064 733 1113 783 est
1132 723 1283 807 quaedam
1307 718 1383 785 iuris
1403 722 1593 796 solennitas,
1617 744 1698 807 quae
1713 723 1811 787 tiebat
1829 746 1870 789 eo

549 816 665 885 sinodo,
690 813 800 896 quoin
819 814 1076 879 Institutionibus
1095 816 1195 879 Gaius
1210 816 1356 897 exponit.
1401 814 1551 877 Eiusdem
1569 827 1671 877 antem
1688 816 1764 880 Gaii
1783 818 1871 881 libro

548 910 653 989 primo
681 909 917 975 institutionum
945 914 983 973 de
1006 932 1090 973 nexu
1115 910 1261 973 iaciendo
1289 911 1369 973 haee
1399 911 1496 971 verba
1520 921 1610 971 siant:
1648 909 1733 981 ,Est
1765 923 1870 974 autem

522 1008 536 1055 l
549 1004 755 1085 mancipatio,
794 1014 942 1085 utsupra
970 1025 1100 1087 qnoque
1122 1002 1348 1077 indicavimus,
1372 1000 1556 1087 imaginaria
1578 1005 1732 1085 quaedam
1758 1004 1871 1066 vendi-

547 1097 612 1160 tio:
653 1101 738 1180 quod
761 1098 862 1180 ipsum
883 1099 931 1160 ius
954 1098 1120 1179 proprium
1146 1099 1366 1163 Romanorum
1385 1107 1434 1160 est
1454 1094 1590 1159 cisium:
1625 1115 1725 1177 eaque
1746 1117 1802 1160 res
1826 1096 1871 1161 ita

547 1189 671 1275 agitur,
711 1188 858 1253 adhibitis
890 1211 953 1253 non
985 1192 1087 1255 minsis
1115 1212 1209 1275 quam
1239 1190 1378 1275 quinque
1404 1190 1536 1253 testibus
1567 1189 1689 1253 civibus
1711 1191 1870 1254 Romanis

545 1284 718 1365 puberibus
750 1294 780 1345 et
809 1295 977 1365 praeterea
1008 1284 1070 1348 alio
1104 1285 1242 1347 eiusdem
1272 1283 1489 1359 condicionis,
1527 1282 1582 1367 qui
1602 1282 1713 1344 libram
1738 1304 1869 1347 aeneam

547 1387 673 1451 teneat,
699 1376 751 1460 qui
769 1377 947 1459 appellatur
963 1377 1129 1461 libripens.
1166 1378 1217 1454 Is,
1242 1379 1297 1462 qui
1319 1377 1505 1458 mancipium
1525 1377 1661 1463 accipit,
1685 1398 1737 1439 aes
1756 1390 1869 1441 tenens

502 1468 585 1531 sniis
617 1470 714 1533 dicit:
753 1472 850 1533 Hunc
881 1492 946 1535 eno
975 1492 1138 1537 nominent
1168 1493 1211 1532 nx
1240 1492 1314 1533 runs
1342 1466 1543 1551 01111111ιί11ἱ
1554 1492 1653 1535 meum
1677 1494 1752 1535 esse
1786 1492 1865 1547 nto,

545 1584 638 1637 :sous
662 1584 742 1625 nint
766 1584 893 1628 anterus
918 1586 977 1628 esr
1000 1587 1065 1629 noc
1089 1589 1173 1629 nene
1197 1584 1371 1639 :sunnone
1393 1585 1504 1627 nausa.
1548 1566 1672 1633 Deinde
1695 1586 1771 1631 aere
1789 1587 1867 1647 per-

544 1657 623 1720 cutit
652 1658 783 1731 libram,
815 1658 911 1741 idque
934 1679 987 1721 aes
1010 1661 1062 1723 dat
1086 1661 1135 1734 ei,
1160 1680 1263 1740 aquo
1291 1657 1480 1740 mancipium
1503 1660 1637 1742 accipit,
1661 1662 1751 1745 quasi
1770 1661 1868 1742 pretii

543 1752 653 1816 loco.''
698 1752 914 1836 Quaecunque
934 1751 1032 1835 igitur
1049 1776 1100 1817 res
1123 1754 1195 1837 lege
1215 1751 1381 1816 duodecim
1405 1752 1582 1817 tabularum
1607 1755 1697 1818 aliter
1721 1756 1781 1818 nisi
1807 1776 1868 1837 pet·

543 1848 624 1911 lianc
647 1845 865 1909 solennitatem
883 1846 1052 1910 abalienari
1072 1869 1135 1911 non
1159 1857 1300 1929 poterat.
1337 1844 1426 1921 †sui
1441 1844 1517 1908 iuris
1541 1860 1643 1911 autem
1664 1861 1792 1913 ceterae
1813 1870 1866 1911 res

500 1948 602 2005 tinec
631 1938 766 2021 mancipi
807 1942 1013 2007 vocabantur.
1081 1942 1219 2005 Eaedem
1252 1959 1331 2003 rero
1359 1938 1452 2001 etiam
1485 1938 1518 2002 in
1549 1938 1619 2004 inre
1655 1944 1865 2005 cedebantur.

542 2034 658 2100 Cessio
686 2054 763 2096 vero
794 2032 848 2095 tali
878 2034 973 2096 liebat
1006 2038 1123 2110 modo,
1161 2045 1197 2097 ut
1223 2034 1363 2097 seeundo
1395 2035 1625 2098 commentario
1656 2034 1738 2097 idem
1764 2034 1866 2099 Gaius

541 2126 712 2211 exposuit:
751 2126 811 2199 ,ln
842 2125 910 2191 iure
940 2139 1042 2190 autern
1074 2127 1177 2192 cessio
1208 2126 1245 2191 lit
1272 2128 1335 2189 boe
1365 2128 1473 2193 modos
1526 2128 1622 2208 Apud
1643 2127 1866 2211 magistratum

541 2220 652 2304 populi
675 2221 813 2284 Romani
838 2220 888 2282 vel
908 2223 991 2301 apud
1012 2237 1195 2303 praetorem
1225 2220 1279 2282 rel
1301 2221 1386 2301 apud
1403 2219 1579 2300 praesidem
1602 2221 1789 2302 provinciae
1810 2218 1864 2291 is,

540 2315 590 2377 cui
612 2312 712 2377 resin
735 2312 803 2375 iure
825 2313 968 2388 ceditur,
1000 2335 1066 2377 rein
1090 2326 1198 2377 tenens
1220 2314 1261 2375 ita
1290 2313 1445 2375 vindicat:
1491 2314 1587 2374 Hune
1613 2335 1675 2377 seo
1698 2336 1863 2377 nominans

496 2416 529 2467 11
541 2428 583 2469 nx
608 2428 682 2468 tune
706 2406 893 2485 Qututrtuut
916 2429 1015 2469 ninum
1039 2430 1113 2473 esse
1137 2428 1205 2475 nio.
1248 2404 1393 2481 Deinde,
1415 2416 1586 2489 postquam
1606 2408 1657 2471 bic
1681 2409 1862 2471 vindicare·

539 2500 600 2575 rit,
626 2510 758 2581 praetor
778 2502 959 2583 interrogat
982 2518 1070 2578 eritn,
1104 2502 1158 2587 qui
1180 2502 1285 2577 cedit,
1316 2523 1354 2564 an
1377 2510 1490 2563 contra
1514 2500 1662 2567 vindicet.
1707 2494 1785 2581 Qiio
1805 2522 1861 2563 ue·

539 2607 633 2677 gente
655 2605 707 2655 aut
731 2605 874 2669 tacente,
906 2606 981 2656 tsine
1005 2595 1053 2669 ei,
1093 2595 1149 2680 qui
1171 2595 1397 2669 vindicaverit,
1421 2614 1488 2656 eam
1511 2616 1576 2657 retu
1600 2594 1733 2657 addicit:
1764 2594 1862 2679 idque

538 2688 619 2771 legis
640 2686 725 2752 actio
749 2686 917 2751 vocatur.''
975 2688 1041 2753 Res
1059 2689 1176 2772 igitur,
1213 2711 1293 2771 quae
1316 2687 1450 2770 mancipi
1471 2700 1566 2764 saint,
1604 2700 1659 2751 ant
1682 2681 1791 2765 nean,
1825 2700 1862 2752 nt

540 2780 748 2854 dictumest,
780 2780 1058 2856 abalienabantur,
1096 2795 1149 2845 aut
1171 2782 1201 2845 in
1224 2784 1292 2844 iure
1310 2781 1466 2845 cessione.
1510 2782 1578 2844 Has
1599 2782 1858 2845 antemsolenni·

492 2864 616 2937 ¹⁵tates
635 2875 782 2958 quasdam
807 2893 874 2935 esse
889 2871 984 2947 iuris,
1008 2876 1283 2957 exsuperioribus
1309 2875 1382 2938 Gaii
1400 2873 1505 2937 verbis
1528 2876 1717 2938 ostenditur.
1763 2878 1811 2939 A:
1832 2876 1860 2939 si

537 2987 573 3030 ea
596 2988 670 3043 res,
702 2986 783 3050 quae
808 2966 941 3049 mancipi
960 2978 1026 3043 est,
1062 2970 1145 3031 nuilla
1167 2969 1356 3033 solennitate
1377 2966 1566 3049 interposita
1589 2971 1750 3043 tradatur,
1782 2972 1860 3030 aba·

537 3058 651 3124 lienari
671 3082 733 3124 non
752 3060 890 3142 poterit,
915 3060 973 3125 nisi
996 3062 1035 3123 ab
1056 3083 1114 3139 eo,
1138 3061 1188 3125 ciii
1211 3063 1367 3137 traditur,
1392 3059 1609 3142 ususcapiatnr.
1652 3062 1746 3141 Quae
1760 3084 1858 3147 quum

535 3152 577 3216 ita
597 3154 681 3229 sint,
703 3165 792 3217 recte
813 3154 939 3217 delinita
962 3164 1011 3216 est
1032 3159 1202 3219 secundnm
1224 3154 1410 3219 divisionem
1433 3154 1622 3217 abalienatio
1644 3155 1693 3217 rei
1707 3155 1857 3237 mancipi,

536 3246 677 3321 scilicet,
712 3267 792 3330 quae
821 3259 875 3309 aut
907 3268 1006 3311 nexus
1038 3249 1208 3313 traditione
1238 3259 1291 3312 aut
1323 3248 1355 3310 in
1390 3246 1460 3309 iure
1494 3249 1639 3318 cessione
1676 3250 1855 3332 perficitur.

493 3334 616 3401 8θΝαιιι
646 3360 724 3420 pura
748 3340 915 3404 traditione
938 3341 1127 3405 abalienatio
1154 3342 1200 3405 rei
1222 3341 1356 3422 mancipi
1371 3361 1448 3404 non
1475 3340 1668 3421 explicatur.
1726 3344 1857 3424 Species

536 3450 617 3493 vero
640 3433 695 3493 bas
718 3452 809 3505 esse,
841 3450 904 3495 non
926 3446 1052 3515 partes,
1086 3436 1157 3499 binc
1178 3434 1386 3518 intelligitur,
1410 3433 1504 3518 quia,
1529 3435 1646 3517 siquis
1673 3458 1757 3499 nexu
1780 3438 1857 3497 aba·

534 3524 630 3589 lienet
649 3546 715 3589 rem
741 3526 892 3610 mancipi,
927 3530 976 3604 id,
1007 3531 1201 3613 quodsunrn
1222 3529 1301 3604 fuit,
1325 3528 1356 3591 in
1380 3528 1509 3590 alterius
1529 3539 1734 3609 postestatem
1756 3530 1855 3610 pleno

534 3618 602 3681 iure
626 3620 833 3683 transtulerit.
886 3621 981 3700 Quod
1003 3624 1030 3684 si
1053 3622 1144 3685 etiam
1165 3622 1196 3685 in
1226 3622 1295 3687 iure
1316 3623 1426 3695 cedat,
1463 3622 1591 3703 plenum
1614 3622 1856 3685 abalienationis

534 3712 583 3775 ius
606 3713 683 3775 erit.
725 3714 789 3777 Ubi
812 3725 914 3778 autem
933 3700 1195 3797 plenum'uomen
1217 3716 1303 3791 eius,
1326 3716 1413 3802 quod
1434 3713 1600 3791 dividunt,
1625 3728 1732 3799 partes
1753 3714 1856 3777 susci·

491 3807 645 3887 sapiunt,
674 3806 753 3869 illud
775 3829 875 3892 genus
897 3819 928 3872 et
949 3812 1006 3871 has
1028 3808 1149 3889 species
1172 3808 1435 3890 esse‘paullulum
1459 3828 1590 3891 quoque
1611 3806 1774 3870 dialectica
1797 3828 1855 3871 co·

535 3898 678 3983 gnitione
699 3898 838 3963 imbutus
861 3902 1020 3987 iutelligit.
1065 3903 1157 3983 Quae
1179 3923 1274 3986 quum
1298 3901 1339 3963 ita
1362 3900 1440 3977 siut,
1472 3902 1577 3963 divisit
1599 3900 1718 3967 Cicero
1741 3902 1854 3965 defini-

534 3992 651 4056 tionem
674 3992 704 4056 in
728 3996 804 4057 duas
826 4009 951 4077 partes,
977 4018 1087 4072 atnam,
1119 4015 1203 4079 quae
1225 3993 1360 4076 partium
1383 3992 1619 4057 enumeratione
1640 3995 1752 4071 fieret,
1776 3996 1856 4057 alte·
1926 4024 1931 4032 ¹

531 4104 621 4160 ram,
660 4107 742 4171 qnae
775 4110 834 4170 per
866 4090 1002 4172 partium
1037 4086 1238 4153 divisionem.
1298 4088 1441 4168 Utraque
1471 4107 1550 4151 vero
1580 4087 1722 4152 delinitio
1745 4101 1853 4169 partes

532 4191 707 4244 satiauerat.
766 4184 830 4245 sed
858 4184 919 4249 hoe
946 4184 1096 4257 interest,
1134 4180 1208 4266 quia
1236 4182 1315 4243 baec
1342 4180 1468 4263 quidem
1500 4180 1640 4261 speeies,
1684 4180 1738 4245 ille
1773 4200 1852 4243 vero

489 4270 671 4336 limembsa
695 4276 845 4355 partitur.
903 4276 966 4339 Hic
988 4277 1153 4344 suboritur
1174 4275 1320 4359 quaestio
1343 4274 1433 4337 valde
1456 4272 1602 4337 difficilis.
1645 4275 1726 4339 llam
1748 4274 1776 4336 si
1798 4276 1853 4337 de·

531 4364 633 4431 linitio
656 4378 703 4431 cst
725 4366 818 4433 etiam
838 4370 995 4451 partitio,
1019 4370 1131 4435 miriiin
1155 4370 1253 4446 videri
1275 4379 1401 4451 potest,
1425 4370 1690 4451 quemadmodum
1708 4370 1792 4429 alter
1812 4367 1852 4430 sit

606 4581 633 4639 5.
666 4579 768 4653 Gales]
796 4582 873 4637 Eine.
899 4612 937 4627 -
964 4579 1270 4653 variandumque.
1314 4579 1343 4637 lt.
1362 4580 1427 4634 Gau
1450 4582 1575 4633 institut.
1595 4580 1618 4633 l.
1637 4578 1662 4647 i.
1684 4582 1748 4636 119.
1770 4574 1852 4631 Corsi.

531 4650 568 4707 tt.
589 4656 612 4719 t.
633 4654 679 4713 65.
730 4659 756 4713 t.
777 4656 976 4726 indicavimus]
996 4658 1123 4711 diximus
1142 4658 1206 4711 Gstt
1229 4654 1298 4713 eod.
1349 4658 1378 4713 6.
1396 4666 1471 4725 quon
1489 4663 1517 4707 es
1537 4661 1626 4725 ipsun
1645 4659 1691 4707 tus
1705 4660 1853 4726 proprian

529 4734 631 4781 stettin:
660 4728 847 4787 Rornanorum
871 4741 914 4785 sat
942 4735 1006 4788 Gau
1034 4731 1102 4787 eod.
1153 4737 1180 4789 9.
1209 4736 1349 4793 mancipio
1373 4731 1437 4785 Gaii
1460 4727 1530 4783 cod.
1581 4728 1652 4783 lbid.
1670 4746 1721 4781 sees
1741 4730 1849 4795 tenens]

527 4806 849 4861 rantenemGstiCod.
881 4814 922 4867 12.
935 4811 1147 4881 menctptottsit
1158 4804 1228 4861 cod.
1257 4805 1301 4861 ib.
1317 4807 1573 4877 Locnseosruptns.
1607 4802 1772 4859 Addendem
1787 4804 1850 4857 ion.

527 4884 650 4950 aaraneipt’
662 4896 723 4953 post
734 4888 857 4952 poterat.
870 4888 912 4941 16.
929 4888 1050 4937 institut.
1063 4884 1096 4937 ΙΙ.
1108 4882 1131 4949 §.
1145 4882 1191 4939 2'l.
1213 4885 1259 4937 17.
1271 4881 1304 4933 In
1314 4886 1374 4931 im
1383 4886 1472 4931 cessio
1481 4878 1634 4931 aestemhoc
1643 4879 1777 4953 modofit
1787 4880 1850 4935 Gstt

527 4954 595 5007 Coti.
636 4962 679 5013 18.
698 4958 748 5009 vel
760 4967 923 5027 praetorem
944 4966 1012 5023 (om.
1032 4959 1120 5029 apesd)
1140 4954 1285 5013 Genitod.
1325 4961 1371 5011 22.
1390 4961 1434 5006 tta
1453 4954 1523 5005 dicit
1540 4960 1606 5007 (inii
1625 4956 1696 5009 ced.
1735 4960 1783 5016 23.
1801 4970 1849 5007 νο·

528 5031 620 5096 ester]
639 5028 716 5085 liius.
735 5048 799 5086 corn
818 5036 883 5089 Gstt
904 5035 971 5089 cod.
990 5034 1198 5087 -voeabatur
1217 5030 1286 5087 usu.
1325 5031 1371 5089 26.
1391 5025 1472 5085 esst.
1490 5030 1557 5083 Gstt
1577 5028 1702 5084 laetitae.
1714 5033 1752 5085 lt.
1766 5031 1792 5097 i.
1804 5035 1847 5089 tt.
