4434 5959
915 644 1007 707 LlB.
1029 643 1059 708 l.
1511 653 1513 660 ’
1598 647 1636 710 27

415 785 572 866 Quodsi
599 805 759 868 magnam
782 785 818 846 in
838 784 892 847 lais
906 784 1016 880 'rebus
1038 785 1274 863 Hermagoras
1294 785 1465 850 habadsset
1473 784 1638 877 saccelia-

342 889 402 940 tem
415 877 531 941 cnidio
550 890 586 939 et
606 878 785 960 disciplina
803 876 1050 960 comparatmn]
1105 877 1261 953 Ostendit,
1285 879 1399 962 quibus
1421 884 1515 942 rebus
1537 881 1637 944 lacul-

343 983 429 1033 tatem
450 970 550 1034 totius
569 971 717 1034 scientiae
737 990 984 1053 consequamur:
1007 969 1139 1044 studim
1163 971 1282 1052 iuquit,
1303 985 1336 1034 et
1350 973 1539 1055 disciplina.
1564 977 1638 1037 Stu-

343 1065 417 1125 dium
434 1075 484 1126 cst
505 1065 600 1126 aniani
622 1084 794 1128 cousensus
815 1068 852 1125 ad
874 1063 1004 1147 aliquid.
1055 1063 1227 1142 Disciplina
1248 1077 1295 1126 eat
1315 1079 1501 1147 praecepta,
1525 1067 1638 1150 quibua

343 1157 473 1236 acceptis
493 1157 543 1232 id,
568 1159 656 1240 quod
674 1157 902 1231 desideramus,
925 1156 1106 1237 implentum
1128 1155 1234 1240 itaque
1254 1157 1387 1222 stttdium
1409 1159 1440 1220 iu
1463 1159 1554 1224 nobis
1577 1159 1664 1233 est,⁵

344 1263 540 1332 praecepium
562 1263 652 1314 extra
674 1272 750 1326 nos,
772 1254 827 1314 sed
849 1252 887 1312 ad
909 1271 979 1312 nos.

418 1347 539 1427 Neque
560 1365 602 1408 eo
622 1345 717 1420 dico,
746 1345 838 1428 quod
855 1363 915 1406 ars
932 1342 1025 1416 eius,
1056 1365 1159 1427 quam
1189 1343 1312 1419 edidit,
1350 1345 1432 1408 mihi
1454 1343 1639 1410 mendosis·

345 1437 422 1499 sime
448 1437 581 1519 scripto
602 1437 771 1517 uideatur]
813 1441 869 1502 cc
895 1435 946 1530 pis
965 1445 1034 1509 est,
1067 1436 1186 1520 inquit,
1220 1437 1255 1499 in
1276 1441 1512 1520 Hermagora,
1547 1452 1586 1502 ιιι
1608 1440 1641 1503 ei

345 1531 440 1594 citius
460 1530 570 1614 quinis
589 1531 718 1594 adimat
744 1531 964 1603 rhetoricam,
989 1550 1091 1612 qasant
1104 1531 1354 1612 philosophiam
1368 1529 1538 1596 concedat.
1574 1533 1641 1597 Sed

345 1643 423 1691 non,
445 1623 560 1704 inquit,
584 1623 661 1688 ideo
680 1627 743 1687 laoc
759 1623 854 1698 diai,
879 1621 970 1706 quod
989 1621 1072 1684 milri
1092 1643 1153 1686 are
1171 1623 1258 1698 eins,
1281 1645 1383 1708 qnam
1401 1623 1524 1699 edidit,
1548 1627 1638 1688 men·
1652 1627 1683 1677 10

346 1715 516 1804 doaisaime
547 1717 676 1799 scripta
703 1717 869 1779 uideatur.
912 1715 979 1778 Iam
1009 1737 1104 1798 quum
1131 1717 1261 1780 sitnon
1281 1717 1551 1792 mendosissime,
1575 1739 1638 1781 uon

346 1820 434 1890 negat
455 1809 628 1872 mendose.
680 1811 724 1874 Et
745 1810 891 1890 quoniam
915 1807 993 1870 dixit
1014 1809 1132 1892 aliquid
1153 1831 1220 1872 esse
1241 1809 1271 1872 iu
1295 1810 1360 1872 eius
1382 1811 1517 1886 artibus,
1556 1813 1642 1894 quod
1722 1882 1728 1888 ¹

347 1901 382 1962 sit
400 1903 620 1982 probandum,
654 1904 771 1986 quippe
793 1923 873 1986 quiae
894 1921 955 1964 uon
973 1901 1208 1964 mendosissime
1229 1901 1364 1984 scriptae
1384 1915 1474 1978 sunt,
1510 1903 1551 1964 ait
1572 1923 1641 1966 eum

347 1993 435 2054 mdta
448 2015 490 2054 ex
511 1993 650 2077 antiquis
665 1995 783 2058 artibus
805 1993 982 2078 collegisse,
1006 2005 1052 2069 nt,
1076 1995 1101 2056 si
1119 1996 1193 2078 quid
1206 1995 1291 2059 sorte
1305 1997 1467 2078 probabile
1483 2007 1542 2069 est,
1567 1995 1641 2058 alie·

347 2109 410 2146 ιιιιιι
431 2085 487 2148 sit.
529 2087 651 2150 Deinde
670 2109 763 2171 qun
782 2100 883 2152 asmte
905 2085 950 2148 ibi
975 2087 1196 2170 Hermagorae
1218 2089 1269 2151 dat
1289 2089 1444 2172 ingenium
1460 2103 1491 2154 et
1508 2089 1641 2175 diligen·
1653 2092 1684 2142 ¹⁶

346 2181 431 2256 tiara,
455 2181 510 2242 uhi
527 2181 587 2242 sibi
610 2183 648 2244 de
669 2182 777 2244 alicam
799 2182 894 2244 multa
912 2180 1089 2263 conquirit:
1116 2180 1265 2265 alioquin,
1290 2183 1344 2244 tibi
1363 2183 1492 2270 propt-ip
1507 2183 1572 2246 eius
1593 2183 1642 2244 in-

346 2283 432 2333 venta
452 2273 642 2354 perscribit,
677 2275 751 2338 nihil
770 2273 815 2337 illi
837 2276 949 2337 horum
974 2275 1063 2362 aas„
1081 2274 1156 2356 quin
1178 2273 1273 2339 immo
1295 2277 1387 2339 mttlta
1407 2277 1510 2351 tollit,
1548 2296 1642 2358 quum

346 2367 398 2429 ait:
420 2369 467 2430 m
487 2366 642 2429 nonnihil
658 2368 729 2451 ipse
748 2389 879 2452 qnoque
895 2366 974 2430 noui
987 2367 1186 2448 procidisse.
1751 2371 1754 2379 ⁴

424 2463 556 2526 Verum
582 2460 717 2524 oratori
743 2462 920 2524 minimum
951 2472 1003 2522 est
1026 2459 1068 2523 de
1093 2471 1168 2523 arte
1197 2463 1305 2546 loqui,
1336 2465 1428 2548 quod
1452 2462 1506 2524 hie
1527 2459 1642 2552 fecit:

347 2555 448 2616 nmo
467 2553 660 2616 maximum
673 2577 721 2616 ea·
741 2567 817 2617 aree
838 2555 966 2629 dicere,
990 2554 1081 2637 qnod
1100 2576 1176 2617 eum
1196 2555 1330 2619 minime
1350 2555 1502 2640 potuisse
1511 2552 1684 2645 facere²⁰

345 2667 456 2709 omnes
476 2646 643 2728 uidemus]
685 2649 808 2712 Orator
831 2649 895 2711 dito
919 2647 1035 2708 habere
1060 2649 1170 2722 debet,
1202 2661 1235 2710 ut
1257 2661 1352 2712 artem
1376 2653 1478 2713 tradat
1501 2647 1640 2723 dicendi,

345 2753 375 2802 ut
395 2739 463 2822 ipse
485 2760 527 2802 ex
548 2750 617 2804 arte
638 2740 740 2804 dicat:
763 2742 818 2804 sed
839 2739 977 2805 officium
1000 2739 1066 2802 eius
1088 2743 1151 2804 hoc
1175 2761 1281 2804 verium
1305 2756 1367 2818 est,
1393 2757 1425 2806 ut
1447 2764 1487 2805 ex
1510 2755 1575 2803 arte
1594 2741 1642 2802 di-

345 2844 401 2895 cat.
445 2833 529 2896 illud
549 2845 652 2897 autem
675 2833 837 2908 accidens,
860 2844 895 2895 ut
917 2844 1013 2894 artem
1036 2833 1155 2897 dicendi
1177 2837 1295 2908 tradat,
1320 2839 1405 2918 quod
1420 2835 1554 2897 rhetoris
1569 2833 1643 2895 offi-

345 2923 420 2988 cium
442 2926 546 2988 solum
570 2936 629 2988 est.
687 2926 780 3010 Ergo
806 2947 870 2990 non
891 2925 1016 3009 quidem
1039 2925 1111 2986 mihi
1134 2921 1348 3010 Haimagoras
1372 2927 1645 2989 videturtneudo·

346 3017 460 3082 sissime
481 3029 567 3080 artes
589 3017 775 3100 scripsisse:
809 3021 862 3082 sed
885 3017 1008 3082 oratori
1029 3019 1193 3080 maxiumm
1217 3019 1290 3082 illud
1313 3031 1379 3095 est,
1404 3041 1466 3083 non
1488 3031 1523 3081 ut
1546 3031 1642 3082 artem
1655 3020 1686 3072 2⁵

346 3115 460 3186 tradat,
482 3112 572 3195 qnod
585 3112 724 3175 rhetoris
742 3112 907 3195 proprium
931 3123 995 3184 est;
1018 3113 1072 3173 sed
1088 3123 1121 3171 ut
1142 3131 1182 3173 ex
1204 3124 1272 3174 arte
1294 3111 1390 3186 dicat,
1414 3113 1501 3196 quod
1522 3110 1644 3175 oratori

346 3205 473 3268 mamare
496 3217 545 3268 est
565 3205 786 3268 necessarium.
841 3202 943 3268 Tollit
969 3225 1049 3286 ergo
1079 3205 1298 3288 Hermagorae
1324 3203 1580 3268 enercitationem
1604 3224 1645 3264 ex

346 3311 407 3361 aste
428 3297 571 3361 dicendi:
600 3297 701 3381 Quod
718 3319 812 3374 eant,
849 3297 969 3380 inquit,
1003 3295 1139 3358 minime
1166 3295 1320 3379 potuisse
1341 3317 1456 3362 omnes
1482 3296 1644 3360 uidemus.

346 3391 508 3466 Minime,
530 3389 649 3473 inquit,
676 3391 843 3473 potuisse.
887 3391 957 3453 Nec
978 3391 1040 3452 hoc
1061 3389 1105 3452 illi
1127 3393 1198 3467 dat,
1223 3402 1256 3452 ut
1278 3393 1563 3475 quomodocunque
1584 3410 1645 3470 po-

345 3483 447 3546 tuerit.
501 3484 597 3564 Ergo
616 3484 644 3546 si
665 3503 724 3545 nec
747 3483 871 3566 sapiens
887 3481 949 3545 fuit
968 3503 1027 3544 nee
1048 3483 1170 3545 dicendi
1191 3484 1325 3564 peritus,
1358 3496 1461 3558 recte,
1493 3505 1551 3546 nec
1573 3483 1646 3564 quid
1656 3487 1687 3536 ³⁰
1725 3533 1732 3544 .

348 3575 422 3637 ucat
446 3576 611 3639 attendere
630 3596 688 3639 nec
709 3579 785 3662 quid
800 3575 1005 3659 polliceatur,
1029 3575 1204 3658 intelligere
1227 3576 1362 3638 videtur.
1422 3577 1543 3640 Orator
1561 3575 1642 3637 enim

349 3667 394 3729 air
411 3670 515 3733 bonus
537 3689 606 3732 ease
627 3671 724 3733 debet
744 3682 776 3733 et
797 3667 916 3731 dicendi
938 3669 1069 3749 peritus.
1114 3669 1234 3732 Deinde
1253 3669 1433 3734 conclusio:
1457 3689 1554 3750 quare
1569 3689 1647 3730 cou-

349 3761 423 3822 aicta
446 3763 667 3844 Hermagorae
694 3773 726 3824 et
750 3762 885 3825 refutata
906 3761 1057 3825 sententia
1095 3773 1257 3842 superest,
1296 3774 1330 3824 ιιι
1355 3761 1513 3824 materiam
1537 3763 1647 3822 rheto-

352 3851 430 3918 ricae
452 3856 560 3930 illam,
584 3875 665 3938 quae
691 3867 723 3917 et
743 3853 912 3919 Aristoteli
932 3855 1065 3935 placuit,
1088 3856 1312 3919 constituamus
1334 3854 1505 3936 triplicem
1528 3853 1646 3915 scilicet

353 3945 559 4022 iudicialem,
583 3947 856 4023 deliberatiuam,
880 3947 1192 4011 demonstratiomn.
1659 3955 1690 4004 ιι

425 4044 547 4106 Partes
572 4053 688 4107 cadem
714 4044 778 4105 lma
793 4033 901 4115 ἰωή,
939 4060 1025 4123 quos
1048 4041 1203 4124 plerique
1225 4040 1403 4119 dixerunt]
1446 4039 1648 4104 Meminimus

353 4131 386 4194 de
405 4146 472 4198 arte
494 4133 692 4199 extrinsecus
713 4137 851 4220 quinque
871 4154 923 4196 res
957 4131 1144 4196 Ciceronem
1172 4155 1206 4198 se
1234 4135 1442 4217 spopondisse
1475 4135 1647 4207 dicturum

354 4225 520 4310 degenere
541 4226 618 4289 artis
639 4229 836 4302 rhetoricae,
860 4228 898 4289 de
920 4227 1051 4302 officio,
1088 4231 1128 4290 de
1149 4229 1230 4304 fine,
1261 4231 1299 4292 de
1322 4225 1468 4300 materia,
1493 4228 1530 4288 de
1552 4225 1649 4308 parti-

353 4315 416 4380 bus.
458 4321 573 4403 ltaque
595 4318 741 4404 quioniam
764 4331 915 4403 quattuor
935 4341 987 4382 res
1008 4319 1184 4400 explicatae
1205 4333 1293 4396 stent,
1316 4322 1379 4384 hoc
1393 4332 1567 4383 extremum
1588 4329 1647 4394 est,

354 4419 384 4470 ut
402 4413 438 4474 de
463 4412 609 4494 partibus
637 4412 836 4476 disseramus.
879 4416 1000 4477 Partes
1022 4426 1102 4477 sunt
1130 4417 1209 4490 hoe,
1245 4415 1361 4500 inquit,
1393 4433 1478 4497 quos
1498 4411 1650 4495 plerique
1661 4420 1692 4472 ιι

354 4501 520 4570 dicerunt.
579 4507 682 4570 Multa
715 4505 832 4571 Cicero
862 4508 902 4568 ab
924 4506 992 4568 aliis
1012 4519 1099 4570 recte
1121 4507 1152 4570 in
1175 4507 1294 4570 artibus
1314 4507 1417 4589 posita
1440 4517 1563 4567 secutus
1586 4515 1649 4578 est,
1678 4515 1682 4526 ’

355 4606 384 4657 nt
402 4599 506 4678 paullo
528 4610 599 4662 ante
620 4599 805 4664 Aristotelis
837 4597 1020 4678 senteutiam
1052 4612 1179 4662 secutus
1211 4599 1365 4682 triplicem
1395 4597 1556 4660 materiam
1579 4599 1650 4660 rhe-

353 4689 461 4754 toricae
483 4689 560 4754 artis
582 4713 649 4756 esse
672 4691 765 4767 dixit3
794 4692 1007 4767 iudicialem,
1038 4693 1313 4767 deliberatiuam,
1337 4691 1649 4755 demonstrativam.

353 4779 455 4866 ltaque
487 4795 520 4846 et
550 4807 632 4850 nune
653 4799 791 4868 partes,
828 4784 945 4869 inquit,
982 4805 1068 4869 quos
1085 4787 1238 4870 plerique
1260 4785 1438 4850 dixerunt.
1481 4783 1546 4850 otii
1570 4785 1650 4846 euim

353 4887 448 4952 partes
469 4889 610 4958 septem,
647 4877 735 4942 multi
763 4888 931 4961 quattuor,
966 4881 1021 4940 sed
1050 4878 1193 4962 plerique
1221 4878 1360 4964 quinquo
1393 4897 1461 4940 esse
1490 4877 1647 4940 dixerunt.
1661 4892 1692 4939 ιι

354 4963 464 5029 Eorum
487 4978 519 5031 et
540 4969 722 5034 sententiam
745 4967 862 5034 Cicero
884 4981 1008 5034 secutus
1029 4971 1167 5054 quinque
1189 4983 1297 5052 partes
1319 4991 1388 5032 esse
1410 4971 1586 5034 conlimitat.

419 5117 444 5168 a.
462 5117 670 5182 consequamur]
692 5113 739 5167 Sic
759 5115 809 5166 Cd.
831 5116 892 5168 Bas.
913 5143 945 5156 -
967 5123 1153 5184 consequatur
1171 5111 1240 5167 Edd.
1279 5113 1333 5168 Oa.

419 5191 462 5246 20.
472 5185 579 5258 facere
597 5191 695 5242 retinet
715 5190 743 5245 ts.
763 5187 783 5244 Ι.
801 5193 885 5242 etlam
904 5188 956 5244 cd.
975 5189 1039 5243 Bas.
1058 5189 1111 5242 Οι.
