4434 5959
498 602 561 669 300
1040 606 1276 672 BOETHIUS

499 756 675 829 coeperunt
696 746 747 810 vel
774 746 881 810 vitium
904 746 1028 823 faeere,
1053 746 1083 809 id
1101 755 1168 821 est,
1192 745 1313 809 ruinam
1337 744 1467 824 minari,
1493 744 1545 807 vel
1567 743 1659 808 etiarn
1681 766 1823 809 corrue·

498 851 587 904 runt.
641 842 728 905 Petit
756 840 854 925 igitur
887 843 926 903 ab
948 842 1063 903 herede
1090 840 1137 917 is,
1169 838 1221 901 eui
1240 839 1363 902 aedium
1382 838 1582 901 ususfructus
1605 839 1730 923 legatus
1752 850 1823 913 est,

498 946 533 997 ut
555 955 660 997 earum
690 934 750 997 sibi
772 934 913 1009 aedium,
952 954 1064 1018 quaea
1088 946 1240 997 testatore
1261 934 1383 1016 legatae
1411 942 1502 1008 sunt,
1536 934 1646 994 damna
1664 954 1822 1014 compen·

489 1036 548 1091 ,set
575 1039 606 1091 et
628 1029 739 1102 aedes,
771 1048 851 1111 qliae
874 1026 982 1089 vitium
1004 1028 1147 1090 fecerunt
1171 1027 1219 1087 vel
1242 1039 1453 1101 corruerunt,
1475 1024 1635 1088 restituat.
1680 1026 1823 1105 Quaeri·

468 1124 488 1185 ‚⁶
499 1132 566 1197 tur,
601 1143 639 1183 an
669 1143 775 1183 earum
803 1120 941 1196 aedium,
979 1142 1113 1205 qriarum
1147 1120 1346 1182 ususfructus
1371 1120 1496 1202 legatus
1522 1119 1581 1191 sit,
1617 1117 1726 1180 titium
1766 1120 1821 1181 vel

498 1215 617 1277 ruinam
640 1216 731 1277 heres
752 1214 920 1277 restituere
952 1224 1099 1297 cogatur.
1158 1214 1221 1275 Hie
1252 1213 1349 1297 igitur
1376 1214 1518 1277 subiecta
1547 1210 1674 1295 qiridem
1708 1212 1821 1277 oratio

498 1318 565 1383 est,
589 1306 689 1370 veluti
707 1306 832 1391 quidam
852 1305 1024 1369 terurinus:
1064 1304 1206 1381 aedium,
1229 1328 1362 1389 qirarum
1387 1306 1589 1369 ususfructus
1612 1304 1739 1388 legatus
1760 1306 1822 1385 sit,

497 1401 586 1464 rrrina
610 1402 660 1463 vel
686 1400 819 1475 ritium5
849 1402 1026 1481 praedicata
1057 1420 1137 1463 vero
1168 1396 1273 1463 oratio
1296 1400 1371 1464 loco
1400 1400 1524 1463 termini
1549 1400 1740 1464 constituta:
1775 1404 1820 1465 ab

497 1496 613 1557 herede
629 1494 800 1557 restitutio.
846 1496 944 1557 Sumo
968 1494 1095 1577 igitura
1122 1491 1216 1554 simili
1234 1504 1469 1576 argumentum,
1493 1494 1558 1555 hoe
1578 1495 1698 1556 modos
1722 1492 1817 1573 Quo-

456 1587 577 1649 ¹⁰niarn
601 1586 627 1649 si
658 1588 728 1671 quis
760 1588 845 1651 servi
874 1588 1101 1651 usumfructum
1128 1585 1283 1668 legaverit
1320 1584 1408 1671 isque
1437 1606 1551 1648 servus
1579 1584 1687 1669 aliquo
1718 1590 1819 1653 modo

498 1680 689 1763 deperierit,
719 1701 782 1744 non
809 1680 938 1764 cogitur
960 1678 1127 1743 restituere
1154 1680 1246 1740 heres
1268 1700 1413 1754 serrum,
1445 1700 1484 1742 ne
1503 1700 1586 1741 nunc
1606 1678 1732 1763 quidem
1757 1702 1818 1745 co·

498 1784 593 1858 gotur
624 1776 717 1837 heres
749 1773 915 1837 restituere
943 1777 1060 1847 aedes,
1099 1793 1181 1857 quae
1213 1771 1244 1835 in
1272 1774 1501 1837 usumfructum
1540 1772 1665 1855 legatae
1691 1772 1817 1836 ruinam

497 1867 649 1931 vitiumve
670 1868 828 1931 fecerunt.
884 1867 1000 1930 Similis
1027 1879 1074 1930 est
1107 1865 1187 1928 enim
1220 1866 1306 1929 servi
1329 1867 1529 1929 ususfructus
1551 1865 1671 1947 legatio
1692 1868 1818 1930 aedium

497 1960 695 2023 ususfructus
725 1959 895 2043 legationi;
927 1958 1027 2022 simile
1046 1960 1159 2034 etiam,
1189 1981 1316 2021 serrum
1343 1960 1373 2022 in
1410 1959 1640 2023 usumfructum
1662 1960 1815 2044 legatum,

456 2052 523 2115 ttsi
537 2054 728 2137 deperierit,
753 2056 793 2115 ab
818 2054 932 2117 herede
945 2074 1007 2117 uon
1028 2052 1175 2129 restitui,
1200 2066 1232 2115 et
1247 2053 1369 2116 aedium
1390 2054 1421 2115 in
1445 2053 1672 2117 usumfructum
1689 2058 1817 2138 legata·

496 2168 565 2211 rum
588 2147 694 2209 vitium
706 2145 870 2208 ruinamve
891 2148 931 2207 ab
947 2147 1064 2208 herede
1081 2167 1144 2210 non
1166 2144 1268 2208 refici.
1313 2148 1372 2209 Est
1395 2146 1493 2230 igitur
1514 2145 1658 2228 qliaestio
1676 2145 1816 2231 quidem,

497 2262 537 2303 an
571 2239 690 2303 aedium
718 2238 748 2301 in
774 2238 1001 2301 ristunfructum
1028 2239 1204 2319 legatarum
1230 2236 1339 2301 vitium
1373 2240 1425 2302 rel
1449 2235 1571 2301 ruinam
1603 2240 1697 2302 heres
1721 2243 1816 2305 resti·

495 2346 585 2397 tuere
605 2344 758 2417 cogatur3
781 2332 904 2395 termini
919 2353 1019 2408 vero,
1042 2332 1202 2395 subiectus
1218 2332 1361 2416 quidem:
1397 2332 1519 2396 aedium
1535 2333 1565 2395 iu
1585 2335 1815 2399 usumfructum

496 2428 672 2510 legatarum
695 2426 803 2489 vitium
829 2426 879 2487 vel
901 2424 1011 2499 ruinaa
1049 2424 1251 2507 praedicatus
1279 2436 1401 2489 autem:
1432 2428 1611 2489 abdicrede
1636 2428 1815 2503 restituti03

454 2532 487 2583 2⁰
498 2530 717 2603 argumentum
737 2540 816 2583 vero
839 2522 879 2581 ab
899 2540 963 2594 eo,
986 2522 1074 2603 quod
1093 2518 1124 2580 in
1146 2518 1219 2598 ipso
1241 2530 1309 2593 est,
1333 2518 1450 2596 idest,
1475 2523 1592 2592 abeo,
1616 2524 1704 2601 qirod
1720 2521 1813 2598 inest,

497 2613 548 2675 vel
572 2612 678 2675 ririnae
702 2612 751 2675 vel
773 2611 852 2675 vitio
873 2612 995 2675 aedium
1021 2611 1051 2675 in
1076 2611 1306 2673 usumfructum
1329 2612 1518 2695 legatarum.
1576 2613 1617 2675 ld
1638 2625 1743 2677 autem
1769 2628 1819 2679 est

496 2707 664 2782 affectum,
688 2707 720 2769 id
741 2718 807 2783 est,
831 2706 1016 2769 similitudo.
1070 2704 1182 2769 Omnis
1205 2703 1287 2767 enim
1310 2706 1480 2770 similitudo
1505 2706 1532 2769 ei
1553 2706 1655 2769 inesse
1677 2729 1816 2790 perpen-

496 2799 600 2875 ditur,
624 2802 709 2883 quod
729 2811 778 2861 est
791 2798 911 2872 simile;
935 2796 1106 2861 similitudo
1122 2818 1203 2861 vero
1222 2810 1271 2860 est
1293 2800 1379 2861 servi
1398 2801 1594 2865 ususfructus
1609 2798 1707 2883 legati
1723 2824 1817 2883 pere·

497 2894 598 2965 untis,
637 2914 729 2979 quem
755 2892 924 2956 restituere
956 2892 1050 2954 heres
1075 2912 1138 2955 non
1160 2892 1304 2976 cogitur:
1345 2894 1489 2957 Maxima
1509 2916 1588 2960 vero
1607 2894 1815 2977 propositio:

453 2989 656 3055 tsSiruililurs
678 2990 773 3051 rebus
796 2990 902 3050 eadem
926 2984 1113 3050 convenire.

579 3081 677 3165 (Cap.
701 3082 733 3145 3.
756 3088 788 3159 §.
813 3083 879 3161 16.)
922 3082 955 3145 A
976 3077 1177 3166 dffereutia
1198 3114 1240 3126 -
1261 3116 1302 3127 -
1323 3102 1370 3143 an
1390 3083 1426 3145 in
1447 3084 1573 3148 tabidis
1594 3086 1770 3149 debentur.

580 3177 618 3239 ln
641 3178 738 3239 rebus
754 3173 922 3257 plurimum
940 3170 1160 3235 differentibus
1176 3175 1264 3257 quod
1282 3176 1321 3236 de
1344 3176 1441 3237 altera
1464 3198 1570 3240 earmu
1593 3181 1726 3254 dicitur,
1751 3198 1815 3241 non

496 3269 622 3333 videtur
643 3268 672 3331 in
689 3270 818 3331 alteram
838 3267 1021 3332 convenire.
1065 3266 1104 3327 Id
1123 3287 1218 3347 qitirru
1241 3266 1283 3329 ita
1299 3268 1357 3345 sit,
1392 3269 1518 3353 qrridam
1543 3285 1708 3355 argeutum
1724 3292 1816 3334 stiram

497 3382 591 3427 omne
610 3360 728 3446 legarit
749 3360 856 3424 rraori.
916 3362 972 3424 llla
993 3356 1157 3443 pecuniam
1181 3379 1328 3444 quoque,
1362 3383 1442 3445 quiae
1463 3361 1496 3424 in
1518 3365 1696 3427 nominibus
1717 3366 1817 3426 debe·

455 3457 608 3531 tubatur,
646 3476 732 3516 suam
755 3473 823 3516 esse
847 3454 989 3528 dicebat,
1024 3450 1113 3534 quod
1139 3450 1242 3514 omnis
1262 3454 1396 3535 pecnnia
1418 3456 1543 3518 nomine
1567 3470 1738 3521 vocaretur
1763 3479 1818 3519 ar·

497 3546 597 3632 genti.
643 3545 825 3626 Quaeritur,
850 3567 888 3607 an
909 3545 941 3607 id
965 3563 1095 3629 quoque
1117 3554 1303 3628 argentum,
1327 3550 1415 3631 qirod
1435 3549 1467 3611 in
1483 3550 1663 3614 nominibus
1678 3553 1820 3614 debeba-

496 3652 568 3714 tur,
593 3639 731 3723 legatum
753 3640 806 3701 sit.
843 3640 907 3702 Hie
928 3638 1027 3723 igitur
1054 3637 1217 3702 subiectus
1245 3652 1293 3703 est
1322 3642 1472 3707 terminus
1505 3656 1689 3731 argentum,
1728 3646 1819 3728 qrrod

495 3733 527 3797 in
549 3732 724 3797 nominibus
747 3734 897 3807 debetur3
931 3732 1070 3816 legatum
1094 3752 1172 3795 vero
1193 3734 1406 3817 praedicatus.
1465 3738 1496 3802 Α
1515 3738 1692 3803 differentia
1715 3736 1819 3819 igitur

495 3826 647 3891 faciemus
668 3825 971 3912 argumentationem
991 3827 1054 3888 hoe
1076 3828 1193 3890 modo:
1227 3828 1315 3891 Idem
1338 3832 1377 3892 de
1402 3832 1570 3913 plurimum
1595 3830 1817 3896 differentibus

453 3922 590 3985 streties
612 3920 744 4004 intelligi
766 3942 830 3984 non
852 3930 974 4002 potest.
1018 3918 1194 3983 Plurimum
1218 3944 1298 3985 vero
1315 3924 1437 4000 differt,
1462 3940 1626 4012 argentum
1648 3926 1680 3986 in
1700 3944 1816 3986 arcane

495 4016 534 4080 sit
555 4014 705 4098 positum,
723 4036 760 4077 an
780 4014 811 4076 in
836 4010 1014 4077 nominibus
1037 4012 1202 4077 debeatur.
1247 4016 1329 4078 Nam
1350 4038 1431 4099 qliae
1446 4019 1550 4100 posita
1571 4020 1601 4081 in
1624 4040 1697 4081 arca
1715 4038 1815 4100 pecu·

496 4109 546 4173 uia
566 4120 634 4185 est,
658 4107 737 4172 iuris
752 4120 800 4170 est
819 4104 936 4181 nostri,
960 4104 991 4167 in
1013 4104 1192 4171 nominibus
1212 4130 1292 4173 vero
1308 4110 1412 4174 debita
1428 4134 1491 4177 nnn
1516 4124 1563 4176 est
1577 4124 1699 4175 nostra.
1733 4114 1815 4173 Nan

496 4204 584 4289 quod
606 4216 746 4266 mutuum
776 4204 886 4276 datur,
925 4222 965 4263 ex
989 4219 1060 4261 meo
1085 4198 1120 4261 fit
1144 4200 1345 4284 accipientis,
1383 4216 1478 4289 atque
1504 4205 1575 4272 idco
1603 4226 1665 4267 non
1684 4205 1815 4289 cogitur

403 4330 407 4337 ·
468 4352 472 4363 .
498 4298 625 4359 eandem
645 4297 744 4377 ipsam
768 4294 934 4378 pecuniam
958 4292 1085 4355 debitor
1108 4294 1276 4360 restituere
1292 4298 1465 4375 creditori,
1490 4301 1544 4361 sed
1568 4297 1658 4361 aliam
1680 4308 1812 4359 tantam.

454 4389 533 4453 tuln
555 4410 626 4451 area
650 4411 730 4453 vero
751 4388 854 4473 posita
880 4386 1012 4471 pecunia
1040 4396 1070 4446 et
1092 4385 1122 4447 in
1153 4388 1332 4452 nominibus
1362 4391 1468 4453 debita
1500 4412 1564 4454 non
1593 4402 1665 4455 sunt
1687 4388 1815 4472 argenti

495 4482 547 4547 vel
569 4482 721 4565 pecuniae
743 4482 883 4565 speeies,
914 4482 968 4544 sed
992 4476 1194 4546 differentiae.
1244 4484 1325 4544 Nam
1352 4484 1474 4568 argenti
1507 4485 1628 4567 species
1655 4484 1813 4566 signatum

495 4598 532 4638 ae
558 4596 621 4638 nou
647 4576 801 4661 signatum
832 4597 899 4639 esse
922 4574 1024 4637 dictae
1050 4586 1135 4638 sunt.
1194 4576 1337 4655 Qualitas
1360 4599 1439 4641 vero
1460 4578 1610 4659 pecuniae
1632 4578 1662 4642 in
1684 4598 1813 4659 posses·

494 4670 583 4733 sione
600 4670 723 4749 positae
747 4671 798 4733 ref
823 4692 885 4733 non
908 4668 1051 4751 positae,
1089 4673 1143 4731 sed
1167 4692 1231 4731 non
1255 4672 1355 4734 modis
1377 4674 1523 4735 ornnibus
1545 4674 1684 4745 alienae,
1707 4673 1740 4734 in
1764 4672 1813 4735 his

494 4760 679 4825 differentiis
698 4774 841 4837 constat,
866 4774 900 4825 ut
922 4762 982 4825 alia
1002 4761 1042 4828 sit
1063 4766 1093 4828 in
1114 4786 1187 4826 area
1211 4766 1335 4846 posita,
1359 4766 1480 4848 reliqua
1504 4766 1535 4829 iu
1559 4754 1741 4830 nominibus
1757 4768 1813 4827 de·

452 4865 482 4913 tt
496 4858 619 4919 beatur.
663 4856 771 4940 Atque
793 4858 855 4919 hoe
880 4856 1000 4922 ideireo
1027 4860 1228 4931 dictumest,
1254 4859 1383 4943 nequis
1405 4882 1467 4923 non
1490 4882 1507 4922 a
1527 4860 1733 4935 differentiis,
1756 4859 1814 4921 sed

494 4950 639 5031 asperis
666 4951 970 5033 argumentationem
997 4956 1122 5016 duretam
1145 4964 1282 5034 putaret.
1325 4952 1468 5036 Qualitas
1495 4953 1576 5016 enim
1599 4950 1813 5015 substantialis

570 5150 616 5213 43.
635 5150 686 5205 aad
703 5154 771 5221 unu]
809 5150 1236 5235 circumueniendum?
1268 5152 1324 5210 01.
