4434 5959
836 583 943 651 CAP.
965 583 1032 651 ΙΙΙ.
1597 585 1669 652 ’207

650 728 683 800 §.
707 726 759 790 te.
782 726 967 790 SCRIPTI
989 727 1051 790 ET
1073 725 1385 796 VOLUNTATIS.

449 847 584 927 (iurando
605 847 686 909 alter
706 849 803 909 verba
827 857 983 928 praestat,
1018 867 1096 930 quiae
1118 847 1234 928 scripta
1264 861 1351 922 snm,
1387 849 1465 912 alter
1486 849 1669 914 sententiam

361 939 589 1022 interpretatur
611 941 663 1002 vel
685 942 830 1024 quiddam
854 940 987 1022 excipit,
1022 941 1131 1022 scripti
1161 953 1192 1003 et
1220 942 1391 1004 voluntatis¹
1407 954 1505 1006 status
1529 945 1669 1028 appella·

361 1047 428 1110 tur„
469 1032 532 1096 Hie
553 1047 654 1096 atatem
678 1045 777 1097 status
800 1055 863 1096 non
881 1035 913 1096 in
935 1034 1058 1116 legibus
1081 1034 1183 1096 solum
1203 1047 1267 1111 est,
1291 1038 1347 1097 sed
1371 1034 1402 1097 in
1428 1037 1615 1100 testamentis
1637 1047 1668 1100 et

360 1125 489 1199 edictis,
523 1125 553 1187 in
577 1126 685 1200 dictis,
723 1126 752 1188 in
779 1127 941 1202 omnine,
976 1146 1180 1210 qrraecunque
1212 1129 1243 1190 iu
1276 1129 1385 1190 literas
1412 1128 1527 1192 eelerri
1548 1142 1692 1212 potesta

360 1219 457 1285 Utin
486 1222 546 1282 hac
573 1221 820 1283 controversia:
855 1221 1059 1303 peregrinus
1087 1241 1224 1283 murum
1257 1219 1288 1284 si
1316 1222 1524 1298 ascenderit,
1557 1224 1667 1305 eapite

354 1313 542 1398 prmietrrr·;
565 1335 702 1375 murram
725 1315 932 1396 peregrinus
957 1310 1125 1384 aseendit,
1154 1313 1282 1376 hostem
1302 1314 1458 1376 aduenire
1477 1315 1665 1393 peculiavit,

354 1407 524 1490 processit
548 1405 721 1468 exereitus
743 1418 775 1468 et
798 1406 895 1478 eicit,·
913 1405 1047 1488 petitur
1062 1404 1109 1466 ad
1119 1426 1279 1486 poenam.
1300 1405 1374 1490 ¹1⁵,
1399 1409 1451 1490 qui
1474 1407 1570 1490 petit,
1595 1410 1666 1492 lege

358 1500 477 1573 utitur3
500 1501 538 1572 is,
562 1499 615 1584 qui
631 1511 765 1572 recusat,
791 1501 974 1562 voluntate:
997 1497 1071 1558 dicit
1094 1499 1173 1557 enim
1196 1518 1262 1559 non
1283 1520 1409 1572 omnes,
1433 1501 1490 1584 qni
1508 1501 1666 1564 aseende-

358 1593 448 1666 rint,
470 1591 530 1654 sed
553 1614 633 1667 eos,
655 1591 714 1676 qni
734 1595 823 1654 muto
840 1605 918 1654 voto
934 1589 1164 1666 ascenderint,
1177 1591 1379 1672 puniendos.
1430 1595 1547 1678 Seripti
1563 1607 1664 1658 autem
1678 1621 1708 1670 ω

357 1685 541 1748 sententiam
560 1685 777 1766 intemptamns
797 1685 896 1747 tribus
917 1683 1037 1748 modis:
1062 1694 1115 1744 neit
1137 1685 1256 1766 scripto
1278 1685 1368 1766 ipso;
1391 1700 1476 1767 patet
1499 1711 1561 1752 non
1583 1709 1664 1752 mm·

356 1800 417 1862 per
439 1779 469 1842 id
491 1800 585 1860 posse
606 1776 748 1852 servaei;
771 1799 833 1841 non
857 1778 936 1840 enim
959 1789 990 1841 et
1012 1777 1146 1838 infantes
1170 1789 1200 1838 et
1222 1777 1340 1840 debiles
1364 1777 1551 1844 vincumtur.
1596 1783 1665 1845 Aut

356 1896 399 1936 ex
433 1871 556 1956 legibus
585 1873 727 1954 exempla
761 1875 935 1946 ducuntur,
969 1869 1081 1951 qriibus
1112 1872 1266 1951 probetur
1297 1893 1359 1936 non
1393 1894 1516 1956 semper
1542 1874 1663 1956 scripto

355 1966 433 2029 stari
454 1989 562 2047 posse.
606 1967 672 2030 Aur
704 1988 797 2048 quirem
822 1987 869 2028 ex·
893 1965 969 2046 ipsis
990 1964 1070 2048 legis
1096 1963 1202 2026 verbis
1235 1976 1491 2048 argumentantur
1516 1988 1580 2029 nou
1608 1967 1661 2042 id,

355 2061 443 2141 quod
465 2057 604 2132 dixerit,
641 2059 781 2121 voluisse
803 2060 947 2122 latorem.
991 2059 1035 2124 Ut
1065 2057 1093 2119 in
1122 2059 1439 2122 haccontrouersia:
1475 2072 1578 2123 noctu
1606 2059 1705 2144 quita

352 2173 432 2213 rum
452 2147 567 2242 ferro
588 2147 713 2242 feeerit
737 2151 913 2225 inventus,
947 2151 1131 2222 oineintru·,·
1163 2172 1240 2214 eum
1268 2173 1383 2215 massa
1392 2149 1499 2242 ferri
1525 2153 1664 2237 quidam

353 2243 584 2326 deprenensus
605 2256 678 2316 est,·
709 2245 842 2328 petitur
870 2245 918 2306 ad
933 2265 1098 2330 poenum:
1120 2255 1254 2328 apparet
1275 2244 1355 2308 enim
1377 2244 1456 2330 legis
1478 2245 1610 2309 latorem
1631 2244 1664 2307 in

353 2336 435 2400 lcrri
457 2338 583 2402 nemine
604 2339 697 2402 telum
721 2338 893 2423 cogitasse.

724 2518 757 2590 §.
782 2517 833 2579 15.
855 2513 918 2580 DE
941 2512 1291 2581 COLLECTIONE.

435 2654 540 2735 Quum
562 2675 604 2717 ex
625 2674 684 2728 eo,
716 2657 803 2739 quod
825 2666 944 2719 certum
966 2668 1025 2730 cst,
1049 2653 1096 2730 id,
1119 2656 1206 2739 quod
1227 2653 1378 2716 incertum
1404 2663 1462 2729 est,
1489 2652 1703 2718 canoniea-et

351 2746 439 2810 tione
453 2746 641 2828 inquiritur,
663 2746 851 2810 collectivus
866 2759 965 2811 status
980 2760 1127 2814 vocatur.
1158 2746 1221 2810 Hic
1235 2747 1397 2830 colligitur
1414 2746 1531 2828 duplici
1551 2749 1659 2812 modo.

351 2842 434 2902 Nam
454 2839 617 2922 quiescitur
639 2849 693 2903 ant
714 2859 752 2900 an
770 2841 844 2903 satis
860 2841 930 2924 lege
953 2853 1076 2903 cantum
1099 2840 1164 2916 sit,
1188 2851 1242 2902 aut
1263 2861 1300 2901 an
1316 2839 1389 2902 nihil
1412 2840 1564 2922 propriae
1580 2841 1660 2924 legis

349 2935 465 2995 lrabeat
488 2943 520 2994 et
539 2933 741 2996 similitudine
773 2935 817 2995 uti
849 2938 972 2998 debeat.
1017 2933 1198 3014 Superioris
1225 2932 1423 2996 collectionis
1445 2932 1566 3012 species
1588 2945 1660 2996 sunt

350 3027 435 3090 llll.
479 3026 534 3090 Ab
550 3047 603 3100 eo,
627 3029 714 3111 quod
735 3027 841 3100 semel,
865 3039 898 3090 et
915 3025 1060 3108 saepiunt
1083 3038 1117 3088 ut
1136 3026 1263 3090 incesto
1274 3025 1539 3108 praecipitetur:
1556 3043 1660 3106 pree·

347 3121 494 3202 cipitnte
518 3120 643 3192 evasit,·
672 3121 802 3203 petitur
829 3121 875 3182 nd
890 3139 1055 3204 poenum:
1080 3119 1195 3180 dieitur
1224 3118 1326 3194 enim,
1349 3139 1430 3202 quiae
1455 3113 1704 3198 praecipitariet

348 3215 431 3276 inissa
457 3225 523 3286 est,
547 3215 670 3295 saepius
692 3216 807 3276 debere
832 3213 1052 3296 praecipitari,
1083 3210 1141 3273 nisi
1164 3209 1290 3275 obierit.
1334 3212 1401 3274 Am
1423 3214 1507 3294 quod
1538 3210 1569 3273 in
1596 3231 1659 3274 arno

347 3319 379 3370 et
397 3307 428 3369 in
445 3305 609 3387 pluribus:
635 3321 679 3381 ut,
703 3309 763 3391 qni
774 3309 871 3371 duos
891 3319 1061 3394 tyrannos
1074 3327 1144 3368 uno
1157 3316 1309 3387 tempore
1324 3305 1466 3380 occidit,
1486 3305 1574 3387 petit
1590 3305 1660 3368 dno

344 3399 522 3484 praemio3
550 3413 671 3464 eontra
693 3402 833 3464 dicitur.
876 3405 943 3466 Aut
964 3403 1051 3484 qrrod
1079 3411 1149 3461 aute
1176 3410 1223 3460 est
1244 3410 1275 3460 et
1295 3411 1426 3480 postea:
1459 3409 1514 3474 ut,
1543 3399 1660 3481 rapuit

345 3493 489 3578 quidem
513 3503 546 3555 et
563 3491 748 3583 prinsengi&
771 3505 874 3576 repta
893 3495 1008 3577 nupsit
1015 3516 1028 3566 ,·
1048 3513 1205 3557 reversus
1225 3505 1345 3575 raptor
1355 3493 1490 3575 petitur
1505 3493 1552 3554 art
1568 3513 1660 3555 mer·

345 3602 428 3650 tem.
472 3587 538 3649 Atat
558 3589 644 3670 qerod
667 3586 697 3648 in
722 3599 813 3669 parte
834 3600 883 3652 est
903 3599 1026 3651 totum:
1059 3598 1104 3660 ut,
1118 3607 1304 3648 ·nomerem
1333 3586 1475 3668 pignori
1506 3587 1703 3668 occiperean

347 3703 389 3744 ne
410 3681 531 3754 lieent3
567 3693 725 3743 aratrum
748 3682 897 3764 accepim
917 3692 1038 3743 contro
1062 3679 1200 3742 dicitur.
1245 3681 1388 3742 Secunde
1411 3681 1561 3742 collectio
1583 3679 1658 3741 fite

346 3774 463 3836 simili:
489 3786 534 3849 ut,
557 3795 660 3858 queem
673 3773 853 3866 eirfortis
870 3773 1064 3858 praemium
1079 3773 1235 3857 occipiat,
1259 3785 1295 3836 et
1306 3773 1527 3858 tyrannicida
1540 3771 1659 3834 debent

345 3867 512 3948 occipere.
557 3871 587 3931 Α
610 3867 793 3932 contrario:
830 3867 985 3932 desertor
1005 3867 1116 3950 capite
1134 3867 1319 3950 punieturr
1352 3865 1404 3929 eir
1425 3863 1537 3953 fortis
1555 3884 1659 3945 prae·

347 3960 457 4022 mium
480 3959 576 4022 debet
596 3961 761 4042 accipere.
816 3962 845 4024 A
868 3959 989 4024 maiore
1011 3965 1048 4023 ad
1070 3960 1193 4023 minus:
1217 3963 1352 4023 exulem
1378 3959 1472 4021 intra
1492 3971 1659 4022 terminos

343 4057 448 4117 licent
481 4053 651 4126 occiderer
682 4054 798 4139 utique
825 4067 858 4118 et
870 4055 1078 4147 flagellare.
1132 4055 1164 4116 A
1186 4053 1307 4118 minore
1329 4053 1368 4114 ad
1389 4053 1508 4115 mains:
1527 4048 1701 4141 suremss

341 4150 423 4210 lieet
447 4147 638 4219 verbereri5
672 4150 839 4212 latronem
861 4151 977 4235 entique
1000 4148 1165 4226 interfici.
1217 4149 1306 4210 Haeo
1324 4158 1413 4220 sunt,
1437 4163 1519 4229 qnae
1540 4146 1579 4205 de
1601 4162 1657 4204 co·

345 4242 539 4324 gneseendis
570 4241 702 4304 statibus
729 4241 909 4308 insinuanda
943 4242 1000 4304 tibi
1029 4240 1219 4304 existimari.
1275 4241 1339 4303 Sed
1365 4239 1398 4301 in
1421 4237 1468 4300 his
1490 4237 1544 4299 ille
1565 4255 1658 4298 error

345 4355 411 4396 non
435 4336 528 4396 debet
549 4333 721 4411 exsistere,
759 4337 845 4418 quod
866 4337 1053 4419 plerumque
1074 4335 1105 4397 in
1128 4333 1343 4418 pragmatibus
1370 4331 1570 4395 rationalium
1592 4341 1657 4392 sta·

343 4437 433 4488 tuum
464 4427 578 4489 multae
606 4427 695 4511 leges
721 4428 931 4492 inveniantur.
976 4429 1128 4509 Quamvis
1150 4429 1230 4492 enim
1253 4427 1311 4489 ista
1336 4426 1375 4488 sit
1397 4445 1523 4510 pugna,
1553 4435 1656 4486 tamen

344 4519 448 4582 omnis
470 4519 508 4581 lis
530 4531 624 4602 atque
646 4521 809 4584 eontentio
838 4543 900 4584 non
924 4523 1129 4605 exlegibus,
1166 4523 1220 4584 sed
1242 4541 1282 4582 ex
1312 4519 1434 4583 ratione
1463 4515 1700 4580 extrinsecustt

342 4611 491 4694 adposita
514 4613 691 4697 consurgit.
735 4614 845 4678 Veluti
855 4613 933 4706 sur
951 4616 1180 4700 quadruplum
1193 4617 1320 4686 selentr
1341 4613 1530 4697 sacrilegus
1548 4613 1658 4694 eapite

337 4705 526 4788 pnmiotur5
557 4705 598 4769 de
619 4710 744 4789 templo
765 4708 825 4792 qui
843 4709 1017 4790 privatam
1041 4709 1226 4790 pecuniam
1252 4707 1406 4781 scutulis.
1444 4705 1550 4794 effert
1575 4725 1658 4789 qein-

339 4799 525 4881 druplum,
548 4809 581 4861 et
601 4798 733 4881 petitur
751 4801 799 4862 od
815 4821 974 4883 poenam.
1032 4803 1096 4865 Hie
1118 4821 1303 4886 quamquam
1326 4803 1404 4864 dnae
1426 4800 1514 4884 leges
1534 4799 1658 4881 positae

409 5057 451 5108 12.
473 5059 510 5103 lta
523 5059 831 5116 communierunt:
854 5062 968 5107 stiriae
984 5066 1035 5123 tege
1048 5075 1054 5109 :
1071 5067 1164 5124 cepitis
1174 5055 1212 5110 iri
1220 5065 1377 5118 esurientem
1396 5067 1515 5110 nonenim
1529 5068 1575 5108 eet.
1596 5061 1657 5122 On.)

479 5126 522 5176 tl.
540 5131 606 5176 steri
623 5133 710 5188 scripsi
730 5145 775 5189 pro
794 5139 861 5177 atera
880 5133 941 5178 cot.
961 5132 1009 5178 os.
1042 5131 1074 5179 ³2
1091 5133 1188 5196 deeset]
1206 5135 1264 5193 Lag.
1284 5134 1370 5190 clatet,
1390 5141 1415 5180 ot
1434 5149 1457 5182 a.
1478 5131 1518 5180 ll.
1539 5133 1586 5178 Οι.
