4434 5959
987 594 1079 659 LIB.
1103 595 1134 660 1.
1509 606 1514 613 '
1653 594 1715 660 28³

395 728 676 815 propositionibus
698 729 845 798 disserite
868 734 1029 801 basenim
1051 737 1142 801 locos
1163 747 1421 821 argumentorum
1438 755 1508 800 esse
1527 734 1656 819 posuit,
1679 744 1716 797 nt

397 842 458 889 nos
480 846 609 910 meoque
630 844 725 908 supra
748 826 926 893 retulimus.
970 830 1095 895 Tullius
1117 846 1198 894 vero
1220 830 1311 895 locos
1333 852 1396 895 non
1419 829 1568 893 maximas
1589 848 1715 911 propo·

396 918 547 995 sitiones,
584 922 640 985 sed
669 940 776 985 earnm
804 924 1001 988 continentes
1033 923 1226 987 differentias
1257 934 1356 989 uocat
1386 944 1424 989 ae
1452 927 1491 986 de
1517 922 1567 985 bis
1593 924 1714 987 docere

395 1013 574 1080 contendit.
1596 1050 1600 1056 ·

480 1107 580 1191 (Cap.
604 1108 636 1172 2.
659 1112 692 1184 §.
715 1110 763 1189 8.)
805 1112 873 1177 Sed
893 1134 941 1176 ear
960 1112 1005 1176 iis
1025 1110 1107 1178 loeis
1127 1146 1170 1160 -
1190 1146 1295 1201 ιη,-
1316 1113 1488 1177 disirmeto
1508 1120 1602 1174 sunt.
1723 1126 1738 1174 s

480 1202 562 1267 Post
593 1201 803 1267 definitionem
833 1204 898 1269 loci
929 1216 1024 1291 atque
1053 1206 1230 1291 argsrmenti
1251 1207 1328 1270 iacit
1349 1204 1559 1287 plenissimam
1581 1200 1713 1266 divisio·

393 1316 466 1359 nem
488 1296 648 1360 locorum.
701 1298 753 1361 Ae
773 1299 928 1380 primum,
963 1299 1112 1385 quoniam
1134 1300 1237 1363 omnis
1258 1300 1372 1365 divisio
1394 1311 1505 1363 esrncta
1528 1298 1623 1360 debet
1644 1316 1711 1359 am·

394 1388 491 1472 plecti
514 1410 572 1452 nee
593 1390 784 1471 superfluum
808 1392 977 1477 quidquam
1001 1393 1204 1475 interponere
1226 1415 1285 1457 nec
1307 1390 1467 1468 omittere,
1488 1393 1576 1476 qttod
1596 1390 1638 1454 sit
1657 1410 1714 1451 ne·

394 1483 583 1560 cessarium,
621 1482 652 1547 id
681 1486 735 1549 M.
769 1487 894 1550 Tullius
921 1486 1086 1570 proposita
1117 1486 1272 1560 divisione
1292 1485 1429 1569 perfecit
1450 1484 1574 1559 dicens,
1612 1481 1713 1546 exiis

394 1574 489 1653 ineis,
512 1576 543 1639 in
567 1578 680 1661 quibus
703 1590 889 1664 argumenta
912 1580 1031 1643 inclusa
1046 1591 1131 1655 suut,
1156 1580 1237 1644 alios
1251 1578 1283 1644 in
1300 1602 1339 1644 eo
1354 1582 1439 1663 ipso,
1455 1582 1494 1640 de
1508 1596 1575 1659 quo
1589 1573 1708 1656 agitur,
1725 1572 1757 1624 ¹⁰

393 1672 547 1746 haerere,
572 1672 651 1736 alios
671 1674 867 1737 extrinsecus
886 1674 1013 1738 assumi.
1069 1672 1157 1736 Nihil
1180 1674 1260 1747 enim
1285 1674 1360 1737 huic
1380 1670 1529 1736 divisioni
1549 1689 1645 1751 posse
1663 1667 1713 1730 vi·

396 1766 490 1828 detur
505 1766 577 1828 addi
598 1767 650 1831 vel
667 1766 778 1840 minui,
801 1768 1052 1851 quandoquidem
1075 1767 1220 1831 breviter
1241 1779 1352 1831 csructn
1368 1763 1603 1848 complectitur.
1638 1762 1714 1824 Ar·

397 1868 623 1941 gumentorum
644 1860 725 1922 enim
748 1859 811 1924 loii
827 1861 1005 1947 quicunque
1025 1871 1209 1936 sumuntur,
1233 1859 1334 1923 autin
1351 1859 1435 1942 ipso,
1460 1860 1499 1921 de
1514 1876 1580 1940 quo
1595 1852 1712 1939 agitur,

396 1952 543 2028 haerent,
569 1965 623 2015 aut
637 1953 772 2017 minime.
796 1957 834 2019 Id
852 1967 954 2017 autem
978 1952 1147 2027 „minime”
1163 1954 1362 2018 extrinsecus
1385 1952 1511 2037 positos
1533 1970 1604 2013 esse
1631 1943 1715 2009 desi·

397 2057 487 2129 gunt.
509 2058 515 2069 “
542 2047 639 2124 Quod
661 2047 687 2109 si
707 2046 789 2111 inter
806 2047 859 2123 id,
883 2050 969 2132 qnod
991 2046 1145 2125 dicimus,
1168 2048 1312 2129 inipso,
1339 2050 1378 2110 de
1398 2067 1463 2129 quo
1486 2044 1615 2127 agitur,
1638 2041 1714 2102 bae·
1725 2038 1757 2090 15

396 2160 470 2203 rere
490 2151 748 2221 argumentorum
773 2142 881 2216 locos,
907 2151 939 2203 et
961 2162 1023 2205 non
1046 2142 1177 2205 haerere
1192 2141 1267 2203 nihil
1290 2153 1339 2204 est
1361 2140 1492 2204 medium
1515 2138 1611 2216 (inter
1629 2134 1715 2195 affir-

395 2230 564 2295 mationem
585 2232 665 2295 enim
685 2245 778 2318 atque
801 2232 998 2315 negationem
1015 2234 1098 2297 nulla
1123 2246 1172 2298 est
1194 2234 1374 2313 medietas);
1397 2252 1557 2318 quumque
1574 2230 1606 2292 in
1627 2229 1712 2311 ipso,

395 2326 520 2409 dequo
539 2324 663 2408 agitur,
689 2347 751 2389 nou
768 2328 933 2390 inhaerere
954 2326 1057 2391 locum
1078 2328 1281 2412 argumenti,
1303 2328 1334 2390 id
1349 2327 1390 2391 sit
1409 2327 1607 2389 extrinsecus
1625 2344 1714 2385 assio

396 2418 458 2481 mi:
489 2417 615 2480 dubium
646 2431 803 2494 nonest,
841 2420 916 2505 quin
940 2420 1014 2483 nihil
1038 2421 1161 2483 intersit
1183 2422 1317 2483 medium
1341 2423 1426 2484 iuter
1446 2442 1483 2483 ea
1505 2427 1712 2503 arguments,

396 2531 532 2595 quorum
553 2510 585 2573 in
608 2512 680 2593 ipso
704 2514 835 2577 haerent
857 2512 939 2590 loci,
970 2516 1009 2577 de
1031 2534 1096 2599 qno
1116 2513 1240 2598 agitur,
1265 2525 1297 2575 et
1315 2534 1371 2588 en,
1395 2534 1532 2597 quorum
1558 2510 1755 2574 extrinse·2t

396 2626 452 2666 cus
471 2616 685 2668 assumuntur.
732 2606 795 2669 Sed
816 2606 891 2691 quid
906 2607 1006 2691 ipsum
1025 2606 1084 2683 sit,
1109 2610 1227 2691 dequo
1243 2607 1367 2691 agitur,
1392 2605 1518 2669 facilior
1533 2602 1715 2688 explanatio

398 2710 466 2774 est,
495 2697 527 2761 si·
546 2718 676 2773 eorum,
707 2700 895 2784 quaeprius
921 2701 1114 2777 dictasunt,
1150 2701 1394 2764 meminerimus.
1452 2701 1535 2763 Nam
1558 2719 1653 2781 quum
1674 2697 1715 2758 de

397 2790 585 2876 quaestione
601 2791 823 2875 loqueremur,
858 2797 986 2858 eandem
1007 2794 1144 2859 diximus
1165 2816 1235 2859 esse
1257 2794 1493 2879 quaestionem,
1528 2812 1609 2874 quae
1630 2798 1715 2852 esset

373 2908 378 2917 ·
398 2884 581 2947 dubitabilis
601 2886 794 2967 propositio.
839 2889 901 2951 Sed
924 2888 1071 2973 quoniam
1094 2889 1277 2971 propositio
1301 2890 1449 2951 subiecto
1469 2885 1714 2967 praedicatoque

399 2988 581 3052 constaret,
620 2980 835 3063 quaestionem
865 3002 992 3066 quoque
1021 2981 1157 3045 diximus
1187 2982 1333 3047 subiecto
1364 2981 1612 3065 praedicatoque
1637 2994 1757 3043 con-as

398 3070 503 3153 iungi.
561 3071 782 3136 Praedicatum
802 3074 900 3158 igitur
920 3075 971 3137 vel
989 3076 1167 3139 subiectum
1188 3080 1252 3140 hoc
1274 3087 1322 3140 est
1342 3075 1463 3157 ipsum,
1499 3076 1538 3135 de
1560 3091 1625 3153 quo
1646 3066 1715 3150 agi-

398 3178 465 3230 tur.
510 3167 591 3229 Nam
615 3187 709 3250 quum
726 3170 765 3230 de
786 3169 936 3232 alterutra
954 3168 1147 3251 quaestionis
1167 3170 1455 3251 partedubitetur,
1478 3166 1509 3229 iu
1532 3168 1593 3227 hac
1616 3163 1717 3229 ambi·
1784 3171 1789 3179 ’

399 3262 521 3348 gnitate
545 3260 727 3344 quaeritur,
751 3273 855 3325 utrum
874 3254 1073 3344 praedicatus
1092 3263 1243 3325 terminus
1267 3260 1372 3325 inesse
1394 3260 1539 3324 subiecto
1558 3257 1714 3336 videatur,

398 3377 437 3419 an
461 3353 600 3417 minime.
645 3355 725 3417 Nam
749 3376 843 3437 quum
863 3354 964 3418 omnis
986 3354 1131 3437 quaestio
1147 3354 1178 3417 in
1196 3354 1434 3418 affirmationem
1450 3352 1717 3437 negationemque

398 3448 576 3523 dividatur,
614 3446 640 3510 si
664 3448 862 3529 praedicatus
885 3449 1029 3513 subiecto
1050 3449 1148 3525 inest,
1181 3447 1219 3511 lit
1240 3468 1280 3511 ex
1302 3468 1342 3512 eo
1365 3468 1441 3511 vera
1464 3447 1652 3521 affirmati03
1689 3444 1716 3508 si
1726 3463 1759 3514 st

397 3561 462 3605 non
491 3541 591 3617 inest,
629 3540 665 3603 ru
694 3561 769 3603 vern
795 3541 936 3625 negatio.
982 3544 1046 3605 Sed
1067 3541 1098 3606 in
1131 3542 1369 3626 quaestionibus
1399 3539 1609 3621 disceptandis
1634 3539 1717 3601 alter

397 3634 653 3710 affirmationem,
678 3637 758 3697 alter
776 3636 977 3719 negationem
993 3648 1117 3712 tuetur,
1141 3636 1171 3698 id
1190 3646 1255 3713 est,
1281 3636 1364 3698 alter
1383 3636 1597 3717 praedicatum
1612 3631 1716 3695 inesse

396 3729 563 3802 subiecto,
587 3727 668 3790 alter
689 3749 753 3791 non
775 3726 877 3791 inesse
894 3730 1045 3793 defendit.
1091 3730 1187 3810 Quod
1208 3750 1289 3793 nero
1313 3751 1354 3793 ex
1370 3730 1524 3792 alterutra
1546 3738 1638 3809 parte
1660 3728 1717 3789 sle·

396 3820 560 3897 l'enditur,
583 3822 713 3884 honest
736 3821 856 3902 ipsum,
881 3823 919 3883 de
941 3842 1005 3905 quo
1029 3821 1148 3906 agitur.
1199 3823 1308 3905 lpsum
1333 3820 1495 3906 igiturest
1515 3822 1717 3901 praedicatus

397 3914 552 3981 terminus
582 3916 634 3978 vel
664 3914 843 3990 subiectus,
878 3918 916 3977 de
944 3914 1058 4000 quibus
1089 3914 1215 3999 agitem
1251 3926 1345 4000 atque
1374 3914 1405 3976 id
1429 3912 1579 3995 exemplo
1601 3911 1760 3983 clariusas

400 4008 470 4073 liat.
514 4008 562 4071 Sit
578 4008 741 4093 quaestio,
762 4028 808 4071 an
834 4010 960 4073 Verres
968 4005 1279 4100 fisrtnmsecerit.
1323 4009 1388 4070 Hic
1402 4008 1526 4070 Verres
1540 4003 1715 4069 subiectum

400 4114 469 4177 est3
498 4102 617 4166 lurtum
640 4102 746 4166 lacere
773 4100 1002 4185 praedicatum.
1041 4102 1138 4180 Quod
1162 4101 1190 4165 si
1218 4101 1337 4165 lustrum
1368 4099 1469 4164 Verri
1491 4096 1715 4181 coniungitur,

398 4196 496 4279 idque
528 4196 855 4280 argumentationibus
883 4196 1134 4276 comprobatur,
1173 4193 1368 4279 quaestionis
1396 4189 1561 4256 affirmatio
1586 4193 1718 4254 dernen-

399 4300 497 4353 strata
517 4300 578 4353 est.
633 4290 669 4353 Si
691 4289 809 4353 lurtum
829 4310 846 4351 a
869 4288 975 4351 Verre
997 4286 1196 4373 minagium,
1231 4286 1425 4371 quaestionis
1448 4306 1559 4349 rursus
1584 4283 1716 4367 negatio

398 4383 641 4465 comprobatur.
696 4382 804 4464 lpsum
832 4382 955 4466 itaque,
990 4383 1030 4443 de
1057 4402 1123 4465 quo
1145 4380 1271 4465 agitur,
1310 4380 1387 4444 nihil
1410 4393 1459 4443 est
1480 4376 1541 4441 nisi
1565 4379 1718 4442 uterlibet
1728 4396 1761 4445 to

397 4498 510 4539 eorum
535 4476 703 4552 terminus,
738 4476 844 4559 quiin
867 4475 1051 4558 quaestione
1070 4476 1281 4557 proponitur,
1305 4476 1374 4537 sive
1392 4470 1610 4558 praedicatus,
1643 4470 1712 4536 sive

397 4569 490 4635 etiam
513 4568 687 4633 subiectus.
732 4568 796 4649 Qui
815 4571 942 4653 quidem
966 4568 1090 4631 termini
1111 4590 1171 4651 per
1194 4590 1230 4633 se
1253 4580 1439 4653 argumenta
1461 4587 1609 4631 essenon
1632 4585 1712 4648 pos·

396 4675 488 4738 ssent,
513 4684 615 4746 neque
639 4684 718 4727 vero
740 4684 799 4745 per
821 4685 856 4727 se
877 4674 1060 4746 argumenta
1083 4672 1261 4744 praestare.
1305 4661 1339 4725 si
1360 4662 1443 4725 enim
1465 4660 1547 4742 ipsi,
1570 4671 1606 4723 ut
1626 4670 1712 4735 sunt,

397 4768 581 4841 argumenta
616 4778 685 4819 esse
713 4767 846 4839 possent
875 4756 925 4818 vei
951 4766 1211 4839 argttsuentorum
1243 4766 1406 4838 praestare
1436 4752 1616 4829 materiam,
1648 4752 1719 4815 ntal-

474 4994 503 5051 9.
533 4990 668 5063 perfecit]
693 4994 763 5045 Ven.
794 4994 881 5046 Paris.
912 5020 948 5033 -
970 4988 1110 5063 patefecit
1136 4990 1214 5045 Eine.
1234 5019 1272 5034 -
1287 4978 1432 5062 pntqseieit
1451 4992 1527 5046 Base.
1580 4998 1624 5047 10.
1649 4988 1720 5041 lecta

399 5068 495 5139 qulbus
526 5068 604 5122 Elns.
656 5071 702 5125 15.
729 5068 810 5137 (leand
828 5068 867 5137 si]
887 5070 953 5134 qam
972 5066 1049 5121 Elus-
1099 5065 1146 5123 [ΙΙΙ.
1178 5084 1235 5125 noa
1255 5076 1375 5137 possm
1394 5097 1413 5111 -
1433 5098 1452 5111 -
1470 5074 1643 5135 argumento
1660 5081 1719 5117 esse

400 5162 456 5199 om.
475 5144 553 5199 Eius.
573 5142 668 5198 addito
688 5150 713 5195 ιι·
732 5158 796 5197 unte
816 5145 939 5197 termini.
