4434 5959
958 618 1050 683 LIB.
1073 618 1104 681 l.
1641 619 1682 685 89

375 760 496 821 Harum
519 778 624 821 rerum
647 781 707 822 tana
729 760 921 823 ιιιὺιιαιιιία
941 772 1007 821 est:
1030 755 1169 839 reliquae
1203 778 1315 821 norem
1337 758 1535 843 qualitates:
1564 763 1594 823 id
1617 773 1680 836 est,

374 874 455 935 quae
486 852 698 915 srebstautioe
729 853 883 916 accidant.
936 854 1050 934 ltaque
1081 874 1174 931 quum
1209 873 1260 914 res
1289 856 1368 915 uttda
1398 864 1464 928 est,
1503 853 1576 915 nibil
1599 854 1682 917 aliud

376 968 467 1031 quam
488 966 542 1009 res
572 956 633 1008 est.
688 948 780 1009 Τιιιιο
807 957 910 1007 autem
939 966 978 1007 ex
1008 966 1043 1007 ea
1066 964 1231 1026 possumus
1254 946 1359 1007 facere
1381 961 1617 1029 argumentum.
1655 946 1683 1010 si

376 1039 441 1101 eius
468 1038 652 1121 qualitatem
679 1038 889 1118 inspiciamus.
944 1041 1053 1121 ltaque
1085 1037 1187 1101 otnuiu
1218 1042 1313 1101 verba
1345 1040 1395 1101 vel
1423 1040 1543 1103 nentina
1568 1042 1682 1101 habeut

377 1154 427 1195 res
455 1154 548 1194 suas:
572 1133 688 1195 babent
708 1143 741 1194 et
763 1132 944 1214 quintium„
981 1154 1062 1215 quae
1084 1133 1249 1215 qualitates
1272 1155 1365 1216 quum
1387 1133 1447 1195 sibi
1469 1134 1707 1209 conveniunt,⁵

375 1225 492 1288 laeitsnt
514 1236 752 1308 argumentum:
775 1236 809 1286 ttt
831 1235 905 1306 puta
927 1246 1081 1306 ponamus
1097 1224 1231 1286 oeritlit.
1257 1270 1266 1287 .
1293 1268 1302 1287 .
1327 1270 1336 1287 .
1381 1226 1512 1289 Occidit
1536 1248 1588 1288 res
1611 1239 1677 1290 est:

375 1319 467 1381 huius
488 1320 538 1381 rei
560 1340 640 1399 quae
661 1318 701 1381 sit
722 1320 872 1402 qualitas,
911 1320 1123 1389 attendamus;
1162 1318 1190 1379 id
1224 1330 1288 1391 est,
1329 1322 1479 1402 quaedam
1510 1320 1680 1399 asperitas,

376 1414 527 1493 qttaedam
559 1411 745 1475 immanitas.
799 1412 921 1474 Deinde
948 1430 1098 1493 ponamus
1129 1410 1314 1474 inimicum.
1372 1413 1495 1474 Rursus
1525 1412 1683 1475 iuimicus

374 1528 426 1568 res
444 1518 513 1568 este
536 1505 607 1567 eius
624 1506 670 1567 rei
691 1526 792 1585 porro
815 1504 945 1588 qualitas
968 1502 1110 1565 similiter
1132 1523 1241 1583 aspera
1266 1518 1359 1587 atque
1382 1502 1526 1565 erudelis.
1570 1506 1681 1589 ltaque

374 1598 525 1681 quoniam
546 1610 679 1678 utraque
700 1597 760 1659 sibi
780 1598 856 1663 hacc
881 1596 1012 1677 qualitas
1034 1598 1200 1671 convenit,
1234 1596 1350 1659 laetum
1379 1610 1425 1660 est
1452 1598 1679 1675 argumentum.
1694 1598 1724 1647 ¹⁰

375 1693 422 1754 Ita
445 1680 526 1753 elnae
548 1690 665 1753 similes
686 1690 850 1776 qualitates
872 1711 966 1771 quum
988 1688 1104 1752 litet-int
1126 1690 1308 1770 copulatae,
1330 1691 1446 1753 faciunt
1469 1692 1558 1751 aliam
1580 1689 1680 1772 quali·

373 1798 488 1859 tatema
509 1783 542 1847 id
554 1796 615 1858 est,
632 1785 787 1858 „oceidit,
803 1784 884 1867 quia
897 1783 1054 1845 iuimicus
1062 1782 1192 1874 fnit’'.·
1213 1806 1293 1865 quae
1309 1784 1442 1865 qttalitas
1454 1795 1513 1856 est,
1537 1796 1571 1844 ut
1586 1804 1682 1860 argu-

373 1890 512 1943 mentum
535 1876 702 1958 probabile
718 1898 784 1940 esse
808 1876 964 1939 rideatur.
996 1878 1043 1939 lta
1065 1879 1091 1939 si
1115 1878 1267 1939 dicamus:
1292 1878 1439 1951 Occidit,
1463 1877 1545 1960 quia
1564 1874 1682 1959 gladio
1720 1912 1726 1927 ι

371 1970 568 2054 percussita
603 1982 819 2053 argumentum
847 1980 912 2042 est,
951 1970 1022 2052 quia
1051 1970 1214 2054 utriusque
1244 1971 1288 2034 rei
1319 1972 1451 2055 qualitas
1481 1978 1528 2032 est
1558 1968 1678 2031 similis.

372 2062 531 2145 Alioqui,
557 2084 651 2145 quum
673 2062 704 2123 in
727 2084 784 2136 es,
819 2064 906 2145 qttod
927 2075 977 2125 est
998 2064 1136 2139 oceidit,
1161 2066 1220 2126 iam
1244 2076 1316 2125 uota
1336 2066 1376 2127 sit
1401 2077 1430 2127 et
1447 2084 1499 2125 res
1523 2074 1553 2125 et
1578 2060 1722 2143 quali-¹⁵

372 2169 421 2219 tas
443 2157 510 2229 rei,
535 2155 645 2217 deiude
665 2175 765 2237 ponas
785 2155 941 2235 virgam,
965 2157 1052 2218 estius
1073 2177 1125 2218 res
1148 2170 1178 2218 et
1198 2158 1329 2240 qualitas
1354 2171 1426 2219 nota
1447 2168 1510 2219 est:
1534 2156 1679 2240 quoniam

373 2251 489 2313 similes
513 2247 573 2311 sibi
595 2270 658 2310 non
681 2262 752 2311 sunt
773 2248 850 2311 istae
872 2247 1055 2331 qualitates,
1084 2250 1268 2312 coniunctae
1290 2250 1320 2313 in
1342 2271 1454 2324 unum,
1480 2271 1541 2313 non
1563 2248 1682 2311 sariunt

373 2355 611 2427 argumentum:
633 2340 661 2403 si
681 2341 783 2403 dicas:
802 2342 973 2423 percussit
991 2341 1091 2425 uirga
1116 2354 1146 2403 et
1162 2343 1297 2405 oceidit.
1341 2344 1471 2423 Semper
1492 2343 1596 2425 itaque
1617 2364 1681 2406 nou

372 2457 449 2508 res.
473 2438 529 2497 sed
551 2434 716 2518 qualitates
738 2453 842 2496 rerum
865 2436 1014 2497 debemus
1036 2438 1195 2497 attendere
1225 2447 1318 2519 atque
1341 2437 1506 2509 coulerre,
1532 2448 1564 2497 ut
1586 2457 1681 2519 argu·

374 2541 478 2593 menta
500 2527 663 2591 laniamus.
707 2530 977 2610 Argumentorum
999 2548 1102 2607 porro
1126 2548 1241 2610 genera
1265 2532 1327 2590 duo
1350 2540 1439 2602 sunt,
1461 2528 1626 2608 probabile
1649 2539 1680 2591 et
1691 2534 1722 2585 ‘tt

376 2621 602 2687 necessarium.
657 2621 831 2684 Probabile
867 2632 936 2694 est,
974 2623 1060 2704 quod
1088 2620 1376 2683 verisimilitudine
1399 2621 1609 2684 fidemlacit:
1646 2633 1681 2684 ut

376 2728 467 2799 puta,
490 2716 583 2798 Qstia
604 2711 866 2806 iuimicusfrsit‚
889 2713 1023 2776 oceidit.
1054 2714 1175 2777 Verum
1199 2717 1237 2776 de
1258 2715 1418 2795 probabili
1441 2727 1515 2796 post
1529 2716 1678 2779 dicemus.

377 2812 474 2874 Nurac
496 2820 598 2870 atatem
620 2810 660 2870 de
681 2818 870 2890 argtuuento
891 2810 1069 2871 necessario
1091 2807 1330 2889 disputabimus.

460 2902 663 2969 Necessarie
691 2901 969 2963 demonstrantur
998 2922 1057 2976 ea,
1096 2923 1183 2985 quae
1215 2903 1316 2965 aliter
1353 2924 1394 2964 ae
1422 2902 1583 2964 dictantur
1622 2896 1681 2961 nec

371 2997 459 3075 fieri
476 3016 537 3057 nee
559 2994 702 3077 probari
718 3006 884 3077 possunt,
921 2996 984 3057 lroe
1009 2994 1128 3057 modo:
1158 2992 1352 3075 simperti,
1383 3016 1451 3057 cum
1476 2994 1546 3057 viro
1563 3001 1722 3055 conce-25

376 3089 458 3172 buit]
501 3089 723 3167 Necessarium
751 3099 816 3161 est,
855 3087 975 3171 iuquit,
1009 3090 1095 3171 quod
1129 3087 1218 3149 aliter
1246 3108 1283 3149 ae
1312 3088 1425 3149 dietum
1455 3098 1501 3149 est
1528 3110 1585 3149 nec
1612 3086 1681 3150 lieri

373 3206 433 3247 nee
453 3182 588 3264 probari
610 3193 735 3262 potest:
757 3182 963 3243 necessarium
986 3193 1203 3264 argumentum
1227 3184 1265 3241 ad
1287 3182 1377 3243 fidem
1401 3180 1486 3265 cogit
1509 3201 1544 3242 ae
1564 3180 1679 3253 trahit;

374 3274 543 3359 probabile
565 3285 666 3335 autem
689 3272 798 3353 irrepit
829 3284 920 3354 atque
942 3275 1124 3354 persuadet.
1182 3274 1400 3337 Necessarium
1428 3294 1528 3354 porro
1550 3275 1612 3335 tale
1634 3285 1681 3337 est

375 3378 613 3453 argumentum,
636 3366 663 3429 si
678 3387 713 3429 ea
726 3366 891 3447 proferas,
915 3358 1050 3449 quoruin
1065 3367 1135 3428 talis
1150 3365 1189 3428 sit
1208 3379 1334 3454 natissa,
1358 3380 1390 3429 ut
1408 3368 1452 3430 sie
1468 3367 1534 3431 lieri
1555 3387 1680 3430 necesse

375 3462 433 3536 sit;
456 3460 610 3525 si-dicas:
633 3460 673 3525 Si
696 3470 798 3521 ιιαιιιι
818 3470 887 3532 est,
918 3458 1095 3521 morietur.
1140 3460 1177 3523 Si
1192 3460 1343 3542 peperit,
1367 3482 1445 3523 crem
1463 3461 1536 3523 uiro
1560 3470 1723 3523 conen-tt

374 3556 460 3617 berit.
503 3554 594 3616 Haec
616 3572 743 3615 neeesse
765 3562 830 3625 est,
867 3563 901 3614 ut
922 3573 956 3614 se
979 3566 1236 3636 consequantur:
1268 3557 1362 3636 quod
1384 3556 1410 3617 si
1428 3575 1555 3617 neeesse
1583 3558 1681 3617 habes

374 3652 525 3719 eredere,
549 3645 757 3709 necessarium
777 3647 892 3707 lactum
915 3657 962 3708 est
983 3661 1213 3729 argumentum.
1258 3649 1340 3712 lllud
1362 3662 1463 3711 tarneu
1482 3649 1563 3711 scire
1586 3650 1681 3709 debe-

375 3761 462 3815 mus,
503 3750 722 3823 argumentum
751 3738 960 3801 necessarium
987 3759 1088 3821 paene
1116 3761 1178 3801 non
1208 3762 1276 3803 esse
1309 3742 1472 3823 solumque
1505 3761 1574 3813 esse
1599 3740 1680 3802 iuter

375 3832 520 3896 homines
542 3832 720 3913 probabile.
778 3834 900 3914 Nempe
936 3830 1027 3895 nobis
1055 3832 1261 3895 necessarium
1295 3834 1417 3895 videtur
1439 3854 1480 3895 ex
1503 3854 1580 3897 vero
1603 3852 1680 3894 eon-

375 3938 473 3989 stare.
519 3928 598 3988 Nam
625 3926 650 3989 si
671 3926 841 4008 probabile
863 3946 903 3987 ex
925 3924 994 3987 veri
1019 3924 1134 3996 simili,
1159 3948 1198 3988 ex
1222 3946 1299 3989 vero
1322 3946 1449 3989 necesse
1470 3937 1517 3988 est
1539 3940 1722 3989 necessa-³5

375 4020 470 4083 rium.
529 4019 618 4083 luter
639 4020 781 4085 homines
802 4031 904 4081 autem
927 4040 1036 4081 verum
1058 4020 1135 4081 latet
1155 4030 1319 4103 tottuuque
1345 4019 1573 4100 suspicionibus
1598 4016 1681 4102 geri-

374 4123 441 4175 tur.
497 4114 589 4194 Ergo
617 4114 823 4177 necessarium
851 4132 914 4176 non
946 4123 1052 4192 potest
1085 4132 1153 4174 esse
1186 4123 1415 4195 argumentum.
1467 4112 1529 4175 Sed
1561 4121 1680 4173 tanttuo

375 4204 460 4269 inter
471 4205 615 4269 homines
630 4217 735 4287 potest
746 4206 965 4279 necessarium,
979 4216 1128 4290 quantum
1140 4208 1307 4268 secundum
1324 4204 1503 4285 opinionem
1521 4205 1681 4266 htttnanam

376 4299 473 4361 ralet.
531 4298 663 4385 Alioqui
689 4302 856 4363 seecundum
881 4297 1134 4363 Christianorum
1164 4298 1342 4379 opinionem
1371 4320 1433 4362 ιιοιι
1464 4309 1511 4361 est
1540 4318 1682 4361 necessa·

375 4392 458 4455 rittm
481 4404 716 4475 argumentans
738 4394 777 4456 Si
788 4392 939 4475 peperit,
962 4414 1040 4456 rum
1053 4392 1127 4456 viro
1142 4394 1331 4455 concubuit.
1355 4395 1466 4475 Neque
1481 4392 1542 4454 hoc
1557 4412 1680 4453 rttrsus:
1694 4402 1724 4453 tt

377 4484 415 4549 Si
442 4494 546 4547 natus
577 4497 648 4560 est,
683 4487 862 4548 morietur.
913 4487 993 4549 Nam
1022 4488 1105 4567 apud
1140 4506 1195 4549 eos
1224 4486 1494 4567 manifestumest
1522 4484 1588 4545 sine
1610 4483 1681 4546 'tiro

376 4588 502 4649 natum,
539 4587 571 4639 et
598 4596 663 4641 non
696 4590 866 4646 mortuum.
921 4581 1014 4663 Ergo
1041 4578 1251 4642 necessarium
1281 4578 1357 4642 illud
1378 4590 1593 4661 argumentum
1615 4587 1681 4651 est,

377 4662 464 4744 quod
491 4658 552 4723 iam
586 4660 738 4743 opinione
773 4683 958 4744 persuasum
987 4673 1048 4727 est.
1105 4667 1214 4747 Atque
1235 4674 1269 4726 ut
1291 4664 1369 4725 scias
1390 4665 1452 4727 hoe
1475 4660 1683 4725 necessarium

382 4796 448 4805 —-
528 4800 532 4805 ·
574 4800 583 4803 -
606 4800 668 4805 -——
708 4798 762 4805 -·--
858 4802 881 4807 -·
928 4802 934 4807 -
957 4802 962 4807 -
989 4802 1172 4809 ---——-———
1261 4802 1267 4807 -
1282 4800 1488 4807 ——-----.·
1509 4800 1545 4807 1--0
1557 4798 1631 4805 -—-·-
1643 4797 1682 4807 --n

450 4855 495 4913 53.
517 4854 558 4905 dn
573 4870 660 4923 penes
677 4870 730 4905 uos
746 4852 903 4909 annesae?
931 4852 983 4909 elr.
1003 4857 1037 4909 C.
1055 4858 1102 4915 89.
1123 4860 1306 4907 neeessariam
1325 4860 1399 4907 tuter
1418 4852 1541 4905 hemtraes
1558 4870 1613 4905 nou
1632 4860 1683 4905 est.

450 4929 497 4985 56.
519 4932 670 4997 roremque]
691 4928 739 4982 ste
758 4929 828 4982 eod.
847 4932 909 4983 Bas.
927 4932 970 4985 St.
990 4932 1051 4983 Aac.
1073 4930 1135 4983 Ald.
1159 4958 1193 4971 -
1212 4938 1301 4982 totum
1320 4932 1406 5003 Capp.
1427 4930 1479 4983 On.

378 5075 410 5131 m
443 5000 625 5129 ι(12.6ιιιιιιιιι]
657 5004 783 5076 Intellige
811 5020 908 5057 natum
938 5022 998 5058 esse
1033 5006 1173 5058 Christum
1204 5006 1356 5058 Dominum
1393 5022 1425 5055 ea
1455 5004 1540 5057 Beata
1572 5002 1683 5073 Vlrglnr

411 5090 479 5130 ara.
525 5095 582 5129 arr.

452 5150 523 5207 tete.
540 5169 598 5205 ιιοιι
616 5156 765 5221 morsm]
784 5152 929 5209 Enoebum
948 5152 1095 5223 videlieet,
1115 5152 1204 5209 Ellam
1222 5167 1275 5207 eet.
1296 5154 1377 5206 Cara.
