4434 5959
924 611 1017 676 mn.
1040 609 1088 676 11.
1219 652 1221 657 ,
1490 582 1492 588 ’
1610 615 1669 683 ιιι

439 746 534 829 Quid
557 748 684 830 augeri
703 770 768 831 per
788 770 1000 813 communem
1030 753 1141 814 locum
1163 752 1276 835 possit
1301 762 1335 817 et
1362 764 1535 837 oporteat,
1559 754 1670 817 consi·

360 838 551 921 deraditur]
607 841 659 905 De
693 862 729 903 re
759 844 897 924 probata
925 864 983 924 per
1008 842 1113 905 locum
1140 864 1336 909 communem
1363 857 1583 931 augincntiun,
1608 868 1670 909 uon
1701 846 1702 851 ’

363 934 483 996 illesis.
1215 964 1220 973 ·

445 1027 541 1090 Nam
559 1024 664 1099 certi,
687 1025 746 1108 qui
768 1025 805 1087 in
827 1046 943 1089 omnes
963 1026 1133 1103 incidant,
1155 1029 1222 1093 loci
1239 1029 1407 1112 perscribi
1425 1051 1493 1093 non
1510 1028 1670 1112 possunt]

359 1120 396 1184 Iu
411 1119 554 1202 singulas
577 1117 817 1183 constitutiones
830 1120 911 1182 certi
927 1118 1035 1184 locist
1055 1122 1180 1203 proprii
1194 1122 1261 1185 dari
1281 1144 1342 1185 uon
1358 1134 1503 1205 possunt.
1549 1124 1696 1186 Meritoi

361 1232 440 1295 ergo
463 1223 495 1274 et
516 1211 548 1273 in
572 1210 764 1295 negotiali..
793 1212 948 1292 Quoniam
971 1215 1125 1277 tamenin
1154 1215 1319 1297 negotiali
1348 1219 1386 1278 de
1407 1216 1477 1279 iure
1498 1226 1669 1289 tractatur,

360 1305 424 1369 laci
446 1324 627 1383 communes
649 1304 684 1367 hi
705 1324 773 1368 esse
794 1317 948 1387 possunt:
971 1319 1082 1370 cantra
1104 1304 1323 1372 anctoritatem
1337 1308 1608 1392 iurisperitorum,
1632 1310 1671 1369 ab

359 1399 549 1461 auctoritate
570 1397 837 1478 iurisperitorum.

443 1493 548 1555 Nunc
568 1490 739 1554 iuridiciale
760 1512 870 1575 genus
888 1504 923 1556 et
940 1505 1060 1577 partes
1084 1495 1160 1559 eius
1180 1492 1443 1576 consideremus]
1492 1492 1566 1576 Ipsa
1591 1492 1670 1559 euim

361 1596 425 1660 ast,
450 1604 531 1667 quae
552 1583 715 1647 dividitur.
1683 1594 1713 1643 ιο

442 1677 613 1742 Absoluta
632 1687 703 1751 est,
724 1697 813 1760 quae
836 1676 915 1760 ipsa
928 1678 1037 1754 inse,
1061 1699 1147 1753 non,
1170 1690 1210 1741 ut
1230 1678 1433 1763 negotialis,
1458 1678 1619 1761 implicite
1638 1690 1672 1743 et

360 1769 575 1844 deconditc,
612 1758 675 1832 sed
688 1770 864 1850 patentius
883 1783 917 1833 et
932 1770 1129 1853 expeditius
1149 1772 1233 1834 reati
1251 1783 1284 1835 et
1307 1793 1375 1837 non
1399 1772 1483 1835 recti
1502 1772 1673 1854 quaestio·

360 1886 437 1926 nem
469 1860 631 1942 continet]
680 1862 913 1946 ln·negostati
944 1864 1128 1947 quaeritur,
1160 1864 1234 1947 quid
1266 1885 1334 1929 esse
1369 1865 1597 1929 debeatiuriss
1640 1866 1671 1929 iu

361 1957 538 2028 absoluta,
561 1954 637 2037 qnid
658 1966 706 2017 est
725 1953 816 2017 iuris.

444 2050 546 2123 Non,
570 2059 608 2110 ut
630 2041 811 2135 negotialis]
853 2048 1049 2132 Negotialis
1070 2048 1152 2112 enim
1174 2070 1237 2113 uon
1259 2048 1423 2114 hebetius
1446 2060 1586 2129 certum,
1616 2052 1671 2115 sed
1684 2063 1714 2115 tt

363 2141 528 2227 quaeritur
548 2143 587 2203 de
608 2161 647 2204 eo
669 2141 757 2215 iure,
780 2145 869 2226 quod
889 2163 959 2206 esse
980 2145 1090 2204 debeat
1111 2141 1143 2205 in
1166 2144 1298 2229 negatio
1321 2144 1490 2225 praesenti.

445 2234 604 2297 Absoluta
626 2245 697 2307 est,
726 2255 812 2317 quae
833 2235 910 2317 ipsa
937 2233 974 2299 in
1001 2256 1055 2309 se,
1085 2255 1175 2311 nan,
1206 2248 1244 2298 ut
1270 2234 1465 2319 negotialis]
1508 2237 1547 2302 ln
1569 2258 1673 2318 nego·

363 2329 438 2392 tiali
457 2328 622 2412 qualitate
650 2331 699 2391 lus
725 2328 857 2391 efficitur
877 2328 1029 2392 sententia
1052 2328 1182 2392 iudicis:
1219 2328 1250 2393 in
1272 2330 1446 2406 wsolutd,
1478 2333 1566 2414 quod
1585 2331 1673 2413 posi·

362 2433 428 2485 turn
448 2423 500 2484 ius
517 2430 550 2483 et
571 2432 680 2485 notum
700 2434 766 2497 est,
790 2442 807 2484 a
826 2434 976 2503 praetore
997 2423 1143 2484 sumitur.

445 2514 614 2597 implicite
642 2525 676 2578 et
697 2514 902 2607 abscondite]
946 2514 1028 2595 Quia
1049 2517 1151 2580 adhuc
1176 2515 1328 2580 incertum
1359 2528 1407 2580 est
1436 2528 1468 2581 et
1490 2516 1716 2601 quaeritur-,tt

366 2608 440 2694 qnid
463 2628 533 2671 esse
555 2609 680 2671 debeat.

446 2705 489 2768 ln
509 2705 597 2763 lianc
612 2702 930 2785 argumentationes
944 2724 991 2764 ese
1012 2700 1134 2765 iisdem
1147 2704 1231 2767 locis
1251 2703 1433 2769 sumendae
1451 2714 1550 2778 sunt,
1572 2714 1674 2787 atque

363 2794 400 2859 in
426 2815 569 2859 οαιιιαιιι
597 2793 806 2879 negotialem,
844 2816 914 2880 qua
938 2794 980 2859 de
1013 2805 1093 2857 ante
1124 2796 1251 2859 dictum
1275 2795 1340 2880 est]
1395 2799 1439 2862 Ut
1466 2797 1674 2877 expertibus

365 2888 464 2964 iuris,
489 2899 636 2962 naturae,
660 2888 914 2963 consuetudinis,
935 2889 1058 2971 legum,
1081 2901 1264 2971 argumenta
1285 2910 1453 2952 sumamus.
1483 2891 1673 2952 Hostanen

365 2984 476 3065 (quarn
502 2992 534 3043 et
558 2980 592 3044 in
619 2982 771 3065 negotiali
795 2983 874 3045 haec
897 2980 974 3060 sint)
1001 2979 1275 3045 distat'absoluta
1302 2987 1341 3046 ab
1370 2980 1551 3067 negotiali,
1587 2984 1717 3065 quodtt

365 3063 428 3136 itti
441 3073 536 3136 latius
558 3074 704 3149 assumit,
727 3085 764 3139 ut
784 3076 899 3157 probet
920 3076 1179 3159 quemadmodum
1203 3097 1321 3157 novups
1340 3074 1389 3139 ius
1408 3096 1475 3139 csse
1492 3074 1612 3157 possit,
1636 3077 1675 3139 de

366 3186 431 3251 quo
453 3165 638 3250 quaeritur:
661 3168 819 3232 absoissta
839 3180 941 3231 eutem
962 3166 1031 3249 ipsa
1051 3167 1119 3231 iura
1143 3169 1295 3244 assumit,
1319 3180 1354 3232 ut
1373 3170 1492 3251 prabet
1512 3170 1642 3233 iactum.

448 3257 657 3342 Assumptiva
688 3260 799 3343 igitur
828 3273 903 3324 tum
926 3259 1072 3338 dicitw,
1108 3284 1215 3347 quum
1244 3262 1357 3344 ipsum
1392 3284 1439 3325 ex
1466 3284 1504 3328 se
1527 3259 1677 3349 sactum
1786 3341 1788 3348 Ι

361 3351 510 3437 probati
538 3372 608 3416 non
634 3353 761 3437 potest]
805 3353 1044 3435 Assumptiuae
1076 3355 1255 3439 qualitatis
1285 3366 1453 3437 praccepta
1485 3368 1676 3419 tractaturus

365 3448 488 3520 docet,
520 3444 598 3528 quid
616 3444 685 3528 ipsa
712 3446 771 3523 sit,
809 3456 842 3509 st
862 3445 930 3509 eius
951 3457 1059 3528 partes
1082 3459 1235 3532 quattuor
1259 3448 1422 3530 supponit.
1465 3450 1518 3513 Ac
1542 3450 1718 3531 primenti
1820 3458 1822 3463 ’

365 3537 692 3620 compensationem,
727 3560 821 3623 quarn
843 3550 874 3603 et
894 3539 1186 3623 consparationem
1206 3540 1366 3623 appellata
1381 3541 1479 3621 'huius
1498 3542 1676 3624 exemplum

366 3631 494 3696 subiicit
514 3631 716 3714 imperatoris
736 3634 823 3709 eius,
846 3630 901 3715 qui
920 3630 1140 3713 inpedimenta
1159 3644 1190 3695 et
1213 3654 1298 3697 aram
1321 3635 1503 3711 tradiderit,
1529 3647 1562 3699 ut
1583 3656 1676 3698 exer-

367 3724 463 3787 cituin
484 3726 526 3787 als
547 3724 714 3789 obsidione
741 3724 879 3790 hostiurn
911 3724 1074 3788 liberaret.
1124 3726 1188 3789 Hic
1209 3728 1354 3811 quoniam
1369 3726 1534 3804 finitivus
1566 3740 1677 3791 status

368 3838 437 3882 csse
453 3819 579 3901 potuit:
601 3819 694 3903 Quid
708 3818 753 3883 sit
767 3820 901 3883 laedere
915 3819 1147 3882 maiestatem:
1168 3822 1247 3882 certi
1269 3820 1349 3883 enirn
1370 3820 1503 3885 nominis
1518 3841 1592 3883 retis
1607 3830 1675 3883 est:

368 3913 460 3975 buius
480 3911 726 3987 constitutionis,
750 3912 783 3976 id
810 3924 877 3989 est,
901 3911 1065 3989 senitiuae
1086 3924 1222 3977 uactstu
1244 3914 1383 3989 omisso,
1413 3914 1511 3996 ipsam
1534 3914 1718 3978 conside-tt

368 4015 418 4069 rat
438 4005 767 4089 compensationem:
804 4026 842 4069 aa
872 4017 1043 4088 praecepta
1069 4009 1148 4069 haec
1171 4006 1356 4082 coustituit,
1391 4018 1425 4071 ut
1452 4006 1480 4069 si
1514 4007 1591 4090 quid
1618 4025 1677 4087 per

463 4256 490 4311 5.
509 4248 544 4302 de
561 4270 593 4303 re
607 4249 731 4321 probata
754 4267 807 4318 per
835 4250 926 4302 iocum
952 4265 1120 4302 communem
1139 4257 1337 4317 nesgmentum,
1362 4266 1417 4303 nan
1442 4248 1537 4319 thesis]
1573 4248 1675 4323 Perpr-

372 4340 430 4379 rttn
447 4324 590 4398 legebatur
600 4341 693 4379 antea:
713 4324 745 4377 de
756 4342 787 4377 rs
801 4325 927 4396 probata
946 4326 1033 4377 locum
1046 4342 1213 4378 commeassem
1223 4342 1274 4393 per
1287 4332 1482 4392 augmentum,
1502 4342 1557 4377 non
1574 4324 1676 4377 theris:

373 4401 442 4454 unde
461 4402 532 4454 nihil
549 4416 656 4472 poterat
676 4400 742 4453 banl
763 4416 858 4455 sensus
877 4401 950 4454 elici.
988 4402 1118 4453 Nostram
1137 4402 1353 4452 emendationem
1373 4400 1482 4453 firmant
1505 4400 1572 4453 haee
1594 4402 1678 4452 Cice-

374 4481 448 4529 ronis
458 4476 539 4529 verbs
550 4495 557 4527 ε
567 4474 738 4547 quidessgcrs‘
743 4493 795 4545 per
802 4492 967 4527 communem
974 4475 1334 4545 locumpossttctnportent.
1341 4475 1422 4527 Cirr.
1437 4476 1532 4541 <Reate
1544 4478 1677 4543 diuos.)

447 4559 493 4609 11.
512 4551 651 4618 sdsamta]
671 4550 773 4622 supple
792 4551 929 4620 qualitas,
948 4566 978 4604 nt
999 4566 1026 4603 et
1046 4556 1074 4603 in
1094 4548 1281 4620 sequentibus.
1300 4551 1383 4605 Cirr.

383 4646 387 4651 ’
447 4632 493 4683 19.
511 4644 530 4678 a
545 4626 695 4697 praetore]
716 4624 785 4677 cod.
806 4628 868 4678 Bas.
887 4652 925 4667 -
942 4624 977 4675 ab
997 4634 1111 4677 ardore
1130 4624 1200 4679 Edd.
1222 4625 1274 4678 Os.

446 4706 492 4761 25.
510 4720 565 4771 qua
584 4700 631 4769 de]
650 4698 719 4753 eod.
739 4702 801 4754 Bas.
821 4728 858 4741 -
876 4699 910 4750 ds
931 4718 986 4769 qua
1005 4699 1073 4756 Edd.
1094 4699 1148 4753 Οιι.

446 4782 492 4836 2⁴·
510 4779 615 4843 tamen]
636 4804 673 4817 -
691 4782 783 4826 cutem
803 4773 871 4827 cod.
891 4776 954 4827 Bas.
1028 4780 1073 4835 28.
1091 4774 1166 4843 tuns]
1186 4770 1252 4826 eod.
1272 4775 1338 4827 Bas.
1352 4792 1389 4827 =
1408 4780 1472 4825 tunc
1492 4770 1562 4828 Eud.
1583 4772 1637 4826 Oa.

446 4854 492 4909 50.
514 4880 545 4893 -
567 4859 595 4902 st
614 4856 644 4901 ln
659 4858 757 4919 partes
775 4847 825 4904 cd.
846 4850 910 4917 Bas.
929 4854 985 4903 Aa:
1005 4859 1034 4900 et
1052 4854 1077 4901 ct
1093 4850 1144 4919 pn?
1164 4847 1217 4901 Os.

386 4962 390 4967 -
444 4930 488 4985 35.
508 4924 588 4977 liuius
607 4928 815 4983 constitutionis
827 4930 894 4977 item
907 4924 1056 4997 finitione]
1087 4926 1233 4998 Perpetem
1251 4920 1392 4995 legebatur
1411 4937 1489 4975 antra
1511 4922 1600 4973 idem:
1620 4928 1675 4974 lam

375 5016 437 5051 sera
449 5000 572 5071 finitiva
591 5004 755 5054 constitutio
778 4999 872 5053 cadem
893 5017 950 5065 est,
980 5015 1012 5052 ac
1025 5008 1119 5051 status
1137 4996 1319 5070 definitivus,
1337 5002 1384 5068 qul
1404 5014 1431 5050 ss
1451 4996 1520 5066 finis
1538 5014 1603 5050 mox
1623 5012 1677 5072 sp-

376 5074 528 5145 pellslsltar.
547 5077 630 5130 Cirr.
667 5074 751 5147 (ortt
770 5074 876 5141 idest,
888 5073 948 5147 fin.
968 5092 983 5127 e
1002 5074 1073 5152 Cori.
1092 5075 1157 5127 Bas.
1176 5090 1202 5125 ei
1224 5080 1288 5127 Asc.
1312 5072 1378 5146 Os.)
