4434 5959
542 581 606 647 254
667 596 669 599 ·
1007 579 1049 648 C.
1072 578 1227 646 IULIUS
1249 575 1431 644 VICTOR

545 722 635 785 aliam
659 719 732 785 huic
753 720 883 785 simssem
907 718 1031 806 quidem
1052 720 1151 783 mtrlto
1174 722 1213 782 ad
1231 721 1387 803 agendum
1413 716 1641 792 difficiliorem,
1655 721 1767 803 ‘quum
1792 738 1870 800 per·

544 836 642 879 sonae
664 825 812 895 potentes
835 816 990 890 obstant,
1024 812 1091 877 sine
1124 834 1257 898 quarum
1285 814 1532 895 reprehensione
1555 810 1657 874 teneri
1684 831 1781 873 caiisa
1804 832 1870 873 non

544 908 670 991 possit:
693 909 829 995 ideoque
848 910 911 971 boc
928 907 1053 989 parcius
1072 919 1104 970 et
1125 906 1386 988 circumspectius
1406 906 1584 969 laciendum
1607 916 1676 980 est,
1699 904 1773 989 quia
1790 904 1873 966 nibil

546 1004 677 1065 interest
704 1005 866 1085 quomodo
900 1002 1062 1075 offendas3
1100 1011 1132 1063 et
1159 1010 1269 1080 aperta
1297 1000 1402 1083 ligura
1424 999 1535 1080 prodit
1557 998 1619 1059 boc
1642 997 1768 1079 ipsum,
1803 1019 1872 1080 quo

521 1094 646 1178 §ligura
670 1107 728 1157 est.
780 1096 831 1158 Ac
853 1106 1021 1177 propterea
1048 1116 1065 1157 u
1089 1093 1276 1179 quibusdam
1299 1104 1364 1157 tota
1388 1114 1439 1155 ses
1461 1093 1666 1172 repudiatur,
1698 1101 1730 1153 et
1754 1112 1873 1172 super·

545 1210 643 1251 racina
675 1188 814 1276 ridetur,
847 1190 914 1251 sive
947 1189 1158 1271 intelligatur,
1197 1189 1264 1249 sive
1297 1209 1360 1250 uon
1382 1177 1591 1271 intelligatur.
1650 1185 1715 1247 Sed
1731 1188 1872 1261 ,modun

546 1283 618 1346 licet
639 1282 806 1355 adhibere,
830 1282 862 1343 iu
885 1281 993 1364 primis
1018 1304 1056 1345 ne
1079 1282 1142 1345 sint
1163 1280 1358 1345 manifestae.
1402 1282 1477 1345 Non
1499 1291 1592 1343 errent
1614 1288 1737 1352 atatem,
1761 1279 1790 1342 si
1806 1300 1873 1343 nos

546 1398 586 1438 ex
611 1378 715 1439 verbis
738 1376 839 1439 dubiis
862 1388 896 1439 ct
914 1376 1002 1459 quasi
1022 1374 1219 1456 duplicibus,
1245 1374 1337 1458 quale
1358 1384 1407 1437 est
1427 1374 1460 1435 iu
1483 1384 1629 1455 suspecta
1653 1393 1756 1447 nuru,
1782 1373 1875 1437 diui

430 1498 433 1507 ·
545 1492 711 1543 sanorem,
744 1490 831 1554 quae
849 1470 946 1553 patri
965 1469 1107 1551 placuit.
1163 1472 1231 1532 Aut
1252 1470 1338 1551 quod
1359 1480 1408 1531 est
1430 1468 1530 1531 multo
1553 1466 1694 1549 ineptitts
1712 1469 1872 1549 conposi-

505 1580 536 1629 to
547 1566 683 1629 tionibus
706 1563 879 1649 ambiguis:
915 1575 948 1627 ut
970 1563 1001 1628 in
1023 1563 1075 1626 illa
1099 1561 1340 1636 controversia,
1364 1561 1395 1624 in
1417 1582 1478 1645 qua
1500 1560 1625 1624 inlamis
1651 1581 1762 1624 amore
1785 1562 1873 1627 filiae

547 1658 678 1739 virginis
701 1671 809 1740 pater,
833 1670 956 1739 raptam
978 1658 1157 1739 interrogat
1178 1676 1265 1727 eam,
1298 1676 1315 1717 a
1339 1676 1404 1737 quo
1428 1654 1535 1718 vitiata
1556 1656 1617 1718 sit:
1642 1655 1724 1740 quis
1744 1667 1800 1728 te,
1823 1656 1875 1721 in·

546 1752 634 1836 quit,
673 1752 803 1833 rapuit.
861 1754 936 1823 Tu,
968 1761 1088 1833 poter,
1122 1747 1261 1811 nescis?
1296 1770 1348 1811 res
1371 1749 1458 1831 ipsae
1479 1751 1653 1831 perducant
1675 1748 1811 1811 iudicem
1835 1752 1876 1812 ad

546 1844 773 1925 suspicionem.
817 1845 855 1907 Iu
879 1864 943 1926 quo
967 1842 1095 1907 multum
1118 1842 1210 1904 etiam
1233 1842 1366 1907 allectus
1388 1841 1499 1905 irruant
1521 1854 1553 1905 et
1573 1842 1750 1922 interrupta
1775 1844 1873 1907 silen-

546 1938 592 2001 tio
616 1934 712 2000 dictio
734 1950 765 1999 et
787 1936 1021 2000 cunctationes:
1058 1935 1103 1997 sio
1125 1934 1205 1998 euim
1227 1934 1299 2010 liet,
1337 1947 1372 1998 ut
1399 1935 1495 1999 iudex
1517 1946 1650 2020 quaerat
1671 1934 1739 1998 illic
1758 1938 1872 2001 nescio

505 2030 623 2115 sequid
644 2031 800 2107 lortasse,
831 2032 918 2116 quod
940 2051 1002 2093 non
1025 2032 1188 2103 crederet,
1212 2028 1240 2092 si
1261 2030 1401 2103 audirete
1424 2030 1523 2105 etei,
1547 2030 1635 2113 quod
1659 2048 1678 2089 a
1699 2048 1735 2091 sc
1757 2029 1874 2092 ineen-

546 2134 612 2187 tum
633 2124 807 2197 existimat,
845 2126 965 2188 eredat.
1024 2122 1086 2186 Sed
1108 2144 1148 2185 ne
1177 2122 1203 2186 si
1225 2124 1364 2205 optimae
1386 2122 1510 2208 quidem
1533 2123 1596 2185 siut
1617 2122 1761 2205 figurae,
1797 2145 1870 2187 csse

547 2219 662 2279 debent
683 2216 885 2300 frequentes:
921 2237 991 2279 nam
1023 2216 1175 2280 densitate
1202 2214 1270 2297 ipsa
1299 2216 1422 2301 figurae
1444 2215 1644 2299 aperiuntur.
1689 2215 1874 2280 lusorum
1947 2276 1954 2291 ,

547 2310 594 2373 sic
615 2308 748 2373 maxime
776 2309 871 2374 iudex
900 2308 1001 2372 eredit
1033 2308 1164 2392 liguris,
1202 2310 1229 2372 si
1261 2331 1321 2373 nos
1350 2321 1441 2393 putat
1466 2311 1551 2375 nolle
1573 2310 1678 2372 dicere
1700 2312 1872 2392 quaedam.

548 2402 653 2467 Etiam
676 2424 758 2487 quae
781 2424 843 2467 non
873 2403 977 2485 possis
1001 2405 1142 2485 probare
1164 2403 1266 2495 ligura
1290 2406 1488 2488 aspergenda
1511 2413 1597 2466 ssent.
1641 2404 1765 2466 Haeret
1787 2404 1873 2467 enim

505 2509 771 2578 eononuunquam
800 2495 895 2559 telum
925 2493 1001 2559 illud
1031 2496 1206 2573 occultum,
1227 2507 1260 2559 et
1289 2498 1351 2560 boc
1372 2498 1464 2580 ipso,
1497 2499 1586 2583 quod
1611 2508 1681 2560 'non
1711 2511 1870 2579 apparet,
1965 2513 1966 2518 ’

547 2590 641 2653 eximi
663 2612 726 2655 oon
748 2602 867 2671 potest.
912 2593 958 2654 At
980 2588 1006 2652 si
1029 2590 1111 2653 idem
1134 2590 1218 2653 dicas
1239 2592 1342 2672 palam
1365 2602 1397 2655 et
1418 2591 1647 2655 defendendum
1672 2600 1704 2651 et
1726 2594 1872 2671 proban·

548 2687 619 2747 dum
642 2696 701 2747 est.
756 2686 933 2747 Secundum
968 2704 1067 2767 geum
1097 2684 1222 2768 figurae
1254 2696 1319 2761 est,
1357 2707 1454 2769 quum
1479 2684 1603 2748 minime
1626 2684 1718 2747 decet
1741 2686 1871 2759 dicere;

548 2778 600 2839 hic
623 2776 779 2840 existimet
801 2778 895 2839 iudex
917 2786 1027 2857 tegerc
1050 2798 1108 2839 nos
1132 2782 1217 2861 quod
1240 2778 1392 2852 sciamus,
1416 2789 1448 2841 et
1469 2782 1569 2840 verba
1588 2778 1620 2839 vi
1635 2781 1769 2859 quadam
1786 2780 1872 2842 reri·

547 2872 619 2934 tatis
643 2870 836 2953 erumpentia
867 2873 974 2934 credat
1007 2872 1174 2933 coercere.
1219 2872 1300 2933 Nam
1331 2892 1396 2953 quo
1424 2871 1524 2934 minus
1551 2883 1604 2933 arnt
1629 2870 1762 2951 ipsi,’in
1785 2894 1870 2954 quos

504 2980 536 3029 2s
548 2964 697 3039 dicimus,
735 2976 786 3027 aut
812 2962 953 3037 iudices,
992 2974 1045 3025 aut
1071 2964 1251 3026 assistentes
1275 2964 1401 3027 oderint
1421 2966 1501 3027 banc
1527 2964 1754 3028 maledicendi
1775 2965 1871 3027 lasci-

548 3058 651 3132 vIam,
675 3058 700 3120 si
724 3059 806 3119 velle
828 3078 888 3121 uos
910 3054 1062 3119 credaut?
1093 3058 1160 3120 Aut
1181 3056 1257 3139 quid
1282 3056 1413 3120 interest
1435 3060 1597 3140 quomodo
1623 3057 1764 3131 dicatur,
1789 3057 1871 3120 siet

547 3172 598 3213 res
628 3162 659 3212 et
692 3151 811 3213 animus
841 3150 1047 3233 intelligitur,
1085 3149 1143 3211 uisi
1171 3161 1206 3211 ut
1229 3150 1332 3230 palam
1360 3150 1420 3224 sit,
1454 3152 1562 3213 Iacere
1584 3172 1661 3225 uos,
1700 3153 1789 3230 quod
1808 3151 1870 3233 ipsi

547 3243 683 3305 sciamus
702 3265 765 3307 uon
789 3264 855 3307 esse
878 3240 1079 3308 laciendum?
1103 3241 1246 3305 Tertium
1270 3266 1369 3328 genus
1390 3256 1458 3320 est,
1483 3246 1569 3328 quod
1584 3242 1644 3306 etsi
1658 3246 1760 3325 palam
1776 3246 1871 3308 liceat

548 3337 669 3411 dicere,
704 3336 877 3419 elegantius
900 3348 1002 3399 tamen
1026 3336 1194 3419 figuratur.
1239 3338 1284 3401 Ut
1307 3338 1443 3399 Marcus
1467 3338 1613 3399 Tulliusz
1650 3360 1788 3421 semper
1816 3340 1870 3402 laic

507 3444 648 3500 sterroa
688 3440 720 3490 et
746 3450 850 3512 quum
881 3441 1022 3512 propter
1050 3441 1238 3492 nocturnos
1271 3443 1381 3493 ructus
1411 3452 1490 3494 cum
1520 3452 1641 3494 sorore
1672 3433 1866 3505 cubitareta

549 3532 580 3582 et
602 3518 674 3583 alia.
732 3520 979 3585 vitiosissimum
1002 3533 1073 3597 est,
1113 3526 1199 3606 quod
1228 3524 1353 3609 quidam
1375 3524 1488 3601 ctiam,
1523 3523 1579 3588 ubi
1599 3544 1680 3607 opus
1703 3546 1769 3590 ooo
1790 3538 1866 3603 est,

550 3615 698 3679 adhibent
720 3614 853 3699 ligures.

926 3774 1045 3840 XXII.
1068 3773 1131 3839 DE
1154 3775 1491 3856 OBLIQUITATE.

637 3914 875 3997 Supervacuum
908 3913 1119 3995 Quintilianus
1152 3914 1311 3978 existimat
1343 3916 1374 3979 in
1403 3917 1486 3981 libro
1516 3937 1604 3982 nono
1631 3916 1870 3983 Institutionum

506 4010 639 4077 stellam
662 4010 738 4073 illud
761 4032 861 4097 genus
885 4010 1025 4085 dicendi,
1052 4011 1144 4093 quod
1168 4010 1278 4093 liguris
1301 4009 1464 4072 finitimum
1486 4023 1546 4074 cst.
1589 4012 1688 4075 Aliud
1709 4012 1817 4077 dicere
1838 4026 1869 4077 et

548 4104 631 4169 eliud
663 4105 743 4167 velle
773 4102 943 4186 obliquitas
973 4103 1170 4185 appellatur:
1208 4115 1241 4164 ut
1263 4124 1358 4186 quum
1379 4105 1515 4165 reddunt
1537 4125 1646 4167 causas
1670 4105 1868 4170 voluntariae

548 4197 679 4274 mortis,
702 4218 770 4261 uon
792 4197 894 4273 euim,
910 4196 1067 4281 inquiunt,
1092 4196 1181 4259 mori
1202 4198 1294 4273 nult,
1319 4198 1381 4260 sed
1394 4196 1683 4288 innidiomfocit:
1707 4221 1806 4282 quum
1829 4200 1868 4262 sit

548 4310 803 4371 supervacuum,
842 4303 876 4355 ut
899 4290 990 4375 quis,
1019 4290 1045 4351 si
1076 4289 1186 4354 virere
1207 4292 1342 4367 nrarult,
1367 4306 1502 4355 mortem
1523 4293 1631 4373 potius
1659 4293 1741 4355 male
1762 4306 1866 4374 petat,

548 4405 640 4467 quam
663 4387 791 4450 omuino
814 4406 876 4449 non
899 4396 998 4466 petat.
1043 4383 1101 4449 Usi
1123 4394 1227 4447 tameo
1255 4396 1287 4448 et
1309 4386 1372 4449 boc
1395 4405 1512 4467 genere
1534 4383 1623 4448 meriti
1646 4384 1865 4469 obliquitatis,

506 4488 582 4552 iniit
604 4478 737 4557 Marcus
761 4478 902 4554 Tullius,
941 4477 1029 4541 cuius
1059 4476 1161 4540 solum
1185 4478 1364 4559 exetupltuu
1395 4479 1470 4541 satis
1493 4489 1559 4553 est,
1593 4480 1866 4559 suppeditantibus

549 4569 672 4647 moltis,
710 4592 806 4654 quum
828 4574 866 4634 de
889 4592 991 4653 poena
1015 4571 1251 4634 coniuratorum
1277 4572 1371 4656 fingit
1392 4593 1426 4635 se
1448 4571 1623 4649 mitiorem,
1659 4584 1816 4635 ettamen
1838 4574 1867 4636 id

549 4663 616 4745 agit
637 4663 788 4745 oblique,
813 4676 846 4727 ut
867 4664 1096 4729 interficiantur
1118 4666 1285 4729 coniurati.
1331 4666 1369 4729 Iu
1394 4687 1458 4749 quo
1478 4666 1603 4752 quidem
1627 4686 1746 4749 genere
1768 4670 1866 4731 multo

547 4757 669 4821 catilius
698 4770 730 4821 et
761 4760 905 4822 subtilius
936 4772 967 4822 et
996 4758 1139 4843 argutius
1168 4781 1260 4843 qtmm
1291 4760 1321 4822 in
1344 4759 1489 4845 figuratis
1511 4763 1757 4845 agendumest,
1795 4760 1865 4844 quia

616 4949 658 4997 21.
678 4948 869 5011 defendendum]
887 4952 1004 5013 Ambigua
1022 4954 1080 4999 baec
1099 4955 1236 4999 terminatio
1255 4956 1277 5000 io
1296 4956 1356 5002 cot.

620 5078 666 5133 50.
690 5073 814 5126 Dtcrerta
837 5090 898 5127 sunt
919 5074 988 5127 beer
1008 5078 1037 5127 tn
1058 5072 1205 5144 Clodium,
1225 5079 1253 5128 tn
1274 5075 1413 5131 Caeliana.

624 5152 670 5209 50.
691 5150 723 5203 ln
743 5148 925 5203 Csitltosrils.
