4434 5959
555 612 596 681 ss
717 589 721 597 ’
1064 612 1352 682 vrcromnns

553 775 650 838 quum
662 753 736 819 dicit
745 765 807 819 taur
816 756 904 820 ieros
914 753 1057 819 moresln
1068 752 1167 818 lilium
1181 755 1293 817 cadem
1303 774 1366 819 non
1378 752 1537 837 potuisses
1552 752 1634 819 lilius
1645 754 1725 820 enlm
1737 776 1859 840 genna,

553 848 691 913 Roscius
723 850 843 931 species
872 860 932 913 est.
990 849 1039 912 lta
1061 860 1091 912 et
1113 868 1209 932 quum
1231 850 1268 911 de
1291 868 1406 932 genere
1428 846 1571 930 quaestio
1593 857 1659 925 est,
1694 868 1734 911 ea
1755 848 1863 931 specie

553 942 763 1027 colligendum
786 954 833 1006 cst
855 952 1095 1027 argumentums
1119 950 1153 1004 ut
1174 939 1200 1003 si
1222 950 1413 1022 queaeratur,
1436 940 1488 1003 An
1503 960 1612 1003 ornnes
1627 950 1742 1006 matres
1757 950 1864 1005 ament

553 1034 636 1099 lilios
659 1056 754 1099 suos:
791 1047 823 1098 et
843 1048 879 1099 tu
901 1057 941 1099 ex
962 1036 1067 1119 specie
1089 1034 1185 1100 facias
1208 1044 1446 1117 argumentumr
1478 1033 1575 1096 Adeo
1595 1053 1712 1097 omnes
1732 1046 1863 1097 matres

528 1144 620 1195 anon
641 1133 760 1191 amant
779 1127 881 1206 filios
901 1149 1005 1205 snos,
1048 1139 1087 1193 ut
1106 1128 1235 1194 Medea
1253 1126 1358 1204 filios
1384 1146 1466 1189 scens
1487 1127 1591 1189 etiam
1610 1128 1788 1201 occideritr
1815 1128 1863 1192 ita

551 1232 583 1284 et
603 1220 634 1283 io
657 1221 798 1305 reliquis.

634 1317 786 1381 Euentus
807 1324 860 1377 est
886 1312 1004 1379 exitus
1023 1312 1169 1379 oticrsiua
1191 1311 1339 1395 negotii,
1371 1312 1408 1374 in
1427 1333 1494 1397 quo
1511 1313 1630 1397 qrmert
1649 1316 1753 1390 solet,
1775 1316 1863 1399 quid

552 1426 599 1470 aar
610 1426 752 1511 ‘qumque
777 1429 815 1470 re
833 1406 1000 1513 evenerit,
1023 1406 1154 1470 eveniat
1175 1403 1463 1490 enennsratm[que]
1485 1405 1545 1485 sit]
1588 1408 1745 1469 Euentusn
1771 1408 1859 1473 illurn

552 1497 757 1580 accipiamus,
788 1499 843 1585 qui
869 1498 921 1563 sani
943 1501 1057 1582 maique
1079 1499 1125 1562 rei
1152 1496 1332 1563 naturaliter
1361 1497 1484 1561 ridetur
1505 1498 1686 1573 adiunctus,
1717 1500 1773 1585 quai
1791 1522 1860 1566 rem

512 1604 656 1667 ttsuam,
686 1603 853 1675 postquam
874 1613 928 1655 res
950 1592 1016 1676 ipsa
1037 1591 1227 1677 eontigerit,
1250 1602 1376 1653 necesse
1398 1602 1444 1655 est
1467 1604 1702 1674 consequatur.
1726 1605 1758 1657 et
1782 1606 1861 1659 tarne

552 1705 628 1747 vere
650 1685 689 1747 de
716 1696 830 1748 eventu
857 1685 964 1748 lacere
992 1705 1160 1768 possumus
1184 1696 1419 1768 argsuuentum,
1452 1682 1478 1747 si
1504 1683 1572 1765 ipse
1597 1695 1728 1751 eventus
1752 1701 1860 1751 certus

552 1777 605 1845 sit.
649 1776 783 1861 Alioqui
797 1776 824 1841 si
848 1788 995 1843 eventum
1012 1778 1098 1843 illum
1122 1776 1330 1860 accipiamus,
1354 1776 1406 1859 qui
1428 1798 1468 1838 ex
1488 1796 1561 1839 casu
1577 1776 1680 1850 venit,
1704 1778 1774 1843 lieri
1788 1778 1859 1845 inde

550 1890 616 1934 non
637 1880 746 1953 potest
767 1884 1005 1954 argumentum,
1037 1874 1123 1957 qrrod
1152 1872 1325 1933 adiunctum
1352 1869 1482 1954 negotio
1507 1890 1576 1932 esse
1600 1870 1713 1951 possit.
1764 1873 1859 1938 Facis

551 1962 665 2047 itaque
682 1966 722 2027 de
743 1976 858 2027 eventu
878 1976 1115 2050 argumentum,
1148 1962 1173 2028 si
1197 1984 1286 2039 eum,
1323 1984 1416 2047 queem
1437 1964 1624 2044 probareris
1647 1963 1857 2043 insolentem,

512 2057 691 2140 tslutururn
717 2058 872 2139 spondeas
904 2070 1116 2141 arrogantem.
1172 2058 1219 2123 lta
1254 2056 1437 2121 insolentiae
1465 2068 1610 2121 eventum
1643 2060 1859 2141 arrogantiam

553 2152 672 2213 doceas
694 2169 786 2232 qrram
808 2168 917 2212 rursus
940 2150 1151 2236 arrogantiam
1175 2154 1212 2212 ad
1235 2150 1339 2214 odium
1362 2168 1486 2213 caussam
1507 2171 1575 2213 esse
1598 2152 1808 2214 demonstras.

634 2244 749 2327 Quare
769 2243 831 2305 lanc
851 2242 887 2306 in
907 2265 1049 2328 genere,
1087 2257 1126 2309 est
1142 2244 1335 2319 commode,
1358 2242 1441 2328 quid
1461 2254 1658 2306 eventus-ram
1680 2244 1745 2318 sit,
1777 2256 1859 2309 onte

551 2333 670 2398 animo
688 2334 821 2417 concipi
841 2338 971 2418 possit,
1007 2337 1091 2422 quid
1110 2358 1242 2421 qunque
1260 2358 1306 2399 eo·
1329 2358 1365 2400 re
1383 2338 1491 2399 soleat
1514 2335 1666 2413 euenire,
1702 2336 1859 2401 conside·

552 2426 700 2491 mutirem
717 2426 782 2507 est]
826 2428 889 2505 tn,
912 2428 1031 2513 inquit,
1063 2452 1102 2492 ex
1127 2441 1242 2493 eventu
1264 2427 1358 2492 facile
1382 2428 1538 2511 possimus
1564 2438 1747 2512 argumenta
1766 2428 1859 2493 eolli-

510 2538 647 2601 engere,
677 2520 780 2603 primo
805 2520 869 2604 ipsi
894 2521 1058 2585 nobiscum
1086 2533 1281 2604 pertractare
1302 2534 1333 2585 et
1357 2520 1558 2585 considerare
1580 2523 1747 2598 debemus,
1785 2521 1859 2605 quis

552 2611 813 2699 uniuscuiusque
834 2614 883 2681 rei
908 2636 975 2680 esse
995 2616 1100 2680 solcat
1125 2626 1278 2680 eventus:
1303 2627 1333 2679 et
1355 2626 1389 2679 ut
1410 2615 1546 2679 sciamus
1564 2614 1735 2678 naturalem
1759 2636 1860 2679 even·

552 2713 636 2780 tum,
668 2726 730 2770 non
756 2706 938 2786 fortuitum,
967 2708 1060 2773 nobis
1081 2709 1359 2787 considerandum,
1390 2710 1522 2793 denique
1543 2708 1626 2796 qrdd
1654 2730 1785 2795 qaansee
1811 2732 1860 2774 ese

552 2820 590 2861 rs
606 2800 724 2876 soleat,
747 2798 869 2884 inquit,
891 2802 1036 2866 euenire.
1080 2799 1288 2866 Consuetudo
1306 2814 1458 2885 perpetua
1477 2812 1545 2865 ests
1569 2804 1654 2886 qstod
1670 2815 1858 2885 perpetuum

551 2902 614 2964 est,
637 2891 801 2958 fortuitum
816 2914 885 2957 esse
904 2915 968 2960 nou
982 2905 1102 2977 potest.
1147 2896 1238 2981 Ergo
1258 2894 1502 2960 considerandus
1530 2895 1621 2959 nobis
1636 2898 1694 2959 erit
1714 2897 1746 2961 in
1760 2900 1860 2961 rebus

509 2984 684 3073 tssingulis
706 3000 810 3051 certus
832 3000 864 3051 et
885 2988 1034 3052 naturalit
1056 3000 1202 3051 eventus.

635 3083 769 3165 Quarta
791 3092 906 3145 oaatem
931 3102 1017 3165 pars
1038 3093 1090 3146 est
1113 3102 1161 3144 ear
1187 3080 1251 3156 its,
1286 3104 1373 3167 quens
1397 3081 1545 3167 negotiis
1566 3082 1759 3147 dicebamus
1783 3106 1860 3150 essa

549 3173 757 3248 attributos,
793 3176 1000 3257 consecutio]
1058 3174 1199 3259 Negotia
1236 3188 1386 3259 quattuor
1414 3198 1484 3240 esse
1517 3175 1654 3240 diximus
1680 3175 1857 3254 attributor

550 3267 665 3330 dictum
683 3266 743 3329 iam
761 3270 800 3330 de
821 3268 921 3333 tribus
938 3268 1095 3332 attributis
1113 3279 1173 3331 est.
1208 3269 1430 3350 Ostendimus,
1453 3290 1533 3354 quae
1548 3279 1651 3332 essent
1664 3268 1859 3335 continentia

550 3378 620 3421 cum
639 3358 709 3439 ipso
728 3361 879 3443 negotio,
912 3360 946 3425 in
968 3361 1113 3447 gestione
1134 3361 1274 3447 negotii,
1312 3363 1455 3427 adiuncta
1477 3360 1628 3445 negotios
1666 3382 1748 3424 nunc
1766 3364 1803 3424 de
1820 3363 1859 3427 iia

509 3472 541 3522 su
551 3450 713 3515 dicendum
742 3465 806 3530 est,
846 3475 927 3537 quae
957 3466 1082 3539 gestum
1110 3454 1270 3537 negotium
1297 3467 1543 3541 consequuntur.
1601 3455 1695 3534 erod
1731 3455 1858 3537 qrridesa

551 3556 694 3629 qasartum
717 3547 902 3611 attributum
923 3546 1047 3611 videtur
1064 3568 1136 3611 cum
1159 3568 1192 3611 ea
1209 3560 1299 3630 parte
1314 3569 1474 3633 pargnare,
1498 3567 1579 3633 qrrae
1597 3547 1627 3609 in
1645 3544 1747 3629 primo
1767 3546 1859 3611 attri-

550 3640 629 3704 turo
650 3652 697 3701 est
713 3652 787 3722 post
810 3641 989 3725 negotium
1013 3640 1127 3705 sriruus
1150 3640 1231 3704 eninr
1252 3640 1389 3726 queisque
1410 3662 1480 3704 esse
1500 3640 1532 3703 in
1552 3642 1655 3721 primo
1680 3640 1853 3715 attributo,

550 3752 697 3795 summam
720 3734 859 3819 negotii,
881 3754 1006 3798 caussam
1029 3733 1129 3816 ipsius
1150 3754 1287 3799 summae
1312 3746 1344 3798 et
1367 3735 1483 3797 lactum
1504 3733 1638 3813 triplex3
1661 3744 1733 3795 ante
1755 3750 1859 3817 nego.

550 3823 1187 3912 ΜΜΜΜΨΜΡΜΜςΜΜ
1232 3826 1859 3908 ΜΗΜΜΜΜΜΜΜΜΜ

509 3931 623 4004 aspect
643 3918 821 4001 negotium,
847 3922 970 3986 ridetur
990 3922 1088 3987 simile
1105 3944 1173 3987 esse
1192 3922 1264 3985 hnic
1286 3920 1455 3995 attributo,
1481 3922 1602 4003 dequo
1624 3938 1707 3980 nuno
1721 3917 1857 4001 agimus,

550 4003 992 4097 ᾳΜὼΜΜΜΜΜ
1049 4012 1860 4099 ΜΜΜΜΜΜΜΜΜΜπιΜΗΜ

551 4106 684 4180 distant,
715 4110 801 4189 qarod
831 4130 925 4187 supra
954 4123 1028 4196 post
1058 4110 1217 4195 negotium
1238 4110 1319 4173 lacta
1345 4108 1429 4170 illius
1450 4107 1674 4171 consideranda
1697 4116 1792 4181 sraut,
1818 4108 1859 4170 de

550 4219 616 4282 qum
636 4198 740 4283 agitur
761 4212 792 4265 et
817 4206 870 4284 ιμιί
892 4204 1010 4287 aliquid
1029 4202 1144 4267 iecisse
1168 4213 1378 4265 memoraturr
1403 4202 1454 4262 hlc
1481 4212 1582 4263 antem
1605 4198 1688 4261 lacta
1712 4197 1859 4261 conside·

549 4295 645 4357 sanda
661 4305 750 4370 sunt,
775 4297 830 4358 sed
845 4308 1007 4360 extranea.
1050 4296 1160 4381 ltaque
1172 4296 1394 4360 consideranda
1413 4305 1502 4369 stunt,
1526 4311 1605 4376 qsaae
1619 4305 1741 4377 gestum
1755 4314 1859 4379 nego·

509 4384 892 4469 ιΜΜυΜΜΜΜΜΜ
951 4384 1858 4469 ΗΜοΜὰΜΜιΜΜΜᾶώΜΜιΜΜΜΜίυ

549 4478 694 4560 personis
708 4492 739 4541 et
754 4479 785 4542 in
803 4493 911 4545 nattsra
933 4482 1014 4563 gesti
1030 4482 1163 4564 negotii.
1208 4483 1244 4545 ln
1265 4481 1407 4562 personis
1423 4478 1487 4555 sic,
1512 4480 1538 4542 si
1560 4476 1856 4557 animadvertamus,

549 4572 626 4656 qarid
651 4573 689 4633 de
711 4585 803 4656 gesto
824 4567 954 4657 negotio
971 4574 1273 4657 hominrs‘lecerint
1300 4586 1353 4637 aut
1376 4572 1527 4637 senserint
1550 4583 1604 4635 aut
1624 4572 1856 4637 iudicaverint:

550 4664 1858 4753 ΜΜΜΜΜΜΜΜΜΜΜΟΜῇΜηΜΜΜΜΜΜΜΜ,

549 4756 1856 4844 ΜΜΜΗΜΜΜΜΜΜΜΜΜΜΜΜΜΜΜΜΜΜΜι

595 4924 651 4983 ’8.
670 4932 805 4977 eventurn
788 4926 894 4993 umque]
915 4938 953 4975 oo
970 4931 1147 4974 eventurum
1155 4924 1204 4977 Cd.
1225 4924 1286 4977 Bas.
1308 4926 1401 4977 lisere.
1420 4924 1473 4978 On.

622 5000 669 5057 37.
687 5015 771 5070 supra
798 5006 864 5068 post
883 4997 1039 5070 uegnttum]
1090 5004 1176 5053 Antea
1192 5002 1307 5069 prsslmc
1328 4998 1346 5049 l·
1340 4997 1480 5069 ugebatutr
1505 5014 1593 5067 supra
1611 5002 1772 5065 negatum
1790 5006 1858 5066 port

548 5079 700 5137 negotium.
736 5074 806 5126 Eme
808 5072 978 5126 ndauorem
989 5088 1110 5128 nostram
1133 5072 1246 5127 firmarit
1266 5074 1352 5126 edtrtn
1369 5072 1548 5140 marterum,
1567 5088 1649 5144 quana
1662 5087 1758 5146 possea
1780 5088 1850 5125 con-

548 5147 630 5201 ιιιιιιι.
651 5148 738 5201 Cara.
775 5145 870 5213 (decre
890 5152 987 5202 tudem
1006 5146 1074 5203 cod.
1094 5150 1157 5203 Bas.
1175 5162 1202 5202 et
1223 5156 1282 5203 asc.
1303 5144 1369 5221 Oa.)
