4434 5959
559 649 600 714 so
1015 611 1018 616 ’
1066 649 1351 723 memoramus

641 794 689 858 Et
708 791 825 854 eos-in
844 807 1114 876 termnquomqroe
1135 812 1208 854 rem
1233 777 1395 855 indumine
1415 789 1532 856 andem
1552 804 1652 878 atque
1672 793 1862 874 honestam]

560 883 677 950 Cicero
700 884 820 968 duplex
847 906 916 949 esse
941 887 1108 949 honestum
1131 886 1241 959 docet,
1276 907 1368 947 unium
1392 885 1468 949 illud
1489 885 1591 950 solum
1612 897 1705 970 atque
1725 906 1860 967 purum:

563 978 664 1055 aliud,
681 979 775 1060 ’qnod
789 995 859 1040 eum
873 977 942 1040 utili
955 977 1092 1041 iunctum
1106 977 1161 1041 sit.
1205 978 1266 1041 Sed
1281 978 1382 1042 solium
1398 978 1474 1042 illud
1488 980 1568 1062 apud
1582 999 1703 1060 paucos
1717 989 1782 1053 est,
1805 999 1868 1042 eos·

559 1071 694 1147 seilicet,
715 1069 769 1154 qui
790 1070 850 1135 soli
867 1071 989 1154 gloriae
1002 1073 1129 1134 student
1152 1069 1288 1155 nihilque
1310 1075 1348 1133 ad
1366 1071 1415 1134 sui
1429 1073 1591 1136 utilitatem
1615 1084 1745 1155 gerunt,
1769 1071 1861 1156 quid·

533 1163 635 1249 ⁵quid
655 1164 813 1240 sanciunt,
850 1165 1100 1229 consideratione
1133 1164 1208 1229 boui
1237 1163 1373 1250 malique
1404 1165 1572 1250 generatim
1602 1165 1762 1239 sanmunt,
1795 1186 1861 1229 non

559 1256 660 1343 gratia
679 1257 711 1321 in
732 1259 841 1322 eodem
864 1258 1054 1322 versantium
1076 1277 1296 1341 personarum.
1339 1259 1515 1323 Honestum
1538 1279 1615 1322 vero
1636 1258 1713 1322 illud
1726 1256 1859 1322 eoniun·

558 1363 642 1416 emm
663 1373 732 1415 eum
754 1351 822 1415 utili
842 1351 914 1417 ideo
933 1353 1100 1416 honestum
1122 1364 1233 1429 vocat,
1268 1350 1340 1438 quia
1365 1352 1398 1416 id
1420 1354 1506 1436 quod
1526 1353 1662 1434 iunetum
1684 1373 1720 1413 ae
1741 1351 1860 1432 duplex

559 1455 625 1521 est,
649 1445 688 1508 ab
716 1465 776 1520 eo,
806 1447 893 1529 quod
914 1443 1010 1508 maius
1040 1455 1105 1521 est,
1142 1466 1256 1510 nomen
1282 1445 1407 1529 recipit.
1450 1448 1571 1510 Verum
1594 1446 1669 1508 illud
1691 1447 1858 1508 honestum

558 1537 819 1620 philosophorum
838 1548 905 1614 est,
935 1539 1001 1601 hoe
1020 1536 1144 1601 illorum
1167 1537 1370 1621 sapientium,
1402 1537 1455 1623 qui
1475 1537 1523 1602 rei
1543 1538 1686 1619 publicae
1708 1541 1855 1615 student,

515 1642 546 1692 tt
558 1631 611 1717 qui
628 1631 810 1788 *civitate
831 1642 1011 1695 veneantur.
1061 1632 1158 1713 Quod
1178 1632 1302 1717 quidem
1323 1634 1488 1697 honestum
1511 1631 1636 1696 utilitati
1656 1651 1781 1712 semper
1802 1632 1858 1693 sd·

554 1725 626 1787 inne
715 1736 762 1789 est
791 1737 822 1788 ιι
842 1723 958 1788 utilitas
984 1724 1155 1791 honestati.
1212 1728 1288 1791 Hoe
1309 1725 1401 1790 etiam
1424 1727 1573 1792 Socrates
1594 1725 1653 1798 ait,
1690 1723 1764 1786 nihil
1788 1744 1859 1786 esse

554 1817 648 1895 utile,
686 1820 773 1903 quod
793 1838 856 1881 non
877 1821 1041 1881 honmtum
1063 1818 1123 1883 sit:
1159 1819 1236 1883 nihil
1262 1822 1446 1898 honestum,
1484 1823 1571 1905 quod
1603 1839 1667 1883 uon
1695 1817 1771 1882 utile
1803 1817 1856 1880 sit.

554 1911 636 1987 Sed,
673 1922 709 1973 ut
739 1912 841 1994 ipsum
868 1910 1096 1996 intelligamus,
1133 1933 1239 1976 rerum
1270 1913 1416 1996 exempla
1437 1913 1626 1996 proferenda
1647 1921 1731 1974 sunt.
1775 1911 1859 1974 Esse

553 2003 701 2082 indicem,
723 2007 889 2069 honestum
910 2015 970 2070 est.
1014 2008 1125 2071 luneta
1146 2017 1194 2069 est
1208 2017 1309 2071 tamen
1324 2007 1440 2070 utilitas
1454 2007 1621 2070 honestati.
1666 2007 1747 2069 Nam
1764 2024 1857 2067 nemo

512 2109 543 2160 ιι
554 2099 584 2162 ei
603 2096 746 2163 iniuriam
760 2096 853 2175 lacit,
877 2119 970 2166 nemo
985 2099 1087 2164 servis
1102 2097 1181 2164 eins.
1226 2101 1364 2166 Prodest
1377 2102 1529 2183 posteris,
1552 2097 1661 2164 liberis
1676 2096 1742 2162 eius
1756 2100 1859 2179 prod-

553 2201 614 2255 est.
664 2191 784 2256 Amicis
812 2211 893 2274 ergo
922 2192 949 2256 si
970 2193 1044 2278 quid
1065 2204 1224 2276 praestat,
1249 2193 1341 2258 etiam
1363 2192 1440 2257 utile
1458 2204 1517 2257 est.
1562 2191 1643 2268 Sed,
1668 2211 1858 2276 quamquam

552 2285 633 2347 haee
655 2286 718 2349 duo
740 2285 844 2348 iuncta
865 2297 958 2363 sunt,
987 2307 1051 2352 noo
1073 2298 1177 2352 tamen
1198 2287 1240 2352 ita
1264 2286 1358 2350 mixta
1380 2297 1468 2364 sumt,
1491 2298 1526 2349 ut
1547 2285 1622 2350 vino
1644 2305 1722 2368 aqua
1745 2284 1858 2346 misee-

551 2389 625 2454 tnr,
662 2377 782 2442 seilicet
809 2389 846 2442 ut
872 2379 996 2444 seesrni
1023 2381 1111 2446 nullo
1140 2383 1236 2446 modo
1262 2379 1404 2464 possint:
1443 2380 1563 2444 sedita
1585 2379 1678 2442 mixta
1701 2388 1787 2452 siunt,
1821 2389 1858 2441 ut

550 2471 672 2536 secerni
699 2493 794 2554 posse
818 2473 1003 2538 rideantur:
1041 2476 1300 2559 quemadmodum
1327 2472 1356 2536 si
1381 2473 1437 2537 fiat
1465 2493 1598 2537 acervus
1626 2493 1667 2536 ex
1694 2471 1801 2536 tritico
1824 2483 1858 2536 et

507 2566 687 2630 tohordeo.
744 2567 940 2651 Quamquam
971 2589 1052 2652 ergo
1072 2569 1151 2630 haee
1171 2569 1235 2632 duo
1257 2567 1354 2630 mixta
1375 2575 1466 2643 sunt,
1504 2578 1605 2629 tamen
1628 2565 1858 2650 aliquomodo

551 2668 584 2722 et
603 2656 725 2722 secerni
744 2669 891 2742 possunt.
934 2660 1079 2735 Etenim,
1114 2659 1236 2742 siquid
1258 2659 1351 2722 alieni
1370 2671 1499 2742 praesto
1520 2679 1579 2724 nee
1601 2659 1735 2742 gratiam
1756 2679 1856 2740 repo-

550 2771 626 2828 seo,
659 2752 824 2815 honestum
846 2763 907 2817 est.
961 2756 1007 2818 Αι
1027 2753 1059 2816 id
1086 2753 1188 2836 ipsum
1210 2756 1296 2838 quod
1316 2765 1462 2836 praesto,
1493 2754 1520 2816 si
1542 2752 1673 2838 gratiam
1695 2772 1858 2834 reposco,

548 2844 586 2908 fit
605 2844 694 2908 utile.
738 2847 831 2932 Ergo
851 2845 987 2929 primum
1008 2846 1048 2910 sit
1068 2847 1147 2911 illud
1167 2846 1269 2912 solum
1291 2849 1475 2923 honestum,
1508 2849 1594 2930 quod
1615 2866 1673 2928 per
1694 2867 1728 2910 se
1750 2846 1857 2927 placet

549 2938 632 3002 nulla
656 2937 798 3002 adiuncta
822 2938 941 3026 gratia:
963 2942 1028 3005 hoe
1048 2941 1200 3018 medium,
1224 2942 1390 3005 honestum
1412 2940 1499 3016 utile,
1523 2941 1610 3026 quod
1631 2962 1701 3004 eum
1722 2937 1854 3002 utilitate

505 3042 616 3098 strati
650 3033 744 3098 tertia
765 3033 807 3096 sit
837 3033 1061 3111 commoditas,
1096 3055 1177 3120 quae
1197 3033 1275 3100 solis
1296 3033 1392 3098 lueris
1412 3033 1533 3098 intenta
1556 3046 1603 3100 est
1624 3033 1745 3098 abiecta
1768 3031 1854 3098 omni

548 3127 724 3191 honestate.
778 3128 954 3191 Honestum
978 3149 1057 3191 vero
1078 3128 1331 3211 philosophicum
1353 3128 1413 3192 soli
1436 3129 1558 3214 gloriae
1578 3130 1703 3202 studet,
1731 3125 1853 3190 abiecta

548 3220 649 3289 etiam,
663 3220 810 3285 utilitate.
853 3223 947 3286 Nune
969 3243 1048 3308 ergo
1071 3224 1217 3305 quoniam
1238 3221 1379 3285 collectis
1400 3221 1578 3286 hominibus
1602 3233 1634 3285 et
1648 3217 1854 3302 congregatis

547 3313 658 3377 civitas
679 3313 768 3378 saeta
791 3326 856 3391 est,
880 3315 956 3399 quid
970 3318 1063 3380 debet
1078 3313 1285 3397 persuaderi?
1307 3316 1380 3400 quid
1394 3313 1755 3382 hominibusinsiuueri?
1777 3315 1859 3380 uon

547 3407 711 3470 honestum
733 3405 811 3470 illud
832 3407 950 3484 solnm,
973 3409 1061 3492 quod
1075 3408 1339 3490 philosophorum
1361 3419 1427 3471 este
1449 3429 1514 3470 non
1528 3405 1747 3483 commoditas,
1772 3425 1854 3489 quae

505 3497 707 3569 sohominum
729 3499 924 3581 perditorum
947 3511 1014 3564 est:
1037 3503 1093 3564 sed
1114 3502 1191 3565 illud
1205 3503 1337 3565 medium
1357 3502 1523 3565 honestum
1539 3511 1633 3586 atque
1646 3499 1743 3572 utile,
1765 3500 1856 3581 quod

546 3592 578 3657 iu
601 3593 685 3659 omni
705 3612 741 3656 re
761 3593 908 3674 prshliea,
940 3598 1026 3679 quod
1046 3594 1078 3656 in
1101 3593 1187 3657 omni
1208 3593 1335 3658 civitate
1360 3605 1519 3658 versatur.

515 3727 524 3742 ·
628 3687 746 3751 Primo
762 3699 907 3770 propter
927 3687 1143 3751 insolentium
1164 3689 1401 3767 reclamantes]
1424 3686 1512 3751 Nihil
1528 3697 1638 3772 egerat
1659 3686 1851 3768 eloquentia,

545 3779 574 3845 si
594 3779 717 3855 statim,
741 3791 776 3843 ut
796 3779 952 3844 insinuare
973 3780 1079 3863 eoepit
1100 3779 1177 3865 quid
1198 3791 1282 3846 esset
1303 3782 1467 3844 honestum
1491 3792 1584 3865 atque
1606 3779 1698 3855 utile,
1721 3801 1853 3862 persuu-

545 3874 650 3938 sisset.
694 3875 758 3937 Sed
779 3872 938 3948 ostendit,
963 3895 1091 3960 magnas
1114 3875 1215 3937 inesse
1237 3873 1321 3936 vires
1343 3873 1560 3958 eloquentiae,
1583 3875 1610 3938 si
1631 3878 1670 3937 ad
1691 3873 1739 3948 id,
1763 3877 1852 3956 quod

504 3979 615 4035 tuerat
636 3967 804 4049 optimum,
842 3966 983 4030 traduxit
1004 3967 1134 4032 inritos.
1186 3969 1230 4032 Et
1258 3989 1297 4030 oe
1320 3967 1486 4030 videantur
1505 3968 1624 4032 ideirco
1645 3967 1853 4047 reclamasse,

546 4065 632 4148 quod
653 4082 704 4126 res
726 4061 845 4144 optima
869 4082 932 4125 non
952 4073 1049 4139 esset,
1084 4061 1156 4125 ideo
1177 4059 1237 4124 eit:
1257 4071 1401 4144 propter
1422 4060 1637 4125 insolentiam
1654 4062 1770 4144 primo
1796 4083 1853 4125 re·

544 4159 742 4220 clamantes.
784 4155 906 4220 Deinde
928 4176 966 4218 ne
989 4154 1186 4240 eloquentiae
1208 4155 1391 4238 quibusdam
1414 4158 1542 4217 venenis
1565 4155 1656 4218 etiam
1678 4158 1718 4218 ad
1737 4155 1852 4218 malam

544 4270 612 4314 rem
632 4248 769 4313 uadunt
790 4249 968 4314 videantur.

626 4347 772 4427 Propter
785 4345 973 4414 retinerem.
995 4341 1114 4426 inquit,
1136 4353 1238 4428 otqtts
1252 4344 1443 4408 orationem
1456 4343 1645 4408 studiosius
1659 4343 1852 4423 mediantes]

501 4453 535 4503 tt
546 4437 638 4522 Ergo
659 4438 713 4500 ubi
732 4438 815 4502 ratio
837 4449 885 4500 ιιι
906 4447 937 4501 ιι
958 4435 1129 4520 sapientia,
1167 4436 1281 4500 malitia
1303 4437 1403 4502 inesse
1426 4457 1487 4502 non
1512 4447 1631 4519 potest.
1683 4435 1853 4500 Rationem

545 4533 584 4593 ad
605 4530 826 4594 sententiarum
856 4527 1043 4616 gravitatem
1067 4530 1265 4594 referendam
1292 4532 1444 4605 seiamua;
1480 4529 1657 4595 orationem
1686 4531 1727 4592 ad
1755 4549 1853 4594 orna·

440 4638 443 4644 '
546 4635 646 4691 menta
669 4625 853 4688 verborum.
1059 4619 1073 4640 ⁶

625 4719 686 4782 Ex
695 4715 800 4807 seris
820 4728 853 4782 et
873 4717 1078 4781 immanibus
1106 4717 1205 4781 mites
1233 4716 1382 4781 reddidit
1408 4728 1443 4781 et
1464 4715 1673 4793 mansuetos]
1716 4715 1854 4782 Difficile

545 4822 594 4874 est
613 4831 679 4874 rem
703 4810 838 4894 aliquam
858 4809 1035 4894 missioque
1054 4811 1188 4886 tollere,
1226 4812 1379 4874 difficilius
1401 4810 1492 4875 aliam
1514 4813 1602 4874 dare.
1646 4813 1710 4874 Hie
1731 4822 1854 4874 ttlrttnt·

501 4924 607 4984 isque
628 4902 746 4965 iactum
768 4914 827 4967 est.
870 4903 1002 4967 Sublata
1023 4914 1072 4966 est
1091 4904 1268 4969 homiuibus
1290 4905 1399 4970 feritas
1420 4917 1513 4990 atque
1534 4903 1707 4968 immanitas
1727 4919 1760 4970 et
1781 4907 1855 4970 data

545 5007 594 5060 est
615 4997 789 5060 humanitas
811 5009 842 5062 et
864 5001 1080 5062 mansuetudo.

617 5201 645 5256 5.
663 5204 793 5251 sanctiunt
811 5229 830 5242 -
849 5229 867 5242 -
886 5203 1026 5268 sanciunt]
1046 5227 1081 5242 -
1100 5205 1224 5254 sentiunt
1243 5231 1262 5246 -
1280 5231 1299 5246 ·
1316 5209 1441 5256 sentiunt
1459 5201 1510 5259 Cd.
1530 5203 1593 5256 ess.
1614 5203 1665 5264 on
