4434 5959
562 602 624 665 171
1021 598 1310 668 vlc‘tottlttus

644 740 725 807 ittet
748 723 891 824 propias·
918 739 1068 826 oliqssnrn
1094 741 1249 822 eausam]
1291 741 1340 806 lta
1369 763 1433 808 non
1460 751 1508 806 est
1524 742 1703 810 ,necessitas
1725 743 1757 807 iu
1779 743 1866 808 civili

561 834 746 918 quaestione
767 833 837 908 illa,
860 853 942 917 qnae
962 833 1029 896 sine
1049 833 1232 898 conditione
1253 846 1313 899 est.

642 929 784 992 Praeter
810 928 892 989 boec
918 937 1033 990 ornem
1060 947 1133 990 esse
1162 929 1287 992 mrdtos
1309 927 1461 992 invenies
1482 927 1550 1011 res]
1594 929 1632 992 ld
1652 941 1718 1012 est,
1754 951 1866 996 neccs-

562 1019 725 1083 situdincs.

536 1125 550 1171 1
642 1115 736 1177 Nom
755 1112 847 1175 omni
868 1122 1019 1193 tempore
1040 1111 1078 1174 id
1094 1111 1289 1194 pertinebit]
1332 1111 1371 1176 ld
1393 1123 1457 1188 est,
1481 1112 1628 1194 exceptio
1650 1109 1730 1196 ipss.

631 1207 694 1269 ¹Ae
724 1225 858 1269 summo
880 1204 1016 1288 quidem
1044 1203 1256 1269 necessitudo
1280 1205 1413 1268 videtur
1440 1227 1514 1270 esse
1542 1210 1744 1291 honestatis]
1788 1211 1863 1276 Duo

559 1308 631 1358 sunt
653 1296 796 1380 quidem,
820 1299 985 1360 honestum
1006 1311 1038 1360 et
1059 1297 1156 1359 sablo:
1179 1299 1232 1359 sed
1251 1297 1318 1360 utili
1341 1320 1436 1380 quum
1458 1303 1523 1364 diso
1545 1301 1746 1379 subiaceant,
1775 1325 1864 1367 corn-

560 1390 692 1452 moditas
713 1403 745 1452 et
762 1389 977 1468 incolumitas,
1008 1391 1096 1474 quasi
1118 1389 1176 1450 tria
1198 1389 1307 1451 effecta
1329 1402 1412 1452 sunt.
1456 1393 1578 1455 Verum
1602 1395 1749 1460 honestas
1772 1419 1864 1479 prae·

557 1483 723 1561 ponenda3
746 1486 884 1545 seeundo
906 1474 979 1545 loeis
1001 1484 1142 1544 habenda
1166 1481 1376 1556 incolumitas3
1411 1484 1506 1547 tertio
1529 1489 1754 1552 commoditas:
1785 1511 1863 1572 pro-

438 1651 442 1659 ·
518 1585 548 1636 11
558 1571 629 1637 inde
652 1585 685 1637 ut
706 1595 848 1658 quaeque
869 1595 922 1637 scs
944 1576 984 1637 sit
1005 1587 1057 1637 aut
1079 1572 1252 1636 honestatis
1273 1583 1327 1635 aut
1347 1573 1581 1642 incolumitatis.

640 1670 712 1731 Aut
733 1678 801 1729 sion
822 1689 862 1729 eo
881 1667 1039 1740 consilio,
1063 1687 1130 1750 quo
1152 1665 1351 1747 Aristippus
1360 1665 1472 1756 fecit]
1523 1673 1567 1735 Ut
1587 1673 1749 1740 sociorum
1770 1680 1864 1740 cada·

558 1779 633 1822 vera
656 1757 892 1840 tempestatibus
915 1760 1074 1822 liberaret.

638 1852 775 1915 Laudes
798 1863 913 1914 murm
941 1864 974 1915 et
1000 1851 1263 1934 uituperationes
1286 1873 1331 1914 ese
1357 1851 1402 1916 iis
1425 1852 1610 1937 lecisset]
1653 1857 1862 1923 Demonstra-

556 1944 638 2020 tiva,
663 1965 743 2026 quae
760 1955 943 2025 supererat,
965 1946 1033 2008 sola
1048 1957 1201 2007 tractatur
1213 1966 1270 2025 per
1283 1946 1494 2021 honestatem
1518 1971 1597 2032 quae
1615 1952 1862 2016 derisonstrstiva

516 2059 546 2106 ts
557 2051 662 2119 partes
685 2039 778 2099 habet
796 2039 890 2112 duas,
914 2039 1036 2100 landem
1053 2048 1086 2101 et
1106 2036 1388 2118 vituperationem:
1411 2051 1577 2125 uanusque
1592 2041 1694 2106 lamen
1712 2067 1754 2106 ex
1771 2045 1861 2110 attri-

558 2130 642 2193 butis
663 2150 818 2212 personae
840 2141 1008 2195 tractatur.

617 2307 679 2372 DE
700 2308 982 2372 ATTRIBUTIS
1004 2308 1265 2376 PERSONAE·
1309 2307 1411 2388 [Vide
1432 2307 1531 2374 Liba.
1555 2313 1586 2374 1.
1610 2315 1693 2394 Cap.
1718 2314 1788 2396 bb]

542 2462 546 2470 ·
639 2446 743 2526 Quum
767 2448 828 2511 sint
849 2448 989 2509 undecim
1007 2447 1154 2510 attributa
1175 2446 1336 2529 personis,
1360 2447 1472 2532 quibus
1491 2453 1686 2531 approbatur
1708 2452 1859 2540 cuiusque

555 2559 711 2622 persona,
743 2562 855 2604 nomen
884 2541 1018 2604 hominis
1047 2541 1141 2604 certis
1167 2540 1229 2601 suis
1255 2539 1417 2622 designans
1441 2545 1679 2625 et·sauguinem
1704 2560 1735 2609 et
1757 2549 1859 2611 hoissi-

512 2648 622 2698 2onesu
642 2631 818 2696 nominibus
841 2635 1033 2715 explicatur,
1056 2657 1126 2696 cassu
1146 2635 1231 2695 nullo
1250 2633 1369 2694 socium
1387 2654 1486 2718 neque
1509 2635 1633 2698 nostine
1651 2659 1754 2722 neque
1770 2643 1858 2702 attri-

554 2730 645 2789 buto.
690 2728 811 2789 Natura
832 2739 878 2789 est
893 2725 1075 2790 attributum
1091 2738 1180 2788 extra
1196 2725 1296 2804 ipsum
1312 2724 1487 2802 hominem
1511 2740 1544 2789 ut
1558 2729 1588 2790 in
1604 2731 1723 2810 patria,
1748 2746 1854 2814 gente,

553 2819 704 2904 satiguine
731 2819 918 2904 ceterisque.
976 2821 1065 2882 Haec
1096 2820 1179 2881 euius
1211 2817 1284 2879 licet
1317 2819 1390 2880 deut
1414 2819 1532 2883 homiui
1554 2826 1769 2901 couuuodusu,
1793 2848 1856 2889 non

551 2923 654 2975 tamen
682 2911 861 2994 proprium.
916 2912 954 2975 In
983 2911 1052 2994 ipso
1079 2932 1158 2974 vero
1187 2909 1311 2972 hosuiue
1340 2923 1387 2972 est
1416 2921 1525 2972 statura
1555 2915 1636 2975 circa
1669 2936 1788 2998 eorpus
1827 2933 1857 2982 ct

552 3006 702 3079 aninum,
727 3027 806 3088 quae
821 3007 871 3067 dat
889 3005 1039 3088 plurimas
1054 3018 1085 3068 et
1098 3003 1201 3081 anisuo
1218 3015 1248 3064 et
1264 3003 1394 3084 corpori
1412 3005 1591 3090 qualitates.
1635 3007 1728 3092 Ergo
1744 3021 1855 3074 natura

509 3116 540 3164 11
552 3100 695 3162 accidens
715 3120 766 3161 res
785 3110 850 3186 est,
875 3120 954 3184 quae
973 3099 1126 3181 aptiorem
1145 3097 1300 3158 hominem
1327 3099 1366 3158 ad
1388 3119 1480 3160 unum
1499 3101 1646 3182 quodque
1660 3099 1749 3165 iecit.
1793 3105 1856 3166 lta-

551 3214 612 3276 que
624 3213 686 3254 non
700 3204 809 3256 orator
824 3205 931 3255 natissa
952 3204 1017 3266 est,
1037 3195 1092 3256 scd
1117 3191 1292 3262 oratorius3
1314 3189 1426 3266 idest,
1453 3191 1506 3273 qui
1518 3205 1628 3256 orator
1648 3215 1714 3255 esse
1730 3195 1852 3276 possit:

550 3307 659 3348 verum
676 3287 731 3347 has
749 3284 912 3367 qualitates
937 3287 984 3348 vel
1001 3283 1158 3370 diligentia
1179 3293 1342 3364 comparat
1358 3283 1497 3367 l'acitque
1517 3285 1695 3364 perlectas,
1720 3300 1752 3350 et
1767 3289 1855 3351 balsi-

502 3370 506 3377 ’
550 3390 600 3441 tus
623 3377 842 3453 nominantem
880 3391 931 3441 aut
953 3378 985 3440 in
1010 3381 1065 3440 has
1088 3398 1161 3439 casu
1187 3377 1321 3458 quodam
1345 3397 1382 3438 ac
1402 3377 1566 3458 repentino
1589 3389 1675 3440 ructu
1704 3378 1855 3465 frequen·

550 3482 600 3533 ter
620 3470 800 3542 incidimus,
825 3483 857 3532 et
873 3472 997 3535 affectio
1021 3471 1151 3544 dicitur;
1175 3481 1228 3530 astt
1242 3469 1272 3531 in
1297 3470 1353 3532 has
1375 3469 1558 3532 inclinamur
1578 3471 1681 3535 studio
1695 3479 1852 3556 quodam,

507 3566 638 3649 apqnod
664 3564 765 3644 ipsunt
795 3564 930 3627 studium
953 3587 1010 3646 per
1031 3585 1065 3626 se
1086 3562 1162 3625 nihil
1185 3561 1269 3623 aliud
1289 3573 1336 3623 est
1364 3585 1457 3648 qtsans
1479 3563 1624 3626 voluntas
1647 3566 1801 3646 applicata
1823 3567 1854 3628 in

549 3655 667 3740 aliquas
690 3656 865 3740 qualitates.
910 3659 1001 3742 Ergo
1024 3655 1176 3718 afficimur
1191 3654 1393 3738 qualitatibus
1409 3656 1455 3718 his
1472 3657 1590 3729 1110dis;
1614 3669 1686 3719 ortu
1701 3671 1731 3721 ct
1746 3661 1852 3736 natali,

548 3761 579 3813 et
601 3759 649 3812 est
670 3761 798 3824 natura3
833 3747 982 3811 afficimur
1011 3747 1184 3831 repentinis
1213 3747 1353 3824 casibus,
1390 3761 1419 3811 ct
1448 3750 1572 3812 affectio
1601 3761 1665 3824 est3
1702 3751 1855 3814 afficimur

549 3841 701 3906 industria
736 3863 773 3903 ac
801 3842 974 3905 constantia
1003 3854 1033 3904 ct
1059 3841 1336 3924 perseveratione,
1373 3854 1404 3904 et
1432 3843 1555 3905 habitus
1586 3853 1645 3904 est.
1702 3847 1852 3908 Assem

547 3935 647 4019 ipsum
670 3935 823 4013 studium,
863 3939 949 4019 quod
978 3957 1045 3998 esse
1068 3933 1231 3997 definimus
1254 3933 1438 4015 applicatam
1461 3937 1492 3996 in
1514 3935 1691 4018 qualitatem
1714 3935 1851 4020 aliquam

503 4040 535 4089 ³⁵
547 4027 639 4092 animi
660 4029 871 4102 voluntatem,
896 4029 958 4091 hoc
979 4027 1130 4112 (inquam)
1152 4027 1286 4089 studium
1309 4049 1390 4090 nune
1406 4027 1530 4093 affectio
1553 4040 1618 4103 est,
1642 4028 1668 4090 si
1690 4049 1751 4108 pro
1773 4041 1853 4091 tetu-

545 4143 625 4206 pore
646 4134 714 4198 est;
737 4144 836 4200 atine,
861 4122 887 4186 si
907 4120 1179 4207 perseveraverit,
1212 4121 1350 4184 habitus.
1394 4121 1502 4204 lpsum
1524 4122 1658 4186 studium
1680 4123 1740 4186 iam
1764 4121 1853 4206 qussi

619 4329 664 4379 10.
679 4320 797 4392 proinde
816 4324 860 4390 ut]
881 4317 949 4374 Cod.
968 4321 1029 4373 Bas.
1049 4347 1085 4361 -
1105 4336 1159 4372 om.
1180 4325 1211 4370 ut
1228 4317 1297 4372 Edd.
1316 4319 1369 4372 Oa.

617 4397 663 4455 tl.
681 4395 925 4463 Demonstrativo]
947 4393 1048 4467 Supple
1068 4407 1166 4458 cansa,
1185 4398 1318 4459 materis,
1337 4394 1504 4466 hypothesis.
1525 4395 1607 4449 Cass.
1720 4401 1723 4406 ’
1805 4420 1810 4434 ·

617 4475 716 4528 111-
734 4470 1008 4543 appropinquabatur
1026 4466 1094 4521 cod.
1114 4470 1176 4521 Bas.
1197 4469 1273 4521 Fors.
1292 4475 1499 4540 approprietur.
1519 4475 1570 4522 Oa.

617 4550 662 4604 19.
682 4542 843 4614 designans]
864 4575 900 4587 -
918 4543 1076 4611 designatis
1095 4541 1162 4596 Cod.
1182 4543 1245 4596 Bas.
1265 4543 1338 4596 Fors.
1358 4543 1578 4612 designantibus.
1599 4545 1652 4598 Os.

618 4627 662 4677 21.
682 4619 797 4670 Natura
813 4629 855 4670 est
872 4619 1035 4670 attributum
1054 4625 1139 4668 extra
1158 4622 1245 4688 ipsum
1263 4615 1412 4691 bominem]
1432 4619 1490 4672 lice
1510 4634 1566 4684 sss,
1586 4615 1659 4690 quod
1678 4635 1734 4671 non
1749 4619 1848 4692 pendet

543 4695 578 4748 sb
598 4710 671 4759 arte,
692 4692 837 4766 disciplina
861 4691 1026 4745 industriose
1054 4691 1179 4744 hnmana.
1219 4693 1250 4745 ln
1271 4694 1476 4747 Commentario
1495 4692 1528 4744 sd
1554 4693 1613 4744 Lib.
1634 4693 1657 4746 l.
1679 4691 1763 4746 dixis:
1791 4715 1847 4748 ex-

541 4777 678 4824 trinsecus
704 4777 731 4820 st
757 4786 825 4838 qssoe
852 4777 972 4819 noturus
996 4775 1105 4820 tontum
1129 4773 1203 4826 sinis
1234 4767 1281 4820 ubi
1302 4783 1328 4820 et
1353 4769 1467 4822 eandem
1494 4771 1660 4821 sententiam
1688 4767 1788 4822 darios
1808 4775 1846 4823 iss

537 4849 690 4917 expressit:
712 4848 835 4914 primum
852 4843 994 4894 videamus
1011 4859 1080 4913 qssas
1103 4850 1208 4894 aarum
1227 4848 1256 4892 in
1276 4840 1384 4894 bomine
1405 4849 1474 4905 sint;
1503 4847 1680 4894 extrinsecus
1697 4852 1728 4893 ut
1752 4861 1847 4896 sessu.

540 4923 631 4974 Sexus
648 4923 720 4970 enim
742 4925 850 4970 tontum
868 4927 989 4970 naturae
1007 4923 1065 4981 est,
1083 4933 1133 4968 neo
1151 4935 1187 4968 sa
1206 4916 1354 4984 disciplina
1375 4926 1469 4988 potest
1489 4915 1638 4988 aliquando
1667 4923 1845 4986 contingeres

510 5038 522 5052 t
539 5001 582 5050 ito
600 5003 629 5048 et
647 4997 727 5046 notio
751 5000 779 5043 et
794 4996 893 5063 patrio
912 5000 941 5044 et
959 4994 1092 5060 cognatio
1118 4999 1145 5042 et
1163 4999 1244 5044 oetas
1264 4997 1372 5044 tontum
1391 5000 1510 5044 natissae
1530 4999 1603 5044 sunt.
1623 4994 1709 5045 Cere.

614 5066 685 5123 ibid.
704 5075 736 5118 ut
753 5069 907 5138 inputata]
928 5068 1074 5141 Perpsrssn
1093 5064 1198 5122 editum
1218 5081 1294 5124 eras:
1309 5071 1577 5142 prnstsrinpotrio.
1596 5065 1679 5120 Csrs.
1699 5067 1846 5142 (Uscipp.

538 5144 622 5200 babes
641 5148 697 5200 ism
715 5145 891 5197 Asceustsns.
909 5139 974 5208 Os.)
