4434 5959
941 597 1031 663 alu.
1052 598 1083 661 1.
1145 577 1148 584 “
1640 599 1660 662 s

352 747 422 819 post
443 737 580 801 Romam
600 735 751 798 maximas
771 734 914 800 civitates
928 734 1081 802 nominat.
1124 738 1217 820 Ergo
1233 736 1380 821 quoniam
1396 737 1569 802 vetuistiora
1588 750 1660 801 sum

352 834 457 894 harnam
483 831 632 911 exempla
653 829 834 906 civitatum,
867 830 983 894 animo
1004 850 1038 892 se
1057 829 1100 892 ait
1121 831 1293 913 colligere.
1339 831 1376 893 in
1399 831 1580 912 republica
1604 853 1659 894 au·

351 937 410 987 tem
431 936 540 986 nostra
563 944 645 1006 quae
665 923 726 985 sint
745 935 851 1008 gesta,
875 923 1067 986 considerat.
1111 924 1211 985 Recte
1233 923 1338 1007 itaque
1361 925 1561 986 rtraximarum
1580 923 1659 988 civi-

352 1029 447 1079 tatum
465 1016 600 1100 collegit
621 1016 825 1080 calamitates.
879 1014 951 1080 litic
971 1015 1052 1078 enim
1074 1014 1193 1100 aliquid
1211 1028 1363 1098 operatur
1382 1015 1580 1099 eloquentia,
1604 1015 1658 1079 nbi

352 1111 487 1192 populns
508 1109 611 1172 maior
632 1118 691 1171 est.
1668 1121 1697 1167 ι’

431 1205 514 1267 Νοιι
536 1200 714 1264 minimam
734 1200 844 1281 video]
889 1201 970 1283 Quia
996 1205 1035 1266 de
1063 1204 1158 1266 modo
1185 1204 1237 1264 hic
1262 1201 1385 1286 agitur,
1409 1201 1441 1264 id
1465 1215 1532 1278 est,
1553 1215 1657 1266 utrum

351 1297 419 1378 plns
432 1295 525 1368 boni,
550 1317 588 1358 an
603 1295 674 1378 pius
690 1293 762 1357 mali
776 1295 887 1357 afferat
902 1295 1101 1380 eloquentia,
1118 1295 1190 1358 ideo
1202 1295 1263 1370 ait,
1279 1315 1347 1358 non
1360 1295 1536 1358 minimam
1547 1296 1656 1358 video.

433 1393 498 1454 Per
530 1387 776 1451 disertissimos
806 1389 960 1452 homines
988 1390 1154 1452 inuectam
1181 1410 1253 1452 esse
1272 1400 1408 1470 partem
1428 1389 1659 1451 incommodo·

352 1483 441 1562 rum]
464 1480 583 1560 ¹Quod
609 1501 705 1563 snpra
730 1481 975 1562 disputavimus,
1010 1482 1111 1546 noluit
1140 1503 1198 1565 per
1226 1481 1434 1569 eloquentiam
1458 1484 1576 1553 dicere,
1601 1483 1659 1543 sed

351 1598 407 1658 pcr
427 1575 651 1638 disertissimos
682 1573 842 1649 homines,
864 1573 985 1652 idest,
1020 1575 1075 1660 qni
1105 1578 1237 1637 habeant
1258 1575 1379 1654 copiam
1402 1573 1524 1636 dicendi
1545 1574 1656 1638 solam.
1671 1588 1700 1635 tu

352 1673 522 1734 innectam
543 1689 625 1731 vero
651 1687 711 1750 per
737 1669 950 1750 metaphoram
973 1665 1074 1731 navis.
1119 1669 1184 1732 Res
1205 1665 1333 1750 publica
1359 1665 1440 1729 enirn
1462 1665 1576 1729 dicitur
1598 1689 1657 1752 gu-

353 1763 491 1825 bernam.

429 1859 546 1938 Qrasrn
569 1865 685 1918 aretem
707 1875 806 1917 resa
835 1867 956 1919 nostra
976 1854 1143 1921 memoria
1164 1867 1307 1938 propter
1325 1865 1525 1917 vettestatem
1547 1875 1657 1918 remo-

351 1947 418 2024 tas]
460 1947 627 2030 Expositis
653 1946 759 2022 maiis,
789 1947 901 2030 incipit
923 1950 1046 2026 dicere,
1077 1950 1153 2033 quid
1174 1949 1251 2014 boni
1273 1951 1384 2012 habeat
1405 1949 1601 2032 eloquentia,
1625 1949 1658 2010 A

351 2054 469 2104 nostra
492 2040 676 2116 memorio,
705 2039 826 2124 inquit,
860 2055 1023 2106 remotas.
1073 2043 1120 2106 Ut
1137 2054 1265 2104 excuset
1291 2041 1469 2104 memoriam
1495 2039 1583 2123 quasi
1602 2055 1701 2105 ιιι-ιε

353 2135 541 2218 gligentem,
565 2135 700 2211 addidit,
720 2145 864 2217 propter
881 2147 1094 2198 vetustatem.
1142 2137 1234 2219 Ergo
1257 2134 1323 2209 illa,
1344 2154 1424 2216 quae
1446 2133 1567 2198 nimisa
1595 2155 1659 2198 nte·

352 2227 451 2291 moria
470 2240 581 2291 nostra
601 2238 724 2292 remota
744 2239 833 2302 sunt,
856 2230 910 2311 qui
932 2227 1013 2291 scire
1034 2225 1229 2311 possumus?

431 2323 492 2386 Ea
526 2321 707 2385 literarum
736 2322 981 2395 monumentis,
1018 2320 1137 2406 inquit,
1179 2332 1329 2404 repetere
1361 2319 1517 2400 instituo]
1571 2321 1660 2384 Haec

355 2425 550 2476 monomenta
571 2413 739 2494 dupliciter
756 2413 944 2494 accipimus,
967 2426 1020 2476 aut
1035 2415 1162 2476 annales
1177 2425 1230 2476 aut
1249 2413 1407 2478 historias.
1451 2417 1563 2480 Primo
1578 2415 1658 2478 eninr

354 2506 474 2569 annales
493 2507 642 2581 inerunt,
665 2517 739 2588 post
759 2506 909 2570 historiae
930 2506 1034 2570 iactae
1055 2518 1140 2570 stsnt.
1669 2527 1702 2575 tt

432 2603 570 2665 Multas
593 2600 695 2664 urbes
715 2600 935 2676 constitutas,
969 2599 1121 2683 plurima
1144 2600 1230 2662 bella
1260 2600 1434 2682 restincta]
1486 2601 1659 2664 Dicendum

355 2705 399 2756 est
420 2695 483 2758 hoc
504 2694 591 2767 loco,
609 2691 683 2777 qnid
697 2693 737 2755 sit
758 2691 880 2756 civitas.
923 2693 984 2756 Est
1005 2705 1107 2756 erstem
1130 2692 1240 2756 civitas
1256 2693 1388 2756 collecta
1405 2695 1563 2756 hominum
1581 2695 1660 2756 mul·

356 2789 453 2850 titudo
474 2789 513 2848 ad
531 2785 599 2848 iure
623 2786 800 2848 vivendum.
846 2785 949 2864 Qtttun
971 2807 1050 2872 ergo
1072 2785 1168 2849 fuerit
1184 2785 1293 2848 civitas
1319 2786 1506 2862 constituta,
1530 2808 1658 2850 necesse

355 2891 418 2955 est,
453 2890 489 2941 nt
516 2878 620 2959 primo
645 2879 726 2941 belia
750 2877 903 2960 patiatur,
940 2889 1051 2960 postea
1074 2899 1182 2960 pacem
1205 2889 1300 2960 agat.
1335 2879 1404 2941 Pax
1423 2877 1537 2940 enisus
1565 2890 1658 2958 pacto

356 2973 481 3034 dicitnr.
524 2973 657 3035 Pactum
684 2992 762 3035 vero
790 2991 858 3033 esse
889 2993 951 3036 non
976 2981 1099 3054 potest,
1135 2968 1195 3032 nisi
1216 2991 1306 3032 causa
1333 2975 1518 3052 praecedat,
1544 2971 1573 3033 id
1595 2981 1701 3046 est,25

357 3067 478 3130 beilum.
532 3066 607 3128 Hoc
627 3075 659 3127 et
680 3064 832 3128 Salustius
856 3065 973 3142 tenuit,
998 3087 1093 3149 quum
1116 3066 1262 3131 derebus
1289 3065 1439 3126 Rotnanis
1463 3065 1658 3148 loqueretur.

260 3168 261 3177 ’
358 3161 444 3224 Dixit
462 3157 544 3223 enim
567 3159 654 3241 prius
673 3160 753 3222 bella
776 3171 883 3244 gesta,
907 3170 979 3241 post
1001 3180 1109 3240 pacem
1133 3179 1201 3220 esse
1219 3156 1393 3220 fundatam.
1436 3157 1522 3229 Res,
1546 3155 1658 3239 inquit,

357 3259 512 3318 Romana
538 3252 729 3333 plurimum
759 3250 903 3331 imperio
925 3253 1051 3326 valuit,
1095 3252 1214 3316 Seruio
1243 3249 1393 3330 Sulpicio
1421 3260 1454 3312 et
1481 3251 1536 3313 M.
1560 3250 1661 3312 Mar·

357 3351 436 3410 cello
454 3345 648 3411 eonmslibus
668 3345 760 3409 omni
785 3346 901 3409 Gallia
916 3347 964 3410 cis
983 3349 1137 3412 Rhenum
1159 3356 1260 3428 atquc
1282 3348 1370 3406 inter·
1393 3363 1486 3404 usare
1506 3352 1661 3416 nostrum

357 3453 387 3502 et
407 3443 597 3513 Oceanum,
634 3439 702 3502 nisi
728 3461 815 3522 quae
838 3459 862 3500 a
886 3440 1070 3522 paltedilms
1090 3435 1176 3525 fait
1201 3437 1310 3511 invia,
1345 3434 1553 3518 perdomita.
1598 3435 1703 3504 Hicsn

359 3535 468 3596 bellum
493 3533 636 3618 geritur:
670 3531 778 3595 deinde
802 3553 911 3613 pacem
934 3544 1087 3597 memorat
1112 3542 1324 3595 consecutam.
1382 3527 1529 3610 Optimis
1546 3539 1661 3592 autem

360 3627 523 3700 moribus,
551 3637 585 3688 et
605 3625 760 3688 maxima
779 3626 964 3688 concordia
988 3626 1059 3706 egit
1076 3645 1131 3688 res
1149 3623 1286 3705 publica
1306 3621 1597 3684 intersecantium
1620 3641 1661 3683 ac

356 3731 564 3802 postremum
584 3721 706 3784 dedum
725 3719 1018 3801 Carthaginiense.
1062 3718 1233 3797 Quaeritur
1252 3727 1366 3790 auteur,
1392 3725 1495 3776 utrum
1519 3715 1549 3776 in
1569 3715 1660 3777 bellis

359 3813 473 3897 aliquid
490 3813 589 3894 possit
609 3810 799 3894 etoquentia.
843 3813 955 3875 Potest
977 3809 1057 3879 enim
1081 3811 1146 3872 sine
1172 3807 1286 3882 dttbio,
1319 3819 1350 3868 ct
1369 3818 1487 3869 tantum
1511 3819 1659 3892 qnantum

360 3905 455 3968 virtus
477 3917 596 3987 potest.
651 3906 731 3966 Nam
752 3904 869 3965 virtute
892 3905 972 3968 betta
994 3905 1164 3978 liniuntur,
1193 3914 1225 3964 ct
1246 3901 1423 3984 eloquentia
1446 3901 1526 3963 bella
1548 3901 1703 3969 licina-35

358 4011 420 4061 tor.
463 4000 542 4062 ldeo
563 4019 645 4080 ergo
667 3999 727 4072 ait,
756 3998 911 4062 Plurima
937 3997 1025 4061 bella
1052 3997 1226 4061 restincta.
1276 3996 1342 4058 latu
1366 3994 1442 4057 illud
1464 4005 1570 4057 notum
1593 4004 1659 4068 est,

358 4093 442 4174 qnod
463 4092 545 4154 bella
567 4093 675 4154 ardere
698 4091 857 4168 dicantur,
883 4103 915 4152 ut
937 4091 998 4157 ait:
1022 4092 1174 4156 Ardebat
1195 4087 1489 4171 omnisHiapmnic
1509 4086 1660 4154 citerior.

357 4183 456 4258 Item,
479 4185 566 4268 Quis
587 4185 675 4247 tanti
696 4183 852 4247 incendia
869 4184 956 4248 belli.

437 4279 670 4342 ttrnnsstmas
688 4277 883 4354 societates,
916 4277 1151 4341 sanctissimas
1170 4274 1356 4355 amicitias]
1378 4275 1468 4336 later
1489 4273 1609 4336 socium
1631 4283 1663 4335 et

260 4383 261 4405 ¹
358 4371 488 4434 amicans
512 4374 576 4436 hoe
600 4371 753 4434 interest:
783 4372 896 4434 Socius
921 4385 986 4446 est,
1016 4374 1071 4456 qui
1095 4372 1188 4438 nobis
1218 4372 1323 4455 aliquo
1353 4381 1448 4452 pacto
1476 4372 1515 4432 ad
1546 4365 1662 4450 aliquid
1674 4389 1705 4436 tt

359 4464 550 4546 [nobmcnm]
571 4468 743 4548 gerendum
765 4463 980 4550 coniungitur.
1023 4467 1155 4530 Amicus
1175 4476 1238 4543 est,
1263 4463 1318 4550 qni
1338 4463 1413 4527 mihi
1431 4484 1490 4525 usu
1515 4461 1595 4523 vitae
1621 4457 1663 4520 si·

430 4699 476 4750 10·
500 4693 589 4746 noluit
598 4711 650 4765 per
662 4695 847 4767 eloquentiam
864 4695 970 4762 dicere,
988 4693 1098 4766 ssdper
1117 4695 1327 4763 disertissimos]
1349 4700 1390 4750 slo
1410 4691 1481 4768 apud
1500 4697 1663 4748 Ciceronem

358 4773 497 4896 ⁴ipprquo
516 4769 550 4820 de
572 4769 695 4822 Oratore
721 4776 854 4825 Antonius
879 4773 982 4823 maritos
1005 4771 1143 4842 disertos,
1174 4773 1342 4844 eloquentem
1361 4775 1494 4824 neronem
1513 4789 1541 4826 se
1560 4771 1664 4821 otalisse

386 4861 611 4990 ethaeam
628 4919 736 4986 valuit,
758 4921 994 4993 Seroio‚Srrlps'eio
1006 4923 1072 4989 eet]
1112 4937 1254 4996 perperam
1274 4919 1416 4993 legebatur
1434 4937 1530 4975 antea:
1550 4925 1666 4990 imperto

358 4995 459 5045 vehit.
495 4995 596 5046 Servio
610 4995 731 5064 Sulpicio
750 5011 803 5049 ost.
822 5013 891 5068 quae
909 5002 981 5049 mats
1001 4999 1188 5070 interpunctio
1208 4997 1287 5049 nutu·
1307 4997 1363 5049 loci
1384 5013 1495 5052 tensum
1519 4995 1666 5072 perturba-

358 5065 415 5124 bat.
433 5069 517 5122 Care.
554 5071 606 5122 cd.
625 5070 706 5124 Bae:
726 5099 762 5114 -
782 5077 871 5124 omnis
890 5071 986 5124 Gellio
1004 5087 1049 5124 et:
1069 5095 1105 5128 =
1124 5075 1203 5124 invia
1219 5073 1295 5142 suit.
1315 5071 1369 5128 On.

430 5143 477 5202 it.
495 5145 580 5198 Recte
600 5143 678 5200 abest
697 5162 712 5199 a
732 5144 783 5202 cd.
801 5149 864 5203 Bas.
885 5148 925 5202 St.
945 5145 1006 5202 ΑΜ.
1027 5166 1050 5201 ι.
1071 5146 1220 5200 nodosum.
1240 5146 1294 5201 Os.
