4434 5959
543 598 605 662 tte
1086 597 1322 665 BOETHIUS

543 761 625 804 mttm
648 739 827 822 discrepet,
850 739 928 802 illud
947 740 1096 807 tamenin
1117 737 1259 824 utrisque
1275 747 1415 814 constat,
1439 738 1487 813 id,
1512 740 1601 821 quod
1620 737 1770 804 fouens
1787 743 1861 804 snb·

540 835 655 899 iectum
679 845 744 908 est,
779 833 907 898 incertis
928 835 1050 899 casibus
1074 855 1199 915 semper
1221 853 1290 896 esse
1313 831 1524 914 suppositum.
1569 833 1651 896 Nam
1676 831 1750 896 lieet
1769 831 1801 896 ia
1822 832 1861 898 iis

466 993 469 1008 1
541 931 636 993 rebus
658 948 753 1008 saepe
782 927 912 991 fortuna
936 949 1013 994 suos
1041 927 1226 1012 experiatur
1252 936 1360 1003 actus,
1399 945 1480 1009 quae
1512 923 1711 989 voluntariae
1736 939 1810 990 suut
1828 939 1859 991 et

542 1026 581 1086 ad
603 1021 736 1107 aliquem
758 1021 851 1084 finem
873 1023 1074 1086 reseruntur:
1112 1035 1200 1086 extra
1222 1033 1327 1086 tameo
1350 1018 1479 1094 accidit,
1504 1021 1590 1104 quod
1611 1017 1763 1084 lortssnae
1785 1033 1857 1097 est,

517 1138 601 1191 auec
622 1119 662 1180 ab
684 1137 722 1181 eo
744 1116 808 1179 ilne
831 1115 933 1192 veuit,
958 1137 1051 1199 quesn
1073 1115 1133 1181 sibi
1156 1115 1275 1180 animus
1298 1127 1370 1180 aute
1391 1123 1645 1197 praestruxerat.
1677 1115 1742 1177 Sed
1765 1135 1860 1200 quesn

543 1207 660 1275 Cicero
698 1207 858 1273 divisisset
887 1229 994 1273 caussas
1026 1208 1058 1272 io
1094 1232 1167 1286 eas,
1202 1229 1284 1294 quae
1313 1209 1500 1292 perspicuae
1534 1220 1630 1283 sunt,
1666 1217 1697 1270 et
1725 1207 1757 1272 iu
1792 1229 1861 1284 ess,

542 1325 624 1389 quae
667 1304 781 1378 latent,
820 1303 1000 1391 diceretque
1036 1306 1220 1386 perspicuas
1260 1324 1347 1380 esse,
1386 1323 1466 1387 quae
1507 1300 1734 1385 appetitionem
1771 1303 1863 1366 animi

541 1397 751 1482 iudicisunque
771 1409 960 1482 tangerent:
998 1398 1193 1462 menifestum
1226 1409 1273 1460 est
1295 1419 1365 1460 essm
1393 1397 1445 1460 vel
1469 1405 1567 1460 artem
1593 1395 1645 1460 vel
1667 1394 1861 1458 volumtatem

542 1494 593 1556 vel
614 1492 888 1575 perturbationem
911 1495 963 1557 rel
982 1491 1122 1556 habitum
1146 1490 1236 1554 iniis
1260 1489 1362 1554 causis
1383 1499 1522 1571 ponere,
1561 1507 1644 1574 quae
1674 1490 1861 1572 perspicuae

500 1596 627 1662 essunt.
672 1586 833 1650 Voluntas
855 1586 974 1670 quippe
996 1598 1091 1672 atque
1113 1584 1206 1648 animi
1228 1583 1428 1667 perturbatio
1450 1583 1481 1646 in
1504 1580 1699 1666 appetitione
1714 1582 1859 1664 ponitur,

541 1702 637 1762 saepe
658 1677 738 1743 enim
759 1681 999 1764 perturbatione
1021 1679 1141 1763 aliquid
1161 1678 1357 1762 appetimus:
1381 1689 1480 1740 artem
1497 1698 1579 1742 vero
1601 1677 1655 1740 vel
1668 1677 1811 1740 habiturn
1829 1676 1861 1739 in

540 1773 681 1849 iudicio,
714 1785 781 1836 arte
815 1795 949 1858 namque
975 1773 1167 1848 iudicamus,
1200 1773 1325 1836 babitus
1349 1793 1430 1836 vero
1453 1774 1492 1836 ad
1513 1782 1682 1855 utrumque
1704 1771 1863 1854 perticeta

541 1877 667 1931 namet
695 1867 874 1930 voluntates
903 1869 1100 1932 consuetudo
1134 1866 1305 1942 ministrat,
1344 1877 1376 1930 et
1404 1867 1503 1930 multo
1529 1885 1589 1928 usu
1616 1862 1796 1947 peritiaque
1827 1862 1862 1926 lit

543 1962 694 2044 quaedam
726 1960 904 2026 constantis
930 1959 1102 2024 iudicandi.
1161 1959 1277 2026 Cassum
1307 1959 1338 2022 iu
1360 1979 1424 2023 non
1446 1954 1624 2040 perspicuis
1646 1955 1767 2038 posuit.
1811 1957 1863 2022 De

501 2066 654 2131 seratura
674 2054 827 2118 incertum
860 2066 924 2128 est,
956 2066 1060 2118 utrum
1082 2053 1166 2118 inter
1187 2051 1391 2135 perspicuas,
1430 2072 1469 2114 an
1490 2049 1572 2114 inter
1593 2050 1727 2113 latentes
1750 2069 1862 2114 causas

464 2183 469 2203 o
543 2148 701 2233 posuerit.
745 2149 847 2223 Nam,
869 2147 897 2210 si
918 2149 1000 2210 iuter
1022 2148 1172 2224 latentes,
1202 2145 1302 2229 ipsam
1326 2157 1468 2209 naturam
1490 2165 1597 2208 casum
1620 2143 1783 2208 videretur
1800 2167 1860 2226 pu-

543 2253 634 2306 tares
658 2238 745 2304 cuius
769 2240 927 2324 opinionis
948 2242 1034 2304 nullo
1055 2242 1139 2306 ratio
1162 2251 1221 2303 est.
1266 2237 1411 2320 Quodsi
1434 2235 1740 2321 interperspicuss,
1765 2258 1863 2323 quae·

543 2358 614 2400 nam
637 2334 788 2418 appetitio
812 2335 905 2399 asini
927 2336 979 2400 vel
999 2333 1146 2399 iudicium
1168 2332 1200 2396 in
1222 2343 1334 2396 natura
1357 2331 1427 2396 est?
1449 2350 1551 2416 neque
1573 2330 1654 2394 enim
1679 2333 1861 2414 appetendo

543 2430 663 2515 aliquid
694 2431 744 2494 vel
772 2430 941 2495 iudicando
963 2429 1039 2495 lacit
1059 2439 1194 2510 naturas
1228 2426 1288 2490 uisi
1308 2424 1413 2502 forte,
1438 2425 1586 2509 quonism
1608 2435 1650 2488 ex
1671 2423 1738 2507 ipsa
1763 2446 1858 2507 saepe

498 2525 689 2601 erhabilitns
711 2528 863 2610 quaedam
886 2526 998 2590 meotis
1029 2536 1062 2588 et
1089 2519 1238 2602 eorporis
1271 2519 1392 2584 exsistit
1422 2521 1516 2604 (quae
1538 2515 1685 2582 habilitas
1705 2521 1747 2582 ad
1769 2541 1861 2584 unam

543 2639 701 2704 quamque
722 2640 790 2682 reni
811 2621 938 2683 adiuvat
960 2620 1172 2690 voluntatem
1202 2615 1234 2677 id
1256 2614 1336 2678 enim
1359 2613 1494 2678 maxime
1518 2612 1681 2688 voluimus,
1712 2615 1753 2678 sd
1773 2617 1865 2698 quod

542 2713 666 2777 babiles
684 2715 827 2793 sumus),
866 2725 979 2777 natura
997 2712 1081 2776 inter
1106 2707 1290 2794 perspicuas
1313 2729 1424 2772 causas
1446 2719 1607 2790 ponatnrs
1639 2727 1720 2790 quiae
1742 2707 1862 2773 indicio

542 2827 672 2892 quoque
694 2805 860 2871 coniuncta
883 2819 949 2883 est,
983 2819 1037 2883 ut,
1074 2805 1103 2869 si
1123 2802 1307 2867 naturaliter
1328 2821 1406 2866 sano
1428 2801 1565 2886 quisque
1585 2799 1703 2864 iudicio
1725 2822 1862 2886 compo·

541 2900 620 2964 situs
640 2911 709 2975 est;
745 2901 932 2984 appetitioni
961 2901 1073 2975 etiam,
1106 2909 1158 2974 ut,
1196 2897 1225 2960 si
1255 2895 1442 2962 naturaliter
1472 2894 1588 2980 aliquid
1618 2895 1737 2961 auunus
1759 2909 1860 2981 petat.

498 3015 531 3064 es
543 2995 605 3058 His
626 2994 770 3079 adiungit
794 2995 886 3059 aliam
918 3015 1084 3058 causarum
1105 2989 1304 3056 divisionem.
1361 2989 1420 3055 Ait
1441 2989 1522 3060 enisu
1544 2985 1620 3052 alias
1651 3011 1762 3055 caum
1792 3013 1862 3057 esse

543 3089 760 3166 voluntarias,
799 3089 876 3154 alias
895 3090 1083 3175 ignoratsss
1125 3082 1320 3150 voluntarias
1343 3105 1414 3160 eas,
1451 3101 1656 3168 quaeeunque
1678 3103 1719 3148 er
1741 3086 1859 3152 iudicio

544 3183 675 3246 veniunt
695 3183 809 3259 animi;
841 3183 1023 3267 ignoratas,
1057 3182 1090 3246 in
1112 3181 1228 3267 quibus
1249 3180 1416 3246 necessitas
1439 3178 1564 3244 domins
1586 3189 1652 3252 est,
1687 3177 1719 3242 id
1740 3191 1806 3258 est,
1827 3180 1859 3244 ia

543 3276 656 3360 quibus
684 3289 739 3340 aut
775 3277 904 3342 omnino
937 3299 1000 3343 nou
1029 3278 1177 3342 volumus
1205 3287 1259 3338 aut
1287 3297 1326 3340 ue
1347 3275 1375 3340 si
1398 3275 1527 3339 velimus
1549 3272 1674 3356 quidem
1697 3271 1792 3336 aliter
1812 3273 1860 3338 fa.

542 3392 615 3433 cere
643 3393 830 3452 possumus,
864 3385 900 3436 ut
925 3373 958 3436 in
987 3383 1098 3436 natura
1128 3381 1223 3453 atque
1250 3389 1338 3434 casu.
1389 3365 1587 3433 Necessitate
1615 3367 1695 3430 euim
1726 3374 1859 3452 quadam

501 3475 672 3539 ponaturae
695 3465 806 3549 gravia
835 3469 982 3531 deorsum
1003 3466 1172 3540 leruutur3
1206 3462 1391 3527 necessitate
1412 3462 1488 3526 item
1509 3461 1627 3525 iactum
1651 3459 1802 3541 dicimus,
1825 3478 1859 3529 ιιι

543 3557 656 3641 aliquis
683 3559 837 3644 ignorans
869 3559 953 3624 iacto
982 3574 1070 3624 trans
1098 3557 1251 3641 parietem
1280 3556 1384 3640 lapide
1415 3565 1670 3639 praetereuntem
1701 3558 1859 3623 homiuem

541 3652 725 3734 peremerit.
770 3653 861 3733 Quae
883 3653 1053 3718 necessitas
1074 3652 1146 3716 talis
1169 3662 1234 3728 est,
1259 3673 1323 3716 non
1345 3653 1433 3736 qued
1455 3649 1545 3714 aliter
1565 3645 1637 3712 lieri
1658 3667 1720 3715 non
1737 3655 1860 3736 potuis.

542 3757 609 3821 set,
643 3745 702 3811 uisi
730 3758 766 3811 ut
793 3745 897 3829 lapide
924 3746 1009 3812 iacto
1038 3757 1249 3832 percuteret,
1277 3747 1333 3809 sed
1354 3743 1427 3830 quia
1450 3743 1597 3810 soleratas
1620 3745 1721 3813 defuit
1743 3761 1775 3812 et
1796 3770 1860 3814 non

539 3841 685 3914 idcirco,
707 3841 781 3926 quia
802 3841 923 3919 voluit,
946 3841 1036 3908 fecit.
1080 3841 1180 3906 Prior
1202 3857 1283 3903 vero
1304 3837 1473 3902 necessitas
1494 3839 1564 3904 talis
1587 3853 1652 3920 est,
1675 3843 1709 3906 in
1731 3863 1793 3927 qua
1809 3845 1861 3908 vel

501 3937 628 4012 „nulla
650 3937 800 4001 voluntas
823 3948 870 4001 est
893 3937 944 4002 nel
965 3957 1021 4014 ca,
1043 3956 1126 4023 quae
1149 3945 1214 4010 est,
1238 3932 1350 4008 aeid,
1381 3935 1468 4018 quod
1489 3934 1595 4017 eupit,
1620 3937 1756 4014 efficiat,
1780 3937 1861 4002 vali·

543 4033 634 4096 diore
654 4031 840 4096 necessitate
861 4031 1104 4117 constringitur.
1148 4029 1230 4092 Nam
1252 4049 1349 4112 quum
1371 4027 1451 4110 lapis
1474 4030 1621 4093 deorsum
1637 4031 1770 4114 propria
1787 4052 1861 4116 gra·

541 4126 641 4189 ritate
663 4126 850 4208 deponitur,
884 4126 969 4190 nuilla
987 4126 1135 4189 soleratas
1156 4137 1221 4200 est,
1251 4127 1307 4188 sed
1327 4136 1446 4187 tautum
1466 4138 1597 4189 naturae
1619 4125 1805 4190 necessitas:
1830 4135 1861 4188 at

542 4219 571 4285 si
592 4221 691 4284 homo
713 4221 861 4284 deorsum
883 4222 993 4296 cadat,
1032 4229 1081 4283 est
1102 4218 1226 4303 quidem
1249 4239 1312 4282 non
1335 4217 1465 4281 cadendi
1485 4220 1655 4298 voluntas,
1689 4222 1748 4283 sed
1768 4217 1857 4294 farri,

543 4337 609 4402 quo
637 4336 702 4379 unu
724 4314 811 4390 vult,
849 4313 988 4378 validior
1008 4326 1140 4377 naturae
1161 4333 1257 4376 causa
1279 4310 1455 4394 compellit.
1510 4313 1717 4378 volumtatem
1741 4333 1860 4378 saroa

501 4408 683 4483 solortuitis
706 4407 875 4472 eventibus
897 4427 961 4472 uno
983 4409 1160 4492 eodemque
1182 4405 1346 4490 aptissimp
1373 4406 1514 4470 secrevit
1534 4409 1702 4491 exemplu
1739 4407 1857 4483 veluti,

542 4503 572 4567 si
594 4503 690 4565 telum
711 4523 804 4564 manu
835 4500 929 4564 iaciat
956 4500 1131 4585 nolensque
1159 4500 1256 4564 feriat
1274 4511 1537 4582 praetereuntem.
1582 4503 1664 4566 Nam
1685 4501 1800 4566 iecisse
1821 4521 1860 4564 ex

544 4593 717 4659 voluntatis
738 4593 900 4678 principio
919 4594 1074 4658 nascitur.
1132 4593 1259 4658 Idcirco
1283 4591 1363 4657 enim
1385 4591 1478 4670 iecit,
1503 4593 1576 4681 qaia
1598 4593 1716 4661 voluit.
1760 4595 1859 4680 Igno·

545 4687 632 4752 rasit
652 4709 748 4764 sero,
781 4690 867 4772 quod
887 4698 1087 4772 percuteret;
1126 4709 1229 4772 neque
1250 4687 1333 4752 eun
1353 4686 1501 4766 iecisset,
1531 4689 1558 4753 si
1579 4709 1614 4754 se
1635 4711 1858 4774 percussurum

622 4869 647 4923 7.
668 4883 737 4936 quas
754 4866 860 4934 brem,
877 4866 1032 4939 diceretque
1047 4883 1142 4939 persp.
1161 4871 1231 4936 esse]
1252 4868 1330 4924 Eius.
1347 4897 1385 4914 -
1403 4887 1475 4940 quse
1493 4868 1634 4936 laterent,
1653 4887 1788 4942 panemque
1804 4885 1860 4936 ess,

546 4947 877 5090 'murm
890 4947 966 5072 llll
989 4941 1413 5088 lt‘t·>i..⁶¹{:'.3‘.“”.lll
1441 4947 1667 5074 lb‘t‘til'
1684 4949 1753 5072 ‘'2ss
1772 4946 1859 5072 3:11⁶:

547 5020 610 5144 iussn
628 5093 746 5144 collocet
763 5092 832 5145 Vsu.
852 5093 940 5146 Paris.
958 5119 996 5136 -
1013 5056 1066 5147 tasi
1083 5057 1187 5144 caussa
1204 5039 1430 5166 tpsnioeottaees
1448 5095 1526 5151 Base.
1564 5097 1609 5152 22.
1626 5025 1764 5172 palpetur]
1784 5096 1858 5150 Bias.

547 5187 585 5206 -
600 5172 716 5239 pons'trsr
734 5163 804 5222 edd.
840 5167 888 5230 54.
904 5167 1011 5222 ldss‘m
1029 5185 1099 5241 qssss
1117 5169 1209 5224 astute
1227 5171 1295 5226 Van.
1316 5169 1402 5229 Paris.
