4434 5959
554 583 618 650 ³58
683 637 688 643 .
1088 583 1323 650 nummus

556 729 673 794 Sextus
696 745 776 792 vero
806 727 919 789 modus
946 746 984 790 ac
1012 724 1164 810 septimus
1185 745 1227 789 cx
1254 723 1359 810 quarti
1385 735 1418 790 et
1439 723 1541 814 quinti
1569 725 1655 791 modi
1680 724 1867 794 disiunctira

555 820 779 908 propositione
797 823 1011 898 deducuntur,
1048 843 1110 885 una
1130 817 1300 904 negatione
1323 817 1445 883 scilicet
1465 819 1608 884 adiuncta
1628 832 1661 884 et
1679 819 1868 887 disiunctira

553 915 776 1004 propositione
802 918 942 979 detracta
968 915 1138 1000 additaque
1165 913 1365 978 coniunctiva
1389 912 1428 978 iis
1452 911 1750 997 propositionibus,
1788 939 1869 1002 quae

555 1012 701 1096 superins
719 1009 751 1074 in
773 1007 980 1074 disiunctione
999 1021 1073 1072 sunt
1092 1006 1232 1091 positae,
1257 1005 1321 1070 hoc
1342 1008 1460 1073 modo:
1482 1009 1566 1074 Non
1585 1017 1620 1072 et
1642 1007 1717 1072 dies
1739 1020 1814 1086 est,
1837 1023 1870 1074 et

530 1113 629 1172 Snox
649 1117 714 1170 est.
766 1103 893 1169 Dudum
909 1102 1008 1188 igitur
1024 1102 1057 1167 in
1078 1099 1267 1166 disiunctiva
1282 1099 1325 1164 ita
1346 1099 1428 1178 tuit,
1451 1111 1504 1166 uta
1540 1100 1870 1178 audissemus

555 1223 631 1267 noae
650 1211 714 1265 est.
771 1200 825 1261 Ex
845 1199 905 1260 hac
925 1195 1024 1282 igitur
1043 1195 1267 1281 propositione
1289 1197 1413 1262 sublata
1433 1194 1760 1272 monumentum,
1785 1218 1867 1282 qnae

555 1306 626 1362 erat
646 1291 851 1368 disiunctiva‚
889 1290 1056 1355 adiecimus
1077 1303 1129 1368 et,
1167 1311 1248 1376 quae
1270 1290 1453 1374 copulativa
1480 1300 1546 1366 est,
1576 1288 1867 1377 proposuimnsque

553 1389 767 1476 negationem.
809 1386 923 1469 Itaque
944 1384 1076 1450 lecimus
1098 1406 1140 1449 ex
1164 1383 1309 1466 partibus
1332 1383 1536 1448 disiunctivae
1558 1381 1791 1466 propositionis
1811 1406 1867 1449 co·

551 1483 669 1575 pulatis
685 1481 788 1546 addita
815 1480 986 1566 negatione
1005 1476 1261 1562 propositionem
1286 1477 1367 1558 sexti
1388 1488 1484 1562 atquc
1510 1475 1635 1560 septimi
1655 1477 1761 1554 modi,
1786 1499 1866 1562 quae

510 1591 620 1644 tuest:
652 1579 736 1644 Non
757 1586 792 1640 et
819 1574 892 1638 dies
919 1584 1026 1638 estet
1048 1582 1210 1636 nearest.
1262 1571 1304 1635 In
1322 1593 1383 1656 qua
1406 1571 1434 1636 si
1459 1580 1637 1636 assumatur
1669 1591 1740 1634 esse
1763 1571 1866 1649 diem,

551 1683 676 1738 noctem
698 1689 764 1734 non
784 1689 854 1733 esse
871 1663 1078 1750 consequitur
1096 1661 1160 1740 ita;
1188 1665 1286 1750 utqui
1304 1665 1378 1730 dies
1395 1677 1466 1730 est:
1487 1675 1623 1730 nonest
1645 1661 1757 1746 igittu
1778 1684 1865 1730 nox.

553 1764 714 1850 Septimus
741 1783 824 1826 vern
855 1763 967 1826 modus
999 1769 1064 1835 est,
1102 1779 1199 1843 quum
1230 1757 1332 1842 prima
1363 1780 1438 1842 pars
1459 1755 1690 1842 propositionis
1718 1762 1865 1842 negando

551 1858 738 1935 assumitur,
776 1865 813 1918 ut
833 1853 997 1939 posterior
1015 1854 1249 1938 subsequatur,
1282 1854 1346 1916 hoc
1367 1855 1481 1921 modo:
1507 1854 1591 1920 Non
1611 1862 1644 1915 et
1665 1851 1739 1914 dies
1760 1864 1813 1918 sat
1836 1865 1868 1917 et

549 1975 625 2018 noae
644 1962 719 2026 esta
739 1952 837 2034 atqui
853 1947 927 2012 dies
948 1967 1018 2011 non
1038 1957 1110 2010 ests
1129 1969 1205 2011 nox
1223 1945 1335 2030 igitur
1349 1958 1414 2012 est.
1456 1949 1565 2030 Atque
1585 1943 1638 2008 hic
1654 1945 1767 2008 modus
1788 1965 1865 2027 prc-

506 2043 743 2131 ttpositicnum
768 2041 803 2104 in
829 2041 906 2106 solis
932 2038 972 2104 iis
996 2037 1133 2103 inveniri
1160 2049 1290 2122 potest,
1325 2059 1462 2124 quornm
1485 2039 1619 2102 alterum
1642 2057 1711 2100 esse
1732 2057 1863 2102 necesse

548 2151 615 2216 est,
652 2148 688 2200 ut
709 2135 791 2198 diem
811 2135 866 2198 rel
884 2145 1029 2211 noctem,
1063 2131 1294 2218 aegritudinem
1315 2134 1369 2196 vel
1387 2133 1538 2210 salutem,
1576 2143 1609 2197 ct
1630 2130 1783 2216 quidquid
1800 2155 1863 2197 mc·

547 2232 633 2296 dium
650 2229 844 2294 nonhabet.
889 2227 964 2308 Quo
985 2237 1089 2290 antem
1111 2228 1207 2291 modo
1230 2227 1367 2292 omnium
1382 2225 1642 2311 syllogismorum
1664 2225 1862 2291 conditiona-

547 2325 624 2388 lium
650 2319 770 2386 veritas
791 2342 860 2386 sese
883 2321 1017 2398 habeat,
1053 2319 1093 2384 iis
1114 2318 1353 2402 diligentissime
1376 2318 1604 2402 explicavimus
1629 2316 1742 2398 libris,
1766 2317 1861 2404 'quos

547 2419 586 2482 de
606 2414 819 2499 hypotheticis
847 2413 1094 2497 conscripsimus
1118 2411 1325 2498 syllogismis.
1381 2413 1476 2476 Nunc
1497 2433 1577 2478 vero
1599 2433 1682 2488 nun,
1715 2416 1804 2497 quod
1824 2416 1861 2479 de

502 2511 594 2578 tubis
611 2508 787 2594 perfectior
805 2507 1018 2575 consideratio
1037 2503 1174 2570 inveniri
1192 2516 1318 2587 potest,
1354 2505 1578 2588 apposuimus,
1611 2507 1668 2570 sed
1685 2505 1739 2583 id,
1775 2511 1861 2592 quod

408 2682 413 2691 .
545 2607 586 2668 ad
607 2603 833 2686 explanandam
854 2602 906 2669 M.
930 2597 1030 2665 Tullii
1049 2596 1236 2664 sententiam
1256 2609 1386 2682 poterat
1406 2597 1653 2664 accommodari.
1697 2599 1744 2666 Ut
1761 2599 1861 2686 igitur

545 2706 675 2777 cuncta,
713 2716 794 2780 quac
813 2693 965 2772 diximus,
998 2692 1142 2758 breviter
1159 2693 1372 2776 colligantura
1404 2691 1524 2776 primm
1543 2694 1654 2757 modus
1672 2702 1745 2768 est,
1781 2717 1862 2780 quo·

544 2791 626 2857 tiens
656 2789 687 2854 in
717 2809 862 2854 connexa
892 2784 1114 2872 propositione
1138 2785 1291 2870 primum,
1328 2797 1365 2852 ut
1397 2785 1431 2850 in
1462 2785 1688 2870 propositione
1712 2786 1861 2866 locatur,

544 2881 731 2958 assumitur,
769 2893 805 2944 ιιι
826 2892 1039 2964 consequatur
1060 2882 1250 2958 secundum,
1282 2881 1347 2945 hoc
1375 2881 1495 2946 modos
1528 2880 1569 2946 Si
1588 2879 1662 2944 dies
1684 2880 1760 2956 est,
1798 2883 1862 2946 tue

499 2990 613 3053 atestr
647 2976 745 3064 atqui
765 2975 839 3041 dies
860 2987 931 3040 est:
962 2977 1028 3038 lux
1047 2974 1240 3059 igiturest.
1296 2973 1458 3038 Secundus
1478 2975 1589 3041 modus
1607 2983 1675 3050 est,
1712 2973 1861 3060 quotiens

541 3073 574 3136 in
589 3091 732 3139 connexa
745 3069 970 3154 propositione
990 3069 1161 3133 secundnm
1187 3088 1205 3130 e
1227 3067 1391 3133 contrario
1406 3067 1593 3144 assumitur,
1618 3087 1713 3155 quam
1734 3066 1767 3129 in
1782 3089 1861 3150 pro·

541 3163 704 3249 positione
725 3165 865 3230 locatum
882 3174 949 3240 est,
973 3173 1009 3225 ut
1028 3160 1082 3238 id,
1106 3159 1346 3245 quodprimutn
1362 3172 1431 3238 est,
1456 3161 1639 3238 auderetur,
1661 3159 1727 3222 hoc
1741 3162 1859 3226 modo:

541 3259 581 3324 Si
602 3257 676 3322 dies
692 3268 761 3334 est,
785 3260 850 3321 luat
867 3267 939 3330 ests
958 3255 1056 3342 atqui
1076 3275 1146 3319 non
1166 3265 1218 3318 est
1236 3258 1324 3319 tua.-
1345 3275 1415 3319 uon
1434 3265 1485 3320 est
1510 3255 1621 3338 igitur
1642 3256 1730 3320 dies.
1776 3259 1861 3322 Ter·

541 3351 604 3415 tius
621 3351 735 3414 mo'dos
753 3360 819 3428 est,
851 3371 947 3434 quum
970 3369 1132 3413 connexae
1155 3347 1388 3432 propositionis
1406 3360 1513 3431 partes
1534 3369 1575 3412 ex
1594 3347 1860 3417 affirmationibus

500 3477 533 3528 ,q
543 3445 666 3511 iunctae
684 3443 853 3528 negatione
875 3443 1074 3517 dividuntur,
1097 3439 1224 3525 totique
1245 3439 1460 3524 propositioni
1478 3441 1607 3528 negatio
1621 3463 1735 3508 rursus
1748 3443 1862 3508 adiun-

544 3537 632 3624 gitur
653 3536 904 3623 assumiturque,
928 3537 1015 3620 quod
1032 3533 1122 3619 prius
1144 3545 1210 3612 est,
1234 3532 1323 3598 utin
1345 3534 1570 3618 propositione
1585 3546 1634 3600 est
1651 3537 1858 3616 enuntiatum,

410 3683 416 3696 .
543 3640 615 3696 ute
637 3630 802 3696 contrario
826 3631 1033 3695 concludatur
1063 3630 1251 3704 secundum,
1290 3649 1383 3714 quam
1408 3628 1442 3692 in
1459 3629 1682 3714 propositione
1700 3631 1861 3714 prolatum

543 3735 610 3802 est,
633 3726 698 3790 boc
716 3727 831 3790 modo:
853 3727 954 3801 Non,
976 3723 1010 3788 si
1032 3721 1107 3786 dies
1129 3733 1199 3798 est,
1229 3723 1294 3786 ῑιιιι
1315 3743 1385 3786 non
1410 3734 1481 3798 est,·
1499 3723 1597 3810 atqui
1614 3723 1686 3789 dies
1705 3737 1775 3789 ests
1796 3727 1862 3789 lux

542 3818 654 3904 igitur
682 3831 747 3884 est.
804 3820 870 3884 Hic
895 3839 976 3905 ergo
1001 3815 1131 3900 posito,
1161 3817 1247 3902 qnod
1267 3817 1496 3900 praecedebat,
1519 3815 1552 3880 id
1573 3829 1638 3895 est,
1663 3838 1733 3883 csse
1755 3819 1859 3898 diem,

498 3947 530 4000 π
542 3934 689 3978 eversum
710 3923 776 3990 est,
808 3901 896 3998 quod
915 3913 1131 3996 sequebatur,
1150 3909 1195 3973 'id
1217 3919 1283 3987 est,
1306 3931 1371 3974 non
1397 3931 1465 3975 esse
1487 3911 1604 3976 lucens.
1646 3911 1859 3998 Negationem

541 4007 660 4092 quippe
678 4007 848 4071 affirmatio
870 4005 974 4072 omnis
996 4003 1134 4081 evertit,
1167 4004 1221 4068 vcl
1243 4025 1338 4090 quum
1363 4025 1529 4070 connexae
1554 4005 1788 4088 propositionis
1817 4027 1860 4070 ex

541 4101 761 4188 negationibus
790 4099 913 4164 iunctae
940 4100 1096 4163 secundae
1116 4096 1200 4181 parti
1227 4096 1356 4184 negatio
1379 4097 1556 4162 detrahitur
1581 4109 1712 4183 totaque
1733 4120 1860 4184 propo·

540 4195 614 4262 sitio
636 4196 811 4281 denegatur
836 4193 1006 4278 positaque
1025 4191 1138 4276 priore
1163 4189 1394 4276 propositionis
1420 4203 1513 4275 parte
1536 4191 1746 4271 interimitur,
1770 4197 1860 4279 quod

542 4291 814 4376 subsequebatur,
837 4290 901 4353 hoc
915 4289 1032 4352 modos
1055 4287 1155 4364 Non,
1179 4287 1210 4350 si
1224 4287 1288 4350 lux
1303 4307 1372 4350 non
1393 4297 1463 4364 est,
1487 4285 1561 4351 dies
1584 4299 1656 4362 esta
1676 4287 1776 4374 utqui
1794 4291 1860 4352 tax

498 4405 611 4469 ,onon
628 4394 698 4448 est:
719 4381 792 4448 dies
814 4380 925 4466 igitur
941 4401 1010 4445 non
1030 4391 1101 4455 eutr
1133 4378 1231 4444 vel-si
1253 4399 1415 4444 connexae
1436 4377 1670 4463 propositionis
1693 4402 1735 4444 ex
1761 4401 1861 4466 nega-

541 4477 629 4543 tione
660 4486 756 4562 atque
788 4475 996 4540 affirmatione
1026 4471 1224 4558 compositae
1255 4475 1411 4538 secundae
1439 4473 1526 4557 parti
1555 4473 1686 4560 negatio
1707 4473 1860 4560 iungatur

542 4591 643 4654 eaque
663 4568 793 4652 insuper
814 4571 990 4656 denegetur
1009 4579 1228 4653 ponaturque,
1253 4571 1341 4654 quod
1358 4567 1448 4653 prius
1471 4579 1539 4644 est,
1563 4579 1599 4632 ut
1620 4567 1674 4647 id,
1699 4571 1789 4654 quod
1809 4590 1860 4635 se-

544 4665 671 4752 quitur,
694 4663 874 4739 auferatur,
907 4665 971 4727 hoc
993 4664 1109 4727 modo:
1139 4663 1240 4740 Non,
1264 4663 1294 4730 si
1315 4661 1389 4728 dies
1414 4674 1578 4738 nonest,
1602 4683 1677 4728 noar
1701 4685 1771 4728 non
1794 4675 1861 4738 est,⁸

542 4757 640 4845 ntqtsi
664 4755 738 4822 dies
763 4778 833 4821 non
860 4769 931 4822 estc
962 4778 1036 4822 nox
1063 4755 1175 4838 igitur
1196 4768 1267 4832 esta
1299 4755 1352 4822 vcl
1374 4755 1401 4822 si
1422 4757 1453 4820 in
1481 4760 1591 4822 eadem
1616 4755 1860 4840 propositione,

501 4873 626 4944 „quae
648 4871 690 4914 ex
710 4849 880 4937 negatione
901 4861 996 4936 atque
1020 4849 1232 4916 affirmatione
1256 4852 1403 4936 copulata
1424 4863 1493 4928 est,
1527 4849 1630 4935 priori
1652 4849 1739 4934 parti
1763 4871 1862 4936 nega·

545 4949 592 5012 tio
612 4945 818 5009 subtrahatur
839 4965 938 5030 eaque
965 4946 1141 5029 denegetur
1157 4956 1378 5030 ponaturque,
1403 4947 1492 5031 quod
1512 4941 1650 5027 primum
1670 4955 1741 5021 est,
1765 4953 1802 5006 ut
1817 4945 1859 5021 id,

545 5041 633 5144 qnod
663 5037 823 5123 sequitur,
859 5037 1038 5114 anferatur,
1069 5039 1134 5102 hoc
1162 5041 1277 5104 modo:
1311 5041 1414 5116 Non,
1451 5037 1484 5103 si
1505 5037 1578 5102 dies
1598 5047 1668 5114 eat,
1691 5057 1769 5101 noar
1789 5049 1862 5108 esta

620 5149 667 5202 20·
684 5149 728 5200 An
745 5143 896 5198 menits?
