4434 5959
922 582 1012 649 LlB.
1037 584 1103 648 ill.
1621 579 1685 644 ets

343 726 406 787 ·ad
424 726 512 808 qttod
541 723 688 785 affectum
711 732 781 797 est,
819 722 951 803 suscipit
974 722 1130 798 formam,
1165 735 1197 785 et
1219 721 1285 786 siue
1313 743 1352 787 eo
1375 742 1530 786 essenon
1552 731 1682 803 potest,

365 832 396 882 et
425 819 512 882 dicto
540 818 644 879 altero
664 816 792 879 alterius
817 838 852 879 sc
879 816 986 880 statim
1018 816 1141 881 subiicit
1168 817 1362 880 intellectus:
1400 826 1433 879 ιιι
1457 836 1551 899 quum
1571 815 1684 875 dinero

366 911 546 983 ttimidium,
570 910 698 991 duplum
722 910 926 993 intelligitur,
962 921 993 972 et
1015 932 1110 993 quum
1131 922 1252 992 patrem
1275 911 1500 983 nominavero,
1538 908 1622 971 lilius
1646 908 1685 968 ad

365 994 605 1088 intelligentiam
631 1002 735 1077 nenit;
772 1016 802 1067 et
834 1004 957 1079 outuia,
989 1024 1196 1089 quaeeunque
1219 1008 1259 1065 ad
1279 1002 1395 1086 aliquid
1418 1014 1512 1076 stunt,
1550 1024 1591 1065 ex
1615 1020 1684 1062 sese

365 1099 522 1179 pendent,
560 1116 619 1159 nee
650 1116 667 1159 a
696 1117 730 1159 se
754 1096 885 1159 invicem
909 1099 1111 1159 deseruntur.
1163 1096 1269 1181 igitur
1298 1118 1390 1161 omne
1419 1096 1567 1158 allectum
1591 1108 1622 1157 et
1645 1095 1709 1156 ad⁵

364 1191 467 1273 ipsum
487 1190 637 1271 respicit,
675 1192 714 1251 ad
735 1194 820 1274 quod
845 1190 1002 1262 refertur,
1040 1200 1071 1252 et
1091 1189 1123 1253 in
1145 1188 1218 1270 ipso
1241 1201 1302 1253 est.
1359 1192 1413 1252 Ad
1432 1182 1533 1271 ipsum
1557 1190 1683 1272 quidem

365 1283 520 1365 respicit,
546 1282 694 1367 quoniam
715 1287 755 1345 ad
773 1273 919 1346 allectum
934 1304 1023 1345 sittim
1040 1283 1127 1345 velut
1145 1284 1185 1345 ad
1206 1282 1324 1368 aliquid
1339 1281 1471 1345 relative
1488 1304 1576 1346 more
1589 1305 1683 1364 prae-

359 1376 534 1442 dicationis
557 1378 714 1441 refertur:
751 1377 781 1439 in
808 1378 880 1459 ipso
904 1396 983 1441 vero
1005 1388 1072 1453 est,
1098 1378 1185 1459 quod
1210 1398 1246 1439 ea
1269 1390 1316 1439 est
1345 1377 1531 1438 affectorum
1554 1387 1682 1448 natrtra,

367 1484 400 1535 nt
422 1473 553 1535 alterum
576 1469 708 1533 exsistat
729 1476 769 1533 ab
793 1471 894 1536 altero
917 1492 1013 1553 seque
1038 1471 1107 1551 ipsa
1130 1470 1330 1551 possideant;
1353 1471 1482 1555 qnando
1506 1467 1630 1551 quidem
1654 1478 1685 1529 et

365 1564 419 1639 id,
453 1565 541 1646 quod
571 1563 719 1625 affectum
750 1577 904 1638 vocatur,
938 1562 1004 1627 eius
1031 1574 1080 1627 est
1112 1562 1254 1642 termini,
1287 1567 1326 1625 ad
1354 1586 1447 1649 quem
1468 1563 1728 1625 consideratur1⁰

366 1658 533 1731 affectum,
566 1666 598 1718 et
620 1655 769 1718 terminus
791 1657 823 1719 in
850 1655 1035 1742 quaestione
1062 1656 1249 1738 propositus
1277 1657 1392 1721 affecto
1417 1678 1477 1720 suo
1499 1656 1686 1740 intelligitur

365 1772 437 1815 esse
462 1771 635 1813 connexus.
680 1750 770 1829 Quae
790 1772 884 1835 quum
904 1751 946 1813 ita
963 1750 1045 1824 siut,
1069 1770 1165 1833 quum
1182 1763 1406 1831 argumentum
1421 1748 1586 1814 sumitura
1607 1769 1686 1811 con-

368 1844 507 1930 iugatis,
539 1842 686 1927 quioniam
711 1844 761 1918 id,
798 1845 885 1928 quod
906 1843 1112 1927 coniugatum
1134 1856 1196 1919 est,
1225 1844 1374 1907 affectum
1397 1856 1444 1907 est
1467 1845 1506 1905 ad
1525 1842 1573 1915 id,
1598 1842 1687 1924 quod

368 1938 398 2003 ei
421 1958 461 2001 ex
486 1937 584 1999 altera
608 1947 699 2017 parte
726 1947 773 1999 est
794 1935 1016 2021 coniugatum,
1053 1936 1085 1999 id
1106 1936 1252 2020 quidem,
1291 1941 1330 2001 de
1350 1960 1416 2023 quo
1438 1935 1619 2023 quaeritur,
1653 1932 1685 1996 in

367 2032 557 2095 altrinsecus
578 2029 687 2111 posito
709 2030 884 2111 coniugato
905 2029 1028 2092 haeret.
1072 2028 1105 2091 ls
1129 2050 1210 2093 vero
1233 2030 1340 2105 locris,
1364 2034 1446 2094 trude
1467 2036 1728 2115 argumentante

367 2126 521 2197 trahitur,
555 2124 595 2185 ab
625 2123 727 2187 altero
755 2125 881 2186 deicitur
906 2122 1100 2205 coniugato,
1139 2124 1256 2186 veluti:
1285 2126 1325 2189 Si
1348 2146 1574 2209 compascuus
1600 2146 1688 2207 ager

365 2230 436 2292 est,
474 2217 530 2281 ius
557 2228 607 2279 est
639 2218 870 2287 comimseere.
925 2215 1031 2300 igitur
1065 2236 1282 2299 compascere
1319 2230 1413 2304 atque
1444 2238 1688 2301 compascuum

367 2312 537 2393 coniugata
559 2321 649 2383 sitnt3
687 2311 743 2371 scd
766 2311 1002 2393 quaerebatur,
1027 2328 1065 2371 au
1090 2307 1138 2371 ius
1160 2320 1242 2371 esset
1271 2332 1491 2393 compascere.
1534 2313 1686 2373 'fractum

367 2426 449 2468 vern
473 2414 520 2467 est
542 2416 760 2485 argumentum
783 2424 800 2463 a
822 2422 1028 2483 compascuo.
1082 2401 1197 2485 ltaque
1218 2405 1371 2467 terminus
1393 2404 1540 2491 quidem,
1564 2407 1601 2467 de
1621 2426 1687 2490 quo

367 2498 429 2563 luit
451 2496 616 2582 quaestio,
654 2494 685 2559 iu
712 2496 814 2561 altero
842 2495 1016 2579 coniungam
1048 2495 1170 2576 positus
1199 2497 1460 2580 deprehenditur,
1494 2499 1527 2562 id
1553 2510 1624 2573 est,
1656 2498 1730 2561 inu

368 2592 615 2673 eoiupascendo.
656 2592 771 2655 Locus
795 2610 892 2665 vero,
923 2592 1006 2652 tende
1031 2603 1249 2673 argumentum
1273 2603 1405 2654 tractum
1429 2604 1498 2666 est,
1529 2590 1559 2654 in
1585 2593 1687 2654 altero

370 2700 437 2760 est,
462 2686 578 2759 idest,
603 2684 634 2747 in
659 2704 866 2766 compascuo.
908 2686 989 2747 Item
1017 2682 1164 2767 quotiens
1187 2704 1205 2747 a
1231 2706 1349 2771 genere
1375 2685 1499 2748 ducitur
1519 2705 1688 2767 argumen-

369 2792 458 2855 tum,
492 2776 543 2853 id,
576 2781 615 2841 de
634 2799 700 2862 quo
722 2777 905 2859 qsraeritur,
939 2776 969 2839 in
991 2775 1097 2841 forma
1119 2778 1252 2841 haerere
1273 2799 1402 2841 neeesse
1424 2789 1494 2855 est,
1533 2788 1567 2839 ut
1591 2797 1687 2859 quum

371 2874 550 2937 ostenditur
582 2873 683 2956 legata
722 2892 790 2933 esse
826 2881 985 2934 numerata
1016 2870 1174 2952 pecunia,
1210 2871 1356 2954 quoniam
1388 2870 1486 2936 fuerit
1520 2880 1687 2953 argeutruu

372 2988 466 3031 oume
488 2965 639 3049 legatum.
684 2965 858 3044 Quaeritur
879 2962 960 3026 enirn
986 2964 1025 3025 de
1047 2974 1209 3026 numerata
1228 2965 1381 3046 pecunia,
1406 2986 1487 3049 quae
1504 2976 1551 3027 est
1566 2962 1731 3043 speciem

372 3056 518 3143 argenti;
552 3069 583 3121 et
615 3067 835 3141 argumentum
867 3068 1004 3118 tractum
1029 3066 1077 3119 est
1102 3059 1143 3119 ab
1165 3070 1323 3141 argento,
1358 3059 1479 3134 idest,
1517 3073 1688 3140 agerere.

373 3156 487 3237 ltaque
507 3154 631 3235 ipsum,
662 3156 700 3214 de
729 3170 794 3235 quo
813 3152 1043 3233 quaerebatur,
1079 3149 1110 3211 in
1135 3149 1344 3226 formalem,
1374 3153 1492 3228 idest,
1515 3152 1546 3213 in
1569 3147 1689 3230 speeie.

372 3248 608 3330 Argumentum
633 3263 710 3308 vero
731 3255 867 3307 tractum
889 3254 937 3306 est
958 3245 998 3305 ab
1021 3244 1155 3317 affecto,
1190 3244 1306 3320 idest,
1338 3266 1504 3329 agenore.
1546 3244 1643 3326 Qrtod
1663 3240 1690 3305 si

372 3364 391 3405 a
420 3344 525 3405 lerina
555 3338 684 3423 generis
713 3348 930 3423 argumentum
959 3337 1030 3412 fiat,
1068 3358 1229 3402 converso
1260 3341 1357 3404 modo
1379 3352 1447 3403 est:
1485 3338 1516 3403 id
1538 3338 1687 3421 quidem,

371 3436 461 3519 quod
483 3430 667 3517 quaeritur,
705 3430 737 3494 in
759 3450 876 3515 genere
898 3451 967 3493 esse
989 3442 1203 3506 monstratur;
1240 3432 1341 3514 ipsum
1367 3454 1472 3509 uero,
1501 3435 1583 3495 unde
1604 3436 1733 3493 sum-³⁰

371 3542 463 3611 ptum
486 3538 532 3589 est
557 3535 794 3615 argumentum,
826 3524 857 3587 in
882 3526 985 3589 forma
1013 3546 1081 3587 esse
1099 3526 1320 3606 perpenditur.
1373 3530 1452 3591 Nam
1474 3547 1569 3610 quum
1590 3544 1689 3606 quae·

372 3634 482 3697 ratris,
519 3640 558 3682 an
583 3620 722 3701 legatum
754 3618 794 3681 sit
815 3617 908 3681 rixori
929 3629 1114 3701 argeutum,
1153 3621 1330 3684 ostenditur
1350 3642 1413 3699 nou
1437 3642 1506 3689 esse
1534 3622 1689 3703 legatum,

373 3714 447 3798 quia
471 3734 534 3777 non
554 3711 652 3775 fuerit
666 3711 769 3775 'uxori
791 3721 910 3773 tautum
934 3711 1091 3796 legatum,
1114 3716 1171 3777 sed
1196 3715 1421 3778 matrifamilias
1444 3713 1554 3779 isauri.
1598 3713 1691 3776 Uxor

375 3829 457 3871 vero
479 3806 672 3891 geuus'est,
709 3804 940 3868 materfamilias
967 3806 1091 3885 species
1129 3806 1256 3873 srxoris.
1315 3808 1490 3889 Quaeritur
1522 3805 1621 3888 igitur
1652 3806 1690 3866 de

376 3921 499 3975 uxore,
530 3898 648 3973 idest,
681 3900 874 3981 degenere.
931 3898 1164 3980 Argumentum
1190 3902 1309 3965 factstm
1331 3913 1380 3966 est
1400 3924 1417 3964 a
1440 3897 1734 3973 matrefamilias,³⁵

377 3992 410 4057 id
435 4004 505 4069 est,
530 4013 546 4055 a
569 3992 686 4056 forma.
745 3991 902 4071 Quotiens
925 4012 1002 4057 vero
1025 4014 1042 4055 a
1063 3994 1265 4058 similitudine
1294 3995 1432 4057 trahitur
1452 4001 1691 4079 argumentum,

377 4086 526 4172 quoniam
550 4085 602 4162 id,
636 4086 724 4174 quod
744 4085 845 4149 simile
868 4096 938 4161 est,
962 4106 1026 4151 non
1047 4086 1130 4164 sibi,
1154 4090 1211 4151 sed
1231 4088 1322 4152 alteri
1343 4088 1442 4151 simile
1463 4108 1532 4151 esse
1554 4105 1692 4169 perpen-

377 4179 486 4255 ditur,
509 4201 561 4243 res
581 4178 725 4265 quidem,
748 4179 787 4243 de
805 4199 868 4264 qua
890 4180 1067 4262 quaeritur,
1090 4180 1204 4246 inimo
1224 4202 1356 4259 eorum,
1380 4202 1463 4266 quae
1477 4192 1548 4244 sunt
1567 4178 1690 4252 similia,

376 4273 482 4359 posita
503 4286 568 4349 est,
607 4286 638 4337 at
661 4295 739 4337 vero
762 4272 852 4338 locus
877 4271 910 4335 iu
933 4275 1057 4350 altero;
1091 4276 1182 4339 vetut
1203 4297 1300 4361 quum
1323 4274 1502 4359 quaeritur,
1536 4294 1576 4336 au
1600 4272 1693 4333 heres

376 4368 546 4433 restituere
570 4367 679 4432 vitium
702 4365 866 4431 ruinamve
887 4375 1025 4453 cogatur
1045 4368 1168 4433 aedium
1189 4368 1220 4433 in
1245 4372 1472 4433 erstrmfruetum
1497 4366 1691 4431 relictarum.
1704 4378 1736 4427 ιο

375 4462 414 4526 ln
438 4463 501 4525 hoc
522 4460 619 4545 igitur
641 4461 786 4545 quaestio
808 4473 874 4537 est,
897 4462 988 4526 locus
1012 4484 1092 4527 vero
1113 4484 1130 4527 a
1153 4462 1376 4539 similitudine,
1410 4462 1483 4549 quia
1507 4482 1571 4525 non
1593 4479 1693 4541 opor·

374 4564 420 4618 tet
441 4557 586 4620 heredem
610 4559 702 4619 aedes
725 4555 910 4630 restituere,
934 4556 1015 4619 sicut
1035 4578 1096 4621 nec
1114 4558 1320 4639 mancipium,
1345 4557 1371 4622 si
1390 4556 1422 4621 id
1444 4557 1548 4640 aliqua
1570 4552 1694 4617 ratione

373 4651 540 4733 depereat.
600 4650 703 4730 Quum
730 4649 828 4733 igitur
849 4648 957 4712 similis
979 4649 1021 4713 sit
1046 4650 1168 4713 aedium
1192 4650 1390 4715 ususfructus
1412 4664 1507 4733 atque
1528 4644 1693 4727 mancipii,

375 4745 462 4827 quod
484 4741 664 4828 quaeritur,
700 4742 729 4806 in
748 4742 869 4807 aedium
893 4742 1058 4807 usufructu
1081 4744 1221 4827 positum
1243 4758 1312 4821 est,
1346 4745 1437 4808 loeus
1466 4762 1547 4808 vero
1569 4742 1599 4805 in
1620 4762 1695 4803 usst-

375 4836 481 4901 fructu
516 4836 673 4921 mancipii.
732 4836 769 4901 ln
800 4836 976 4900 differentia
1012 4860 1142 4923 quoque
1170 4839 1250 4903 idem
1273 4852 1333 4903 est.
1391 4841 1514 4903 Eorum
1540 4842 1738 4918 uamqtre,t⁵

376 4950 458 5015 quae
480 4929 652 5008 differunt,
687 4930 718 4995 in
754 4930 856 4996 altero
879 4930 1016 5013 positum
1041 4932 1161 5009 estid,
1198 4936 1288 5017 quod
1320 4930 1502 5017 quaeritur,
1533 4930 1564 4994 in
1592 4931 1696 4995 altere

456 5142 482 5198 7.
502 5132 543 5187 ad
560 5134 642 5189 eliud
658 5134 742 5190 relat.
760 5134 838 5193 Eius.
876 5132 924 5194 df.
942 5139 974 5189 in
990 5134 1099 5192 simum
1116 5135 1204 5192 eutr.
1333 5198 1341 5209 ι
