4434 5959
531 579 595 647 232
973 579 1196 649 atomus
1218 579 1399 648 VICTOR

531 733 586 800 ut,
619 743 737 788 omnes
763 731 879 787 aretem
907 723 1024 787 uolunt
1052 723 1186 788 beatum
1207 721 1311 786 uitam
1331 721 1455 787 uiuere.
1498 720 1628 787 Interim
1652 724 1843 808 prebenda,

532 831 586 893 ut,
608 817 700 901 quod
720 827 835 879 ornem
857 815 1060 880 dissolutum
1078 827 1148 893 est,
1172 837 1273 880 sensu
1293 827 1521 901 coretr'quum
1542 817 1604 880 boc
1619 838 1682 881 non
1696 829 1842 894 constet,

533 911 606 997 qrtia
629 919 737 993 potest
757 909 1021 991 solutaoorpor'e
1043 909 1141 972 anima
1164 909 1216 973 vel
1231 907 1416 973 immortalis
1439 910 1490 973 vel
1505 911 1544 974 ad
1557 921 1680 992 tempus
1702 931 1844 974 munere.

528 1005 650 1069 -0mnia
683 1021 798 1086 genere
821 1001 1058 1065 conclusionum
1088 1001 1119 1066 in
1142 1000 1333 1086 syllogismis
1355 1001 1489 1086 intelligi
1512 1015 1654 1086 oportet.
1698 1003 1779 1065 Nam
1801 1003 1847 1066 its

510 1095 770 1170 troneludimus,
793 1093 879 1158 utin
901 1116 996 1157 tinum
1019 1096 1233 1158 conducamus
1254 1095 1504 1178 propositionem
1526 1107 1559 1161 et
1579 1096 1843 1178 assumptionem,

535 1203 629 1274 atque
650 1189 691 1250 its
714 1184 947 1251 conclusionem
969 1189 1170 1251 adnectamus
1192 1190 1254 1251 hoc
1276 1190 1400 1254 modo:
1439 1190 1531 1274 quod
1556 1190 1589 1255 si
1613 1192 1707 1273 leges
1727 1209 1847 1252 omnes

533 1281 790 1347 od'utititotem
817 1280 869 1344 rei
893 1281 1050 1364 pusblieoe
1076 1281 1266 1356 consssluit,
1300 1278 1465 1372 profecto
1492 1303 1560 1347 nnn
1581 1292 1696 1366 potest
1726 1281 1848 1350 eodem

522 1375 633 1468 sacto
667 1387 701 1438 et
726 1373 836 1438 eund
859 1373 1031 1438 communi
1043 1374 1260 1438 consuluisse
1281 1386 1314 1438 et
1332 1376 1464 1460 iegibus
1492 1396 1561 1441 non
1582 1377 1846 1458 obtemperasse.

534 1468 685 1544 Attrita,
721 1479 757 1530 ut
774 1487 826 1531 ex
855 1467 1018 1533 contrario
1040 1468 1226 1532 conficiatur
1248 1468 1429 1545 conclusio,
1467 1471 1529 1534 hoe
1557 1472 1672 1535 tundoe
1689 1487 1847 1531 -summa

493 1564 645 1646 inigitur
674 1561 827 1625 amentio
852 1573 905 1625 est
935 1561 1124 1625 incorum
1141 1561 1227 1640 fide
1248 1583 1343 1645 spem
1363 1563 1503 1638 habere,
1526 1583 1672 1649 quornm
1688 1560 1848 1644 persidia

534 1657 660 1724 totiens
679 1656 838 1738 deceptus
858 1654 919 1719 sis.
963 1654 1031 1718 Aut
1053 1653 1115 1730 its,
1148 1667 1183 1719 ut
1204 1655 1235 1718 id
1257 1656 1376 1730 solum,
1407 1659 1494 1741 quod
1516 1655 1701 1731 conficitur,
1724 1653 1846 1720 iniera-

534 1761 605 1827 tur,
624 1750 679 1812 -ad
699 1750 783 1811 burno
804 1750 950 1812 modum:
989 1748 1107 1811 urbem
1129 1747 1238 1832 igitur
1259 1748 1450 1814 dirunmm.
1497 1750 1563 1814 Aut
1584 1747 1634 1824 id,
1666 1749 1754 1830 quod
1775 1768 1845 1810 eam

534 1865 620 1919 ιιιιι,
648 1863 744 1926 quise·
761 1839 945 1918 coniicitur,
976 1851 1126 1926 seqsmtur
1154 1861 1281 1930 necesse
1302 1852 1367 1918 ιιι,
1402 1844 1465 1908 boc
1486 1845 1602 1908 modos
1638 1841 1670 1904 si
1686 1839 1843 1924 peperit,

534 1957 613 2000 cum
634 1934 708 2000 uiro
723 1935 903 1999 connubunt
909 1956 923 2007 ‚·
939 1934 1073 2018 peperit
1089 1946 1205 1998 nutem
1212 1958 1224 2007 ,·
1244 1934 1413 1999 conlicitur
1434 1937 1512 2012 hoc,
1536 1934 1713 2000 concubuit
1734 1933 1847 2018 igitur

494 2051 613 2102 escuem
633 2029 736 2093 virm·
777 2029 854 2092 Hoc
874 2027 902 2092 si
922 2027 1005 2093 nolis
1034 2026 1153 2091 inlerrc
1174 2039 1205 2092 et
1225 2027 1345 2092 inieras
1365 2028 1416 2105 id,
1450 2031 1538 2113 quiod
1557 2027 1718 2114 sequitur3
1744 2024 1847 2118 feeit

522 2123 646 2206 ‘igitur
674 2121 838 2186 incestum
847 2143 865 2194 ,·-
892 2133 924 2185 et
954 2120 1147 2186 concluseris
1174 2123 1488 2206 srgstmentntionem.
1549 2122 1656 2203 Quare
1683 2119 1714 2184 in
1736 2119 1846 2203 longis

522 2213 859 2299 urgumentstinnibus
887 2233 929 2276 ex
949 2212 1159 2277 conductione
1181 2225 1236 2288 sut
1255 2234 1295 2276 ex
1323 2215 1483 2278 contrario
1506 2212 1675 2296 complecti
1695 2223 1846 2296 opos-ten

536 2307 568 2369 in
586 2306 749 2370 brevibus
765 2306 939 2382 incolum,
956 2361 959 2366 .
974 2308 1061 2390 qttod
1081 2305 1268 2384 coniicitur,
1306 2328 1486 2392 exponere3
1521 2307 1553 2372 in
1575 2307 1642 2386 his,
1676 2305 1707 2371 in
1730 2303 1846 2390 quibus

537 2399 640 2464 exitus
660 2399 848 2483 perspicuus
869 2410 937 2478 ιιι,
960 2399 1185 2464 consecutione
1206 2399 1262 2466 uti.

494 2579 527 2630 tt
750 2633 754 2639 ,
920 2567 967 2634 X.
990 2567 1051 2633 DE
1074 2568 1456 2636 ENTHYMEMATE.

619 2703 827 2788 Enthymema
855 2719 902 2772 est
923 2705 1126 2790 imperleotus
1153 2708 1383 2794 syllogismus:
1419 2720 1552 2774 nonest
1573 2707 1652 2775 enim
1674 2707 1706 2774 in
1727 2729 1768 2774 eo
1787 2723 1847 2772 ne·

536 2822 624 2866 cesse
652 2802 787 2884 primum
819 2821 1025 2884 proponere,
1059 2801 1173 2866 deinde
1201 2802 1431 2888 argumentari,
1470 2815 1500 2866 ιι
1528 2815 1692 2887 postremo
1714 2802 1847 2867 conclu·

536 2900 631 2969 dere;
654 2896 781 2959 sedvel
804 2894 938 2978 primam
956 2895 1209 2978 propositionem
1231 2895 1406 2979 praeterire
1426 2896 1549 2973 licebit,
1572 2908 1743 2979 propterea
1757 2897 1847 2980 qsiod

534 2989 603 3074 ipss
632 3001 750 3054 tantum
777 2990 1032 3072 praessunptione
1059 2987 1170 3052 iudicis
1200 2989 1248 3052 vel
1270 2989 1421 3052 auditoris
1443 2999 1589 3053 contente
1612 3011 1679 3052 esse
1699 2989 1843 3071 poterit,

492 3094 567 3148 sset
588 3082 655 3147 sola
677 3082 916 3147 ratiocinatione
939 3080 1088 3168 exsequi,
1124 3093 1165 3146 et'
1176 3081 1408 3146 conclusionem
1431 3085 1658 3164 superaddere,
1683 3083 1734 3146 vel
1757 3093 1848 3145 certe

536 3176 770 3241 conclusionem
792 3177 1009 3258 praemittere,
1033 3187 1065 3239 et
1083 3175 1225 3240 sensibus
1247 3175 1356 3240 iudicis
1378 3175 1426 3251 id,
1451 3179 1537 3259 quod
1558 3176 1762 3240 ratiocinatus
1784 3187 1846 3252 est,

536 3271 747 3354 colligendum
768 3269 963 3355 relinquere.
1020 3271 1127 3351 (tutare
1150 3291 1229 3354 ergo
1258 3269 1426 3333 dialecticis
1448 3269 1524 3332 illud
1546 3270 1754 3333 necessarium
1776 3279 1846 3344 est,

535 3374 570 3426 ut
593 3363 737 3426 omnibus
758 3363 902 3444 partibus
924 3362 1095 3448 colligant,
1127 3363 1308 3427 oratoribus
1330 3383 1392 3426 nou
1415 3361 1563 3445 semper?
1607 3362 1763 3442 Quoniam
1785 3361 1849 3426 illis

536 3455 607 3519 veri
627 3453 806 3518 inveniendi
827 3455 928 3532 ratio,
964 3455 1014 3519 bis
1042 3454 1190 3520 suadendi
1211 3455 1378 3537 proposita
1402 3467 1462 3518 est.
1520 3456 1719 3519 Persuadere
1741 3467 1846 3518 ιιιιιιιι

494 3563 600 3614 senon
631 3558 799 3632 poterunt,
836 3549 862 3614 si
893 3548 959 3631 ipss
988 3547 1148 3634 diligentia
1181 3561 1213 3611 et
1240 3548 1414 3612 redditione
1441 3547 1576 3632 partium
1605 3548 1849 3612 obscuraverint

537 3663 618 3727 quise
639 3641 806 3726 eolligunt.
864 3640 987 3705 Deinde
1017 3645 1056 3705 nd
1083 3643 1158 3705 illos
1189 3662 1252 3706 non
1284 3642 1436 3724 pertinet,
1475 3654 1509 3706 ut
1531 3662 1644 3705 errares
1666 3654 1696 3704 et
1718 3640 1849 3705 iucundi

535 3734 650 3800 sintin
672 3733 872 3810 disserendo;
895 3735 1016 3800 oratori
1038 3746 1141 3799 sertem
1166 3734 1317 3810 maxime,
1343 3757 1381 3798 ne
1402 3757 1494 3798 sures
1518 3734 1668 3798 auditoris
1690 3735 1845 3810 offendat,

534 3830 720 3893 studendum
744 3839 811 3902 est;
841 3829 973 3892 oll‘cndit
993 3849 1094 3911 porro
1124 3828 1232 3892 iisdem
1256 3827 1432 3892 nominibus
1454 3831 1569 3891 utendo
1591 3827 1716 3910 saepius
1738 3838 1770 3890 et
1792 3847 1849 3890 ea-

534 3923 604 3984 dem
638 3919 827 3984 collectione
854 3921 1035 3986 relerendn.
1085 3923 1246 3986 Debemus
1275 3921 1366 3984 etiam
1394 3922 1477 3985 illam
1508 3921 1714 3986 differentiam
1736 3918 1843 3994 seire,

493 4016 623 4100 tequod
643 4014 688 4090 is,
725 4015 778 4100 qui
800 4013 942 4092 disserit,
979 4013 1103 4078 interim
1134 4017 1229 4100 louge
1252 4015 1471 4098 probationem
1493 4016 1591 4097 petit,
1629 4023 1661 4077 et
1683 4012 1788 4076 multis
1809 4013 1842 4076 in

534 4105 776 4172 ratiocinatione
797 4106 910 4189 positis
931 4108 1070 4192 colligit:
1107 4121 1218 4173 orator
1239 4120 1363 4186 autem,
1387 4129 1452 4190 qtto
1474 4107 1514 4174 sit
1536 4106 1672 4171 lucidior
1693 4105 1845 4186 probatio

535 4202 620 4276 eius,
646 4222 686 4264 ex
708 4203 857 4282 proximo
878 4201 957 4282 petit
976 4222 1035 4264 uec
1056 4203 1228 4284 spectabit,
1253 4224 1344 4286 quam
1368 4223 1444 4265 vers
1466 4201 1529 4266 sint
1549 4221 1605 4279 ιι,
1638 4198 1755 4284 quibus
1775 4197 1848 4262 cul-

534 4296 624 4379 ligit,
648 4298 704 4359 sed
726 4315 817 4378 qttsm
841 4293 1033 4378 probabilis.
1077 4296 1121 4359 Ut
1143 4295 1169 4358 si
1191 4295 1399 4379 colligendum
1414 4295 1455 4358 sit
1477 4306 1608 4358 nicetem
1624 4293 1736 4356 malurn
1760 4310 1846 4364 esse,

535 4387 714 4451 dialecticus
736 4388 788 4451 ille
820 4387 1053 4470 repetetpuius
1074 4389 1123 4450 rei
1145 4389 1363 4470 probationem
1386 4408 1426 4451 ex
1449 4397 1580 4463 ιιιιιιιι,
1604 4386 1691 4469 quod
1711 4382 1764 4447 ills
1785 4403 1847 4445 nos

491 4480 620 4555 soritae
641 4477 840 4556 concil'iavit3
871 4483 920 4544 vel
944 4483 1035 4544 etiam
1065 4481 1156 4544 altius
1178 4493 1208 4545 et
1238 4481 1404 4546 obscurius
1430 4503 1471 4544 ex
1492 4479 1702 4564 disparatione
1724 4475 1848 4540 enimse

535 4584 566 4636 et
588 4575 753 4658 corporis,
776 4587 810 4638 ut
832 4575 883 4639 rel
905 4575 1034 4638 interire
1055 4572 1186 4638 animum
1203 4577 1339 4657 probet,
1363 4576 1414 4638 vel
1436 4574 1462 4638 si
1477 4571 1660 4641 immortalis
1680 4571 1740 4650 sit,
1764 4591 1846 4654 poe·

924 4686 1841 4733 --....-......-.ι..-.

623 4798 647 4848 7.
666 4803 726 4848 Coi.
745 4763 830 4848 rnrsis
846 4803 972 4862 pepticas.
1009 4801 1071 4852 tuit.
1090 4803 1125 4848 ltu
1144 4803 1204 4849 God.
1224 4803 1307 4848 ldelirn
1320 4803 1423 4850 utilitati
1438 4803 1478 4848 ιιι·
1489 4817 1517 4862 p.
1530 4801 1671 4850 consulunt.
1688 4802 1757 4848 ml.
1774 4801 1848 4847 Psit-

670 4885 701 4918 ne
727 4875 822 4929 potins:
852 4872 887 4917 ud
912 4873 1043 4917 utilitatem
1073 4873 1112 4916 rei
1136 4887 1165 4930 p.
1192 4875 1340 4918 concidetur
1366 4873 1442 4920 sunt?
1469 4873 1515 4918 01.
1565 4871 1606 4919 ts.
1637 4873 1699 4918 (lod.
1717 4869 1844 4932 conferre.

674 4939 716 4988 2⁵.
736 4943 772 4988 lte
789 4943 850 4988 Cei.
868 4943 901 4988 At
914 4943 1015 5010 interius
1035 4943 1136 5003 exequi.
1174 4939 1215 4989 tu.
1235 4943 1295 4989 (ἔοι.
1313 4943 1491 5003 disperatione.
1511 4943 1558 4989 0s.

608 5073 654 5122 st.
675 5065 734 5118 Cic.
753 5060 788 5116 de
806 5063 913 5118 iurent.
933 5063 957 5120 l.
975 5062 1022 5120 io.

607 5145 654 5196 21.
675 5135 795 5208 Quintil.
814 5139 847 5192 tt.
869 5135 913 5194 to
1049 5156 1053 5166 ·
