4434 5959
579 608 643 681 aas
770 588 774 607 '
1004 626 1007 637 v
1115 612 1350 682 sonamus

578 774 705 839 apteras,
728 758 960 837 respondetura
993 756 1142 823 cuimnlr
1163 756 1251 841 quod
1272 774 1373 841 genus
1393 751 1468 819 licet
1488 772 1618 819 necesse
1638 750 1681 819 sit
1701 754 1741 819 ab
1762 773 1807 819 eo
1829 773 1897 817 esse

580 849 759 925 diversum,
788 848 878 917 citius
910 872 1011 935 genus
1037 862 1104 927 est,
1139 861 1310 935 cognatum
1331 859 1380 913 est
1402 848 1431 912 ei
1452 858 1577 924 tamen,
1616 848 1690 933 quia
1707 851 1747 913 ad
1767 847 1802 912 id
1823 851 1898 911 snb·

578 941 710 1007 stantiae
732 943 888 1009 relatione
910 944 1127 1030 coniungitur.
1182 942 1314 1025 Species
1331 941 1425 1007 etiam
1445 955 1511 1019 est,
1536 946 1575 1007 de
1596 964 1657 1026 qua
1681 966 1783 1029 genus
1804 964 1897 1025 supe·

578 1035 645 1101 riuis
666 1038 884 1119 praedicatur,
908 1060 1003 1125 quatu
1026 1037 1145 1105 Cicero
1167 1040 1304 1103 formam
1322 1034 1470 1114 vocavit,
1494 1037 1581 1101 velut
1601 1040 1703 1103 homo
1720 1038 1898 1103 animalis.

553 1145 571 1197 t
581 1129 761 1197 Similitudo
783 1143 832 1195 est
852 1132 955 1197 inuitas
977 1132 1150 1218 qualitatis.
1194 1133 1277 1196 Nam
1297 1132 1382 1207 dero,
1407 1152 1488 1215 quae
1508 1130 1570 1195 sibi
1583 1143 1655 1195 sont
1668 1131 1800 1208 similia,
1827 1152 1899 1195 eau-

578 1226 648 1291 dem
669 1246 801 1291 necesse
822 1237 869 1289 est
890 1227 1008 1291 babere
1030 1225 1232 1313 qualitatem,
1269 1235 1302 1289 et
1328 1224 1476 1308 quoniam
1499 1225 1602 1308 ipsum
1623 1225 1685 1289 sibi
1706 1225 1814 1290 simile
1832 1246 1899 1288 esse

577 1318 654 1383 nihil
676 1330 810 1403 potest,
839 1318 892 1385 alii
921 1342 1050 1386 necesse
1079 1331 1129 1385 est
1156 1318 1257 1383 simile
1278 1318 1511 1383 consideretur.
1556 1319 1620 1382 Sed
1640 1318 1818 1384 aliudesse
1838 1340 1899 1384 non

576 1412 717 1495 poterit,
740 1414 800 1479 nisi
820 1414 917 1480 luerit
938 1414 968 1479 in
992 1415 1096 1500 aliqua
1118 1425 1211 1497 parte
1232 1411 1406 1476 diversum.
1450 1414 1546 1497 Ergo
1567 1412 1711 1479 similias
1733 1435 1770 1479 se
1792 1413 1828 1477 in
1844 1414 1902 1478 alia

577 1506 704 1591 quidem
727 1530 763 1573 re
784 1509 910 1574 diversa
932 1520 1022 1582 suot,
1059 1507 1091 1571 in
1114 1507 1174 1572 alia
1197 1528 1276 1571 vero
1298 1519 1492 1592 congruunt.
1537 1509 1574 1574 ln
1597 1531 1633 1573 ea
1656 1528 1737 1573 vern
1758 1529 1817 1585 re,
1842 1528 1901 1592 qna

536 1604 748 1665 toscetmdum
771 1603 954 1686 qualitatem
985 1614 1184 1685 congruunt,
1208 1599 1241 1664 in
1261 1621 1298 1664 ea
1319 1620 1389 1665 esse
1411 1600 1521 1665 similia
1543 1602 1783 1688 intelliguntur:
1823 1622 1901 1686 quae

577 1694 617 1758 ad
637 1714 672 1757 se
692 1694 902 1759 similitudinis
925 1693 1025 1776 ipsius
1048 1692 1254 1774 capillatione
1275 1692 1471 1759 referuntur.
1525 1696 1714 1761 Differentia
1738 1707 1810 1771 est,
1841 1715 1902 1779 qna

578 1791 845 1873 unumquodque
868 1789 977 1852 differt
998 1791 1038 1851 ab
1061 1788 1143 1864 alio,
1180 1796 1217 1849 nt
1237 1786 1336 1853 homo
1362 1790 1403 1849 ab
1425 1809 1510 1871 equo
1532 1786 1791 1853 rationabilitatis
1814 1789 1905 1852 dilie-

485 1876 488 1883 ’
577 1880 679 1945 nentia
703 1880 875 1965 discrepat.
899 1884 990 1947 Haec
1009 1879 1109 1965 igitur
1131 1880 1367 1961 praedicatione
1388 1880 1516 1966 quidem
1536 1882 1688 1965 propriae
1708 1892 1848 1946 naturae
1866 1882 1904 1945 ad

578 1995 615 2037 ea
637 1972 795 2051 refertur,
819 1997 958 2060 quorum
981 1984 1031 2039 cst
1052 1972 1244 2049 differentia,
1269 1984 1303 2035 ut
1323 1973 1556 2039 rationabilitas
1571 1976 1611 2038 ad
1631 1975 1818 2049 hominem
1841 1974 1903 2038 dis·

537 2065 788 2137 assiuulitudinis
811 2089 892 2133 vero
913 2066 1038 2133 ratione
1060 2069 1099 2133 ad
1120 2088 1171 2142 ea,
1207 2087 1226 2131 ιι
1246 2066 1361 2150 quibus
1382 2066 1542 2150 discrepat
1563 2068 1607 2146 id,
1631 2068 1720 2133 cuius
1743 2082 1794 2133 est
1816 2068 1905 2131 otne-

579 2159 705 2237 rcntia,
729 2174 763 2227 ut
782 2161 1013 2229 rationabilitas
1029 2162 1069 2223 ad
1080 2163 1216 2225 bovem.
1261 2159 1431 2225 Contraria
1446 2182 1528 2227 vero
1540 2174 1624 2237 sunt,
1647 2162 1777 2246 quaein
1791 2165 1902 2227 endem

579 2253 685 2337 posita
704 2274 821 2339 genere
839 2254 1022 2339 longissime
1037 2275 1053 2317 a
1075 2274 1111 2319 se
1128 2254 1327 2336 discrepant,
1351 2263 1387 2319 ut
1404 2254 1509 2319 album
1532 2268 1628 2341 atque
1645 2255 1796 2339 nigrum,
1826 2272 1904 2339 qnae

580 2345 655 2410 licet
681 2346 712 2411 in
736 2369 800 2413 uno
825 2349 986 2434 qualitatis
1019 2368 1136 2433 genere
1166 2358 1345 2430 ponantur,
1377 2368 1453 2412 ase
1472 2358 1575 2413 tamen
1599 2371 1692 2434 quarn
1718 2347 1905 2434 longissime

580 2441 752 2515 recedunt;
782 2463 819 2507 ea
846 2464 975 2528 qunque
1004 2446 1044 2507 ad
1072 2462 1107 2505 se
1130 2438 1247 2505 reiensi
1270 2440 1375 2505 nullus
1401 2440 1541 2525 ignorat.
1594 2442 1694 2509 Aliud
1721 2454 1775 2506 est
1802 2442 1903 2514 enim,

538 2536 668 2617 atquod
690 2548 781 2613 sunt,
806 2537 908 2613 aliud,
932 2539 1019 2620 quod
1039 2535 1200 2601 contraria
1220 2544 1306 2597 sunt.
1350 2533 1447 2613 Quod
1466 2534 1548 2599 enim
1568 2536 1694 2621 nigrum
1717 2548 1790 2612 est,
1814 2534 1907 2621 quale

582 2636 648 2701 est;
670 2630 760 2711 quod
780 2651 862 2695 vero
884 2630 1168 2704 contrariumest,
1193 2628 1233 2689 ab
1248 2626 1322 2691 albo
1341 2627 1511 2709 plurimum
1531 2628 1714 2712 discrepans
1729 2643 1795 2695 est.
1820 2630 1908 2697 Con·

581 2714 687 2785 iuncta
707 2743 786 2787 vero
812 2735 903 2799 sunt,
928 2746 1009 2810 quae
1028 2724 1080 2790 ιιιιί
1100 2721 1214 2805 cuique
1238 2719 1286 2783 rei
1302 2717 1463 2785 finitimam
1485 2732 1626 2785 naturam
1652 2733 1781 2801 tenent,
1822 2727 1907 2789 relat

581 2811 689 2879 timori
713 2814 818 2898 pallor
841 2816 1004 2881 adiunctus
1034 2827 1096 2881 est.
1154 2816 1246 2879 Haec
1273 2811 1348 2875 talia
1372 2823 1465 2888 stant,
1496 2824 1531 2877 ιιι
1549 2813 1676 2898 saepius
1698 2818 1830 2900 quidem
1853 2822 1907 2883 ad-

582 2904 695 2972 iunctis
717 2909 779 2973 sibi
799 2914 1045 2985 cohaerescant,
1069 2928 1172 2992 neque
1192 2917 1296 2968 tamen
1317 2926 1359 2969 ex
1377 2905 1563 2973 necessitate
1579 2907 1637 2985 iis,
1661 2910 1782 2991 quibus
1804 2911 1906 2977 vicina

539 3011 673 3079 assuant,
708 3005 817 3068 adesse
842 3016 1012 3089 cogantur.
1062 3004 1144 3067 Nam
1167 3020 1262 3081 saepe
1285 2997 1396 3062 timori
1415 2998 1521 3081 pallor
1543 3001 1679 3078 assistit,
1716 3025 1784 3069 non
1803 3017 1907 3069 tamen

583 3114 728 3177 somper;
761 3096 861 3161 veluti
883 3119 977 3179 quum
1000 3092 1247 3160 dissimulatione
1269 3090 1424 3174 premitur
1445 3104 1559 3157 metus.
1607 3096 1719 3180 Atque
1740 3098 1818 3163 ideo
1841 3096 1907 3161 reri

584 3187 694 3258 similia
718 3209 758 3254 ex
780 3190 935 3254 aditrtmtis
958 3200 1143 3275 argumenta
1166 3196 1350 3251 nascuntur.
1403 3187 1485 3249 Nam
1506 3208 1714 3272 quaecunque
1735 3192 1907 3256 coniuncta

583 3292 675 3357 seint,
715 3302 751 3345 ea
779 3282 839 3359 iis,
872 3282 986 3369 quibus
1010 3284 1200 3356 adhaerent,
1235 3278 1353 3343 indicio
1380 3301 1450 3344 esse
1478 3281 1596 3346 solent.
1651 3284 1715 3347 Sed
1743 3289 1785 3350 ds
1806 3286 1906 3351 bisin

584 3373 767 3453 posteriore
794 3376 1009 3460 disputatione
1029 3373 1210 3459 diligentius
1231 3373 1397 3437 disseram.
1450 3375 1681 3440 Antecedentin
1703 3400 1787 3445 nero
1814 3393 1903 3455 sunt,

543 3466 700 3553 soqttibtts
722 3468 834 3551 positis
856 3470 940 3534 alind
961 3490 1091 3536 necesse
1113 3480 1162 3531 cst
1185 3476 1421 3548 consequatur,
1444 3479 1498 3544 ut,
1521 3470 1595 3554 quia
1610 3469 1726 3534 bellum
1742 3484 1816 3549 est,
1840 3494 1907 3539 esse

585 3557 775 3625 inimicitias.
818 3564 910 3628 Haec
939 3562 1060 3627 ordinis
1090 3560 1308 3625 necessitatem
1338 3571 1459 3625 tenent.
1503 3562 1740 3649 Consequentia
1763 3566 1849 3631 enim
1870 3570 1907 3629 ab

586 3655 842 3719 antecedentibus
857 3655 998 3737 separari
1021 3679 1083 3722 non
1106 3663 1248 3738 queunt;
1271 3674 1469 3739 consequens
1491 3677 1573 3720 vero
1595 3669 1653 3733 est,
1677 3657 1837 3744 quidquid
1856 3660 1907 3737 id,

586 3749 675 3831 quod
696 3749 874 3823 antecedit,
902 3748 1099 3834 insequitur,
1130 3761 1167 3812 ut
1184 3746 1363 3811 inimicitiae
1387 3749 1503 3812 bellum
1529 3750 1783 3835 consequuntur.
1829 3756 1908 3818 Nam

586 3840 613 3905 si
634 3840 750 3906 bellum
772 3853 837 3918 est,
862 3841 1036 3907 inimicitias
1059 3863 1129 3905 asse
1149 3862 1279 3906 necesse
1298 3854 1366 3917 est,
1388 3844 1546 3928 habetque
1569 3844 1659 3908 locus
1679 3843 1733 3907 bic
1754 3844 1836 3909 illud
1852 3868 1908 3911 no·

543 3934 681 4011 natabile
702 3949 733 4000 et
755 3940 977 4018 spectandum,
1002 3940 1087 4021 quod
1111 3956 1222 4019 saepe,
1246 3956 1327 4020 quae
1349 3936 1535 4001 naturaliter
1556 3936 1667 4019 priora
1687 3948 1780 4016 sient,
1803 3952 1909 4004 tames

585 4030 654 4112 ipsa
678 4042 749 4094 sunt
773 4030 1019 4114 consequentia;
1049 4051 1146 4112 saepe
1167 4041 1198 4093 et
1219 4028 1404 4094 naturaliter
1425 4035 1616 4097 antecedunt
1644 4042 1677 4095 et
1700 4028 1733 4091 in
1754 4032 1908 4113 proposi-

585 4124 672 4189 tione
693 4124 804 4207 priora
827 4136 912 4189 sunt.
962 4126 1108 4209 Namque
1137 4122 1313 4186 inimicitiae
1344 4123 1435 4203 prius
1456 4127 1612 4190 exsistere
1634 4146 1727 4211 quam
1750 4126 1836 4190 bella
1857 4148 1908 4191 sn·

586 4214 664 4281 lent.
723 4220 785 4281 Sed
820 4238 883 4281 non
914 4238 1081 4300 possumus
1108 4237 1292 4299 proponere
1313 4214 1509 4294 inimicitias,
1548 4231 1583 4282 ut
1605 4218 1722 4283 bellum
1743 4232 1906 4303 sequane.

586 4312 663 4375 Non
686 4311 767 4375 enim
791 4332 961 4393 possumus
983 4332 1068 4393 usne¹
1089 4310 1214 4374 dicere:
1254 4310 1294 4373 Si
1318 4310 1519 4375 iuimicitias
1549 4325 1653 4388 suut,
1689 4313 1818 4375 bellem
1839 4324 1907 4384 este

545 4408 644 4470 ttsed
661 4404 873 4487 proponimus
894 4405 1030 4480 bellruu,
1052 4413 1084 4467 et
1105 4402 1302 4479 inimicitiae,
1333 4426 1415 4488 quae
1436 4417 1548 4469 natura
1570 4405 1696 4488 priores
1715 4416 1811 4480 sunt,
1834 4408 1907 4468 sub·

587 4510 779 4582 sequuntur,
809 4498 870 4563 ita:
908 4499 947 4564 Si
965 4498 1089 4561 bellum
1110 4509 1181 4571 est,
1210 4496 1410 4560 inimicitias
1433 4511 1526 4562 sunt.
1571 4501 1665 4563 Nunc
1684 4497 1787 4581 igitur
1808 4500 1907 4563 inimi·

587 4590 698 4666 citiae,
734 4612 816 4673 quae
837 4591 1023 4655 naturaliter
1044 4592 1161 4655 bellum
1183 4593 1396 4673 praecedunt,
1426 4594 1554 4656 eaedem
1583 4592 1668 4655 bella
1695 4590 1728 4655 in
1754 4592 1907 4675 proposi·

587 4684 674 4748 tione
695 4683 900 4751 comitantur.
945 4686 997 4751 At'
1014 4684 1039 4748 si
1062 4686 1180 4748 dicam:
1203 4685 1242 4749 Si
1258 4686 1426 4767 superbus
1447 4699 1517 4762 est,
1541 4687 1681 4753 odiosus
1701 4697 1774 4760 sen
1795 4709 1907 4769 snper·

586 4778 638 4843 bia
663 4790 695 4842 et
717 4776 903 4842 naturaliter
920 4790 952 4843 et
973 4777 1004 4842 in
1026 4778 1249 4862 propositione
1278 4778 1384 4843 odium
1411 4781 1592 4863 praeeediu
1628 4780 1718 4863 prius
1748 4779 1831 4843 enin
1856 4802 1906 4841 su·

546 4890 577 4941 ts
586 4872 699 4957 perbis
722 4872 888 4937 consuerit
910 4872 1080 4948 exsistere,
1107 4884 1183 4955 post
1207 4892 1285 4936 vero
1308 4884 1402 4955 atque
1424 4894 1464 4937 cx
1487 4877 1596 4937 eadem
1612 4873 1761 4955 superbia
1777 4877 1904 4939 veniens

587 4966 693 5033 odiurn
717 4963 821 5051 sequi.
870 4968 939 5030 Nec
960 4964 1111 5041 interest,
1143 4978 1248 5030 utrum
1278 4966 1463 5032 naturaliter
1484 4968 1645 5053 quaelibet
1665 4988 1719 5031 res
1741 4972 1904 5034 antecedat

587 5060 736 5143 aliquam,
761 5081 799 5123 sn
821 5080 902 5125 vero
925 5073 1150 5141 consequatur,
1174 5064 1247 5125 deum
1267 5064 1299 5128 id
1321 5061 1351 5127 in
1373 5062 1596 5144 propositione
1619 5074 1817 5137 annotemus,
1839 5084 1904 5125 eam
