4434 5959
856 577 963 647 che.
986 580 1121 647 XXIV.
1143 580 1283 647 XXV..
1640 578 1700 643 tut

251 770 254 779 .
381 719 431 784 dis
461 719 567 785 verbis
596 715 740 786 modicus
768 742 840 785 esse
869 724 982 787 debeat
1004 743 1115 785 eornm
1138 734 1264 786 motus:
1301 742 1359 786 ore
1381 720 1461 785 enim
1485 720 1584 806 magis
1605 742 1699 804 qnam

381 816 483 879 labris
508 817 696 899 loquendum
720 826 782 879 est.
825 816 944 879 Manus
967 836 1064 888 vero,
1089 815 1155 878 sine
1175 815 1291 900 quihus
1313 828 1424 879 trunca
1448 826 1531 877 esset
1554 814 1639 877 aetio
1664 834 1701 875 ac

238 866 254 995 ἰ
379 908 511 987 debilis,
536 908 589 971 vix
610 908 672 972 dici
693 920 800 991 potest
819 921 898 995 quot
920 920 1026 973 motus
1047 910 1201 985 babeant,
1225 930 1321 993 quum
1343 930 1443 992 paene
1465 909 1605 989 ipsorum
1629 928 1699 970 ver-

239 1062 252 1089 ·.
378 1006 495 1068 borum
512 1002 634 1085 copiam
652 1015 900 1089 consequantur.
943 1005 1025 1066 Nam
1047 1014 1173 1065 ceterae
1194 1013 1301 1085 partes
1324 1004 1502 1086 loquentem
1529 1002 1701 1075 adiurant;

383 1096 463 1171 bae,
486 1117 591 1178 prope
614 1108 661 1159 eat
685 1108 718 1159 nt
738 1096 857 1173 dicam,
881 1097 967 1179 ipsae
987 1096 1180 1179 loquuntur:
1218 1096 1265 1159 his
1287 1097 1465 1177 poscimus,
1489 1096 1727 1179 pollicemur,⁵

247 1169 256 1258 ἶ
381 1210 553 1264 vocamus,
588 1190 785 1265 dimittimus,
817 1189 986 1265 minamur,
1014 1190 1245 1272 supplicamus,
1270 1190 1508 1264 abominamur,
1533 1190 1697 1264 timemus,

381 1284 635 1369 interrogamus,
671 1306 839 1369 negamus,
863 1283 1027 1367 gandium,
1051 1283 1231 1359 tristitiam,
1254 1286 1497 1357 dubitationem,
1521 1282 1698 1347 confessio·

238 1368 253 1453 ἶ,
378 1398 470 1451 nem,
505 1378 747 1459 poeniteutiam,
786 1381 931 1453 modum,
964 1375 1110 1458 copiam,
1140 1393 1321 1453 nnmerum,
1345 1390 1468 1459 tempus
1491 1378 1695 1440 ostendimus.

379 1472 495 1533 lisdem
517 1470 730 1547 concitamus,
751 1471 947 1546 inhibemus,
978 1472 1173 1552 probamus,
1198 1472 1407 1547 admiramur,
1433 1472 1695 1534 verecundamur.

379 1566 452 1627 Hae
477 1564 509 1627 in
532 1566 786 1628 demonstrandis
814 1564 892 1629 locis
914 1577 1008 1650 atque
1030 1567 1178 1648 personis
1202 1567 1427 1631 adverbiorum
1459 1575 1555 1649 atque
1576 1585 1697 1647 prouo-
1715 1562 1745 1610 ¹⁰

378 1658 495 1719 minum
518 1658 661 1721 obtinent
685 1656 802 1735 vicem,
827 1671 860 1721 ut
880 1658 910 1721 in
941 1668 1026 1721 tanta
1053 1680 1114 1739 per
1139 1680 1249 1723 omues
1270 1673 1380 1742 gentes
1406 1657 1615 1739 nationesque
1639 1656 1697 1717 lin·

377 1772 460 1836 gnae
481 1751 665 1815 diversitate
686 1752 737 1815 hic
762 1752 836 1815 mihi
866 1752 1004 1815 omnium
1028 1750 1188 1817 hominnm
1208 1753 1383 1816 communis
1407 1772 1515 1817 serram
1541 1751 1695 1835 videatur.

375 1848 508 1909 Averso
535 1845 653 1927 pollice
682 1848 899 1911 demonstrare
931 1843 1050 1928 aliquid
1079 1845 1205 1909 oratori
1234 1847 1415 1911 indecorum
1445 1856 1506 1908 est.
1562 1842 1696 1908 Sinistra

241 1931 249 2020 J
376 1958 486 2001 manns
504 1960 659 2023 nunquam
681 1940 750 2003 sola
776 1952 899 2025 gestum
916 1952 1038 2027 rectuxq
1055 1940 1149 2015 lacit,
1173 1940 1267 2025 idque
1284 1942 1456 2026 praecipue
1470 1938 1632 2003 vitandum
1647 1948 1696 2001 est

239 2024 247 2037 '
377 2031 509 2093 vitinmr
532 2031 625 2112 plane
645 2035 774 2096 dextrae
795 2055 830 2097 se
850 2034 1037 2117 frequenter
1058 2038 1296 2111 accommodat,
1319 2035 1435 2099 sivein
1457 2031 1577 2117 digitos
1599 2054 1695 2115 argu·
1712 2048 1744 2097 ιε

376 2136 480 2187 menta
500 2124 697 2209 digerimus,
721 2126 789 2191 sive
810 2125 975 2191 obiicimus
997 2126 1168 2202 adversas,
1195 2126 1265 2191 sive
1286 2127 1317 2191 in
1337 2127 1419 2190 latus
1440 2138 1607 2210 utrumque
1632 2124 1696 2187 dis·

376 2217 554 2293 tendimns,
588 2218 656 2281 sive
677 2219 755 2281 satis
783 2218 936 2283 facientes
960 2228 1012 2281 ant
1033 2218 1259 2299 supplicantes.
1302 2219 1433 2285 Diversi
1447 2231 1551 2282 antem
1574 2229 1647 2281 sunt
1663 2217 1696 2280 hi

239 2303 248 2416 ,¹
377 2322 511 2395 gestus:
535 2312 754 2375 summittimus
779 2334 905 2387 manus,
928 2311 997 2375 aive
1019 2313 1187 2375 adorantes
1209 2314 1400 2387 attollimus,
1423 2312 1493 2377 sive
1516 2313 1620 2398 aliqua
1642 2315 1698 2376 de·

376 2404 607 2469 monstratione
622 2418 674 2468 aut
696 2405 900 2471 invocatione
921 2403 1167 2489 praetendimus.
1214 2412 1286 2473 Vos
1303 2406 1431 2473 Albani
1451 2408 1574 2471 tumuli
1594 2418 1697 2489 atque

375 2498 460 2561 luci.
510 2500 579 2562 Aut
602 2500 822 2563 Gracchanum
843 2500 942 2563 illude
963 2521 1033 2585 qno
1057 2522 1111 2563 me
1132 2500 1236 2565 nsiser
1255 2500 1463 2592 conferam?
1494 2503 1530 2565 in
1556 2502 1691 2583 Capito·
1709 2515 1743 2563 to

374 2593 461 2657 liram
482 2593 530 2655 od
537 2590 680 2682 fratris
696 2594 929 2678 sanguinem?
949 2614 995 2657 nn
1013 2593 1180 2659 domum?
1207 2594 1369 2660 Maiorem
1394 2595 1475 2659 eninr
1496 2597 1642 2659 allectum
1663 2594 1696 2656 in

374 2686 425 2749 his
456 2684 581 2749 iunctae
609 2687 759 2749 exhibent
786 2708 908 2750 manus.
967 2688 1107 2753 Cantare
1136 2710 1217 2751 vero
1249 2688 1389 2751 inutilius
1417 2688 1458 2752 sit
1479 2710 1519 2751 an
1540 2688 1693 2763 foedius,

375 2778 527 2843 nesciam.
582 2780 666 2861 Quid
688 2780 769 2843 enim
793 2780 894 2843 minus
916 2779 1040 2845 oratori
1063 2780 1235 2855 convenit,
1272 2802 1367 2865 quam
1390 2782 1562 2845 modulatio
1585 2782 1694 2843 ebrio·

242 2945 246 2954 ¹
372 2896 443 2937 rum
466 2884 520 2935 aut
542 2875 784 2937 concernentium
807 2874 952 2939 licentiae
973 2872 1109 2936 similis?
1153 2872 1218 2954 Qui
1240 2894 1319 2937 vero
1342 2875 1505 2939 movendis
1527 2873 1693 2936 affectibus

374 2966 556 3031 contrarius
587 2967 685 3049 magis
719 2988 812 3049 qrtam
840 2990 936 3053 quum
958 2968 1158 3041 docendum,
1195 2967 1413 3043 irascendum,
1451 2968 1739 3053 indignandum,2s

240 3042 242 3065 ἲ
374 3059 660 3124 commiserandum
681 3060 738 3137 sit,
764 3082 827 3125 non
849 3062 951 3126 solum
974 3062 1015 3121 ab
1036 3058 1085 3122 bis
1108 3060 1292 3136 affectibus,
1316 3062 1347 3123 io
1370 3082 1452 3145 quos
1467 3064 1629 3125 ducendus
1645 3074 1693 3124 est

240 3154 242 3243 J
374 3155 491 3228 index,
516 3155 685 3227 recedere,
709 3156 765 3217 sed
786 3155 885 3237 ipsam
903 3153 950 3217 rei
972 3152 1201 3227 †sanctitatem
1217 3153 1342 3217 efficere
1356 3158 1591 3237 quodammodo
1610 3156 1694 3217 tibiis

376 3268 413 3309 ar
436 3245 552 3309 fidibus
575 3258 627 3308 ant
649 3247 801 3327 cymbalis
823 3246 1032 3311 audiendam?
1074 3248 1311 3331 Quisquamne,
1349 3270 1412 3313 non
1435 3251 1507 3312 dico
1529 3250 1569 3311 de
1591 3249 1693 3311 homi·

374 3341 479 3417 cidio,
503 3340 694 3425 sacrilegio,
717 3341 911 3423 parricidio,
934 3342 993 3403 sed
1015 3343 1053 3404 de
1074 3340 1189 3403 calculi
1209 3342 1332 3405 ratione
1353 3354 1385 3405 et
1406 3342 1520 3405 ceteris
1535 3340 1694 3424 quaestio·

374 3436 468 3498 nibus
490 3434 643 3517 loquens,
668 3448 779 3519 atque,
805 3447 839 3499 nt
861 3438 891 3499 in
915 3438 1013 3499 breve
1036 3434 1219 3510 conferam,
1248 3438 1413 3519 qnisquam
1435 3435 1467 3499 in
1489 3436 1544 3497 lite
1566 3433 1694 3497 cantat?
1708 3450 1741 3499 so

375 3529 489 3613 ltaque
509 3530 593 3589 hauc
614 3528 815 3593 inflexionem
840 3528 946 3603 vocis,
982 3550 1063 3612 qnae
1085 3530 1194 3609 paullo
1216 3529 1408 3592 modulatior
1429 3529 1604 3603 existeret,
1641 3550 1693 3589 re·

373 3624 573 3705 prehendere
604 3632 636 3683 et
668 3620 843 3685 Aeschines
872 3632 904 3685 et
938 3622 1171 3687 Demosthenes
1199 3623 1316 3685 solent.
1367 3624 1419 3685 M.
1450 3623 1544 3685 etiam
1568 3622 1693 3685 'stellius

374 3715 455 3777 dixit
488 3716 519 3776 in
549 3714 692 3799 Phrygia
727 3727 758 3777 et
781 3714 876 3778 Caria
906 3716 1086 3796 turpissime
1110 3718 1255 3779 rhetoras
1278 3715 1427 3799 epilogos
1447 3716 1595 3797 coepisse
1617 3738 1692 3778 can·

373 3820 466 3883 tare,
491 3829 557 3891 quo
579 3808 704 3872 foedius
728 3808 803 3871 nihil
828 3820 888 3872 est.
948 3810 1031 3873 Satis
1052 3810 1110 3884 sit,
1140 3810 1167 3873 si
1189 3811 1330 3873 obscuro
1351 3812 1488 3894 quodam
1509 3810 1615 3886 flexu,
1641 3810 1693 3872 nbi

374 3922 506 3963 necesse
528 3914 595 3975 est,
619 3901 659 3964 ait
679 3901 824 3985 lugubris
848 3923 885 3965 ae
906 3902 1111 3991 miserabilis:
1135 3926 1206 3966 cnm
1231 3903 1312 3965 virili
1327 3914 1430 3967 manco
1453 3917 1483 3965 et
1505 3915 1594 3966 recta
1617 3924 1693 3985 pro·
1708 3921 1738 3967 ss

378 3994 590 4069 nuntiatione,
615 4016 679 4059 nou
702 3996 881 4071 modulata,
907 4008 939 4058 nt
963 4018 1044 4059 uum
1066 3997 1212 4079 plerique
1233 3996 1371 4073 iaciunt,
1395 3996 1587 4061 cantatione.

718 4173 835 4237 XXV.
859 4172 920 4237 DE
945 4172 1353 4238 EXERCITATIONE.

463 4313 547 4378 Ante
570 4312 672 4377 omnia
688 4313 766 4376 illud
788 4312 952 4377 inhaerere
966 4310 1023 4373 tihi
1046 4312 1142 4388 volo,
1165 4314 1265 4389 baec,
1290 4333 1370 4395 quae
1392 4334 1486 4394 supra
1508 4298 1689 4391 dictasunt,

374 4418 406 4469 et
428 4429 525 4492 quum
549 4419 658 4469 natum
682 4406 870 4471 obvenerint
893 4418 925 4471 et
947 4418 1014 4469 arte
1035 4404 1154 4469 luerint
1170 4405 1370 4491 excogitata,
1396 4410 1434 4469 ad
1450 4408 1574 4489 plenam
1589 4418 1692 4471 tamen

464 4644 488 4691 t.
509 4646 570 4691 (lod.
599 4650 773 4704 consequntur.
809 4643 844 4693 ,⁹.
874 4644 934 4687 Cod.
960 4640 1066 4687 hisdem.
1118 4640 1158 4687 15.
1182 4642 1264 4687 Codes
1290 4643 1342 4687 bair
1370 4648 1395 4687 et
1419 4643 1475 4687 alibi
1496 4658 1549 4687 enm
1570 4657 1639 4687 naria
1660 4657 1694 4687 m.

515 4714 555 4760 li.
576 4716 611 4759 As
628 4713 819 4773 protendimus?
843 4713 889 4757 θι.
938 4710 981 4757 21.
1003 4713 1037 4757 ha
1056 4710 1124 4771 oeta
1140 4738 1149 4747 ·
1169 4738 1178 4748 -
1195 4710 1371 4757 contrariam?
1389 4711 1436 4757 0⁸.
1474 4710 1517 4757 21.
1541 4715 1601 4767 „Sir
1629 4714 1691 4756 cot.

513 4787 605 4829 videtur
621 4786 744 4839 babsrr'';
775 4797 853 4841 equo
872 4784 950 4827 lllalas
969 4782 1024 4827 lecit
1041 4780 1241 4839 scurrilitatem,
1268 4794 1352 4837 param
1372 4782 1537 4837 probabiliter.
1576 4782 1644 4827 Latet
1668 4796 1693 4829 ta

513 4868 542 4899 sn
561 4855 639 4911 potins
660 4860 700 4898 ant
717 4854 884 4898 cantationem
902 4858 942 4897 aat
959 4854 1086 4898 scenicam
1103 4852 1276 4897 irritationem.
1296 4850 1343 4897 ox.
1382 4847 1424 4897 tt.
1442 4850 1503 4898 Coi.
1523 4854 1586 4898 litto.

453 4976 496 5031 19.
518 4978 571 5031 Pro
591 4974 655 5027 Mll.
678 4974 787 5027 xxttt.

450 5055 495 5107 20.
519 5048 593 5123 Apud
613 5051 672 5101 Clc.
694 5046 726 5099 de
746 5048 795 5102 Or.
817 5048 869 5103 lll.
889 5048 934 5108 56.

450 5124 497 5187 dl.
520 5126 622 5180 Orator
644 5124 746 5181 xlllll.
