4434 5959
541 546 605 611 aaa
637 520 641 527 ’
1085 546 1319 613 nonrmns

541 686 722 773 quamsit,
758 684 903 751 sensibus
934 684 1048 751 iunxit.
1098 688 1182 763 Sed,
1214 698 1251 749 nt
1278 685 1394 749 dictum
1422 696 1489 763 est,
1525 705 1694 768 corporeo
1720 706 1799 749 esse
1827 695 1860 747 et

541 782 746 864 incorporeo
773 802 840 843 nnn
868 802 940 843 esse
970 802 1031 844 non
1063 782 1101 843 ad
1124 776 1309 854 veritatem,
1347 782 1402 843 sed
1424 781 1463 842 ad
1486 800 1681 843 communem
1703 800 1861 861 qnorum-

541 876 619 939 libet
653 874 812 937 bominum
846 872 1026 955 opinioni-m
1056 874 1181 936 loeutus
1213 883 1272 936 est.
1332 872 1430 936 Ponit
1450 871 1550 955 igitur
1577 870 1722 951 exempla
1752 892 1862 933 earnm

544 968 667 1051 quidem
689 988 814 1043 rernm,
850 988 930 1052 qnae
960 980 1052 1041 sunt,
1082 967 1204 1031 formas
1233 969 1382 1049 quasdam
1415 964 1632 1047 corporalium
1660 985 1787 1038 seriam,
1827 977 1863 1027 ut

518 1063 692 1136 sl'nndnm,
729 1063 832 1131 aedes,
857 1062 1012 1142 parietes,
1037 1058 1229 1123 stillicidium
1252 1070 1347 1143 atque
1368 1057 1401 1121 id
1423 1078 1541 1141 genus:
1575 1076 1656 1139 quae
1674 1056 1863 1138 corporalia

543 1177 612 1219 esse
644 1156 702 1217 hnc
732 1154 857 1219 ratione
885 1156 1039 1230 ostendit,
1072 1154 1220 1237 qnoniam
1255 1152 1342 1215 cerni
1370 1151 1523 1235 tangique
1548 1161 1694 1232 possunt.
1739 1151 1863 1213 Earum

545 1269 625 1311 vero
648 1270 772 1322 uertant,
817 1269 898 1332 quae
919 1268 982 1313 non
1003 1257 1093 1319 sunt,
1131 1246 1277 1327 exempla
1300 1244 1407 1327 posuit
1432 1244 1677 1326 rtatrcapionetn,
1706 1245 1861 1319 tutelam,

545 1353 668 1426 gentem
688 1354 876 1426 ceteraque,
909 1362 989 1426 qnae
1009 1352 1080 1403 stant
1102 1338 1317 1420 incorporea:
1342 1360 1423 1421 qnae
1446 1360 1485 1401 ex
1503 1338 1567 1399 boc
1582 1338 1777 1422 incorporea
1795 1358 1864 1399 esse

545 1434 751 1507 renouauerit,
777 1438 864 1518 qnod
888 1435 929 1498 ait
947 1455 983 1497 ea
1005 1433 1092 1517 tangi
1114 1432 1367 1496 demonstrarive
1389 1453 1451 1494 non
1471 1450 1584 1512 posse,
1607 1431 1663 1491 sed
1680 1428 1865 1513 intelligen-

503 1528 586 1598 tntia
607 1542 699 1611 atqne
723 1528 825 1592 animo
856 1526 1094 1609 comprehendi.
1141 1524 1210 1589 Cur
1232 1540 1314 1589 vero
1337 1546 1374 1587 ea
1400 1546 1465 1587 non
1484 1544 1552 1586 esse
1574 1520 1706 1598 dixerit,
1741 1546 1864 1607 suppo·

544 1620 607 1685 snit
629 1620 783 1685 rationem
808 1621 935 1696 dicens,
970 1620 1087 1683 nnlltnn
1111 1619 1201 1703 qnasi
1223 1639 1342 1699 eorpus
1364 1639 1473 1680 earum
1493 1638 1599 1679 rerum
1619 1635 1687 1677 esse
1710 1638 1772 1680 nee
1794 1638 1864 1680 mo·

545 1717 605 1778 lem
629 1716 783 1797 aliquam,
807 1737 889 1799 qnae
911 1713 1004 1778 leniat
1026 1735 1164 1777 sensum.
1209 1715 1306 1793 Quod
1327 1713 1407 1775 enim
1430 1732 1548 1791 eorpus
1570 1728 1640 1772 esse
1658 1719 1767 1790 potest
1787 1732 1864 1773 usu·

545 1808 710 1890 capionis?
733 1811 813 1871 Nam
830 1808 916 1889 ipsa,
941 1828 1021 1892 qnae
1039 1809 1287 1890 nantcapiuntnr,
1310 1828 1470 1889 corporea
1488 1817 1581 1877 sunt;
1603 1803 1672 1883 ipsa
1689 1824 1771 1867 vero
1786 1824 1862 1866 usn·

545 1902 636 1983 capio
659 1923 816 1983 corporea
843 1912 989 1967 nonest.
1040 1904 1113 1983 lpsa
1140 1902 1220 1965 enim
1250 1923 1308 1983 per
1335 1900 1443 1964 intendi
1470 1892 1728 1966 consuetudinem
1753 1896 1863 1977 possi·

504 1995 636 2065 radendi
676 1994 836 2058 firmitudo
876 1995 1033 2079 quodnam
1073 2014 1193 2076 corpus
1220 1996 1340 2057 habere
1369 1991 1499 2075 potest?
1541 1994 1641 2071 Item,
1679 1993 1769 2075 qnod
1791 1990 1863 2072 qnis

545 2087 641 2150 tutela
662 2086 760 2171 regit,
785 2090 957 2169 corporale
975 2100 1039 2161 esta
1075 2090 1171 2151 bomo
1194 2108 1329 2171 natuque
1347 2098 1417 2150 est:
1448 2086 1516 2168 ipsa
1536 2108 1616 2151 vero
1640 2109 1718 2152 eura
1744 2086 1864 2150 tutelae

546 2192 641 2262 atque
671 2179 771 2260 ipsum
805 2182 854 2242 ius
879 2180 971 2242 alium
1002 2182 1109 2243 tuendi
1138 2180 1213 2244 nibil
1245 2182 1374 2245 omnino
1407 2180 1555 2262 corporis
1585 2184 1703 2245 babere
1737 2190 1864 2262 potest.

545 2272 702 2337 Homines
723 2294 871 2357 qnoque,
910 2272 964 2358 qni
985 2272 1017 2337 in
1041 2276 1148 2337 eadem
1172 2273 1347 2358 gentilitate
1367 2285 1458 2347 stant,
1490 2276 1641 2355 corporei
1663 2285 1758 2339 sunt:
1794 2271 1866 2353 ipsa

545 2386 627 2431 vero
650 2368 825 2451 gentilitas,
855 2367 886 2429 id
908 2381 974 2443 est,
1008 2368 1183 2430 cottnmunis
1206 2366 1341 2431 nominis
1363 2367 1539 2429 liberorum
1561 2369 1713 2441 societas,
1734 2376 1774 2429 ut
1795 2364 1866 2427 Sei·

503 2463 695 2541 toplonum,
725 2460 929 2526 Valeriorum
950 2472 981 2525 et
1003 2462 1194 2535 Brutorum,
1230 2472 1316 2525 certe
1338 2461 1530 2540 incorporea
1553 2474 1614 2526 est.
1681 2462 1746 2523 Sed
1765 2480 1868 2543 quae-

545 2555 614 2615 dam
643 2574 750 2616 earttm
769 2574 875 2616 rerrtm
898 2554 1108 2636 incorporalis
1133 2554 1228 2617 animi
1248 2554 1417 2636 conceptio
1439 2565 1487 2617 est
1509 2565 1605 2639 atque
1629 2550 1864 2637 intelligentia,

545 2667 638 2731 qnam
657 2646 817 2710 notionem
844 2646 984 2711 vocavit.
1037 2648 1110 2728 lpsa
1138 2647 1219 2711 enim
1241 2647 1424 2731 imaginatio
1447 2649 1649 2728 usucapionis
1674 2646 1725 2711 vel
1746 2646 1866 2709 tutelae

545 2752 640 2825 atque
672 2742 847 2805 intellectus
871 2742 1084 2823 incorporalis
1114 2741 1163 2803 nei
1191 2740 1281 2805 notio
1308 2741 1442 2815 dieitur,
1479 2763 1572 2823 qnam
1595 2740 1713 2805 Graeci
1734 2740 1867 2805 ἔννοιαν

545 2846 674 2898 nocant.
732 2834 850 2900 Divisit
871 2833 971 2918 igitur
989 2834 1202 2898 definitionem
1228 2834 1259 2896 in
1281 2834 1338 2897 has
1360 2838 1438 2897 duas
1455 2848 1580 2915 partes,
1605 2835 1728 2898 scilieet
1749 2854 1867 2896 secun·

502 2938 534 2989 25
546 2930 617 2990 dnm
641 2924 775 2991 subiecti
796 2926 1007 3002 differentias,
1030 2938 1066 2991 nt
1084 2927 1160 2990 alias
1179 2926 1302 3011 quidem
1321 2948 1390 2993 esse
1409 2928 1528 2992 diceret
1541 2928 1739 2991 definitiones
1754 2948 1866 2988 earnm

544 3042 674 3096 nerium,
712 3032 907 3105 quaesunt,
938 3020 969 3084 id
990 3032 1055 3097 est,
1086 3021 1325 3101 corporalium,
1349 3021 1428 3085 alins
1446 3042 1525 3090 vero
1546 3043 1672 3095 rernm,
1697 3040 1781 3106 quae
1800 3040 1866 3083 aon

545 3127 637 3189 sunt,
662 3114 779 3189 idest,
802 3114 1064 3196 incorporalium.
1109 3116 1193 3178 Hine
1211 3115 1318 3195 quaeri
1340 3123 1468 3196 potest,
1493 3117 1581 3199 qnod
1604 3114 1698 3178 etiam
1716 3113 1867 3195 superins

544 3206 689 3271 breviter
708 3208 970 3297 commemoravi,
996 3212 1254 3292 quonammodo
1275 3208 1415 3272 delinitio
1437 3228 1500 3271 non
1523 3206 1606 3272 inter
1624 3209 1738 3271 affecta
1753 3226 1867 3270 nnme-

545 3311 654 3374 retnr,
692 3322 786 3383 quanm
810 3304 912 3363 omnis
934 3299 1076 3366 delinitio
1099 3304 1139 3365 ad
1160 3303 1276 3385 aliqnid
1309 3324 1379 3365 esse
1413 3302 1568 3366 videatur.
1624 3301 1754 3366 Idcirco
1782 3303 1867 3365 enim

504 3393 660 3461 aoaffeeta
683 3414 752 3456 esse
774 3394 858 3457 dieta
883 3407 956 3458 snm
979 3395 1168 3470 similitudo,
1200 3386 1392 3459 contrarium
1411 3408 1443 3459 et
1462 3409 1588 3471 cetera,
1612 3392 1762 3480 qnoniam
1781 3415 1869 3457 seam

545 3506 605 3567 per
628 3489 666 3548 ad
688 3484 806 3571 aliquid
829 3487 1022 3552 relernntnr.
1073 3489 1169 3568 Qnod
1195 3488 1221 3550 si
1246 3486 1338 3549 etia'm
1361 3488 1503 3551 delinitio
1523 3489 1665 3551 refertur
1690 3488 1729 3550 ad
1747 3488 1870 3571 aliquid

546 3599 604 3641 nec
626 3590 673 3642 est
701 3579 865 3644 absolutae
888 3601 925 3643 ac
947 3581 1097 3663 propriae
1121 3580 1399 3658 considerationis,
1437 3602 1473 3644 ea
1495 3602 1623 3667 qnoque
1644 3581 1725 3643 inter
1749 3582 1869 3645 allecta

544 3675 690 3753 ponenda
713 3685 773 3735 est.
831 3675 894 3737 Sed
919 3673 1118 3750 noctrrritur,
1152 3674 1299 3758 qnoniam
1323 3696 1377 3749 ea,
1412 3694 1495 3756 quae
1515 3675 1628 3737 allecta
1654 3678 1747 3749 snut,
1785 3687 1869 3738 tam·

546 3786 638 3847 qnam
658 3766 788 3829 umbrae
811 3768 961 3851 quaedam
987 3788 1126 3847 eorpus,
1164 3768 1205 3829 ita
1229 3778 1319 3829 entra
1341 3766 1442 3849 posita
1473 3785 1536 3830 non
1558 3779 1691 3847 possunt
1715 3766 1746 3830 id
1768 3768 1869 3831 relin-

501 3876 535 3928 ³⁵
545 3878 664 3941 quere,
689 3860 728 3921 ad
749 3862 835 3944 qnod
861 3860 1040 3941 probantur
1062 3861 1197 3933 affectu
1220 3870 1253 3922 et
1273 3870 1328 3922 ant
1349 3859 1479 3923 omnino
1497 3858 1703 3923 substantiam
1725 3882 1864 3938 οοιιιιιι,

545 3952 586 4014 ad
611 3972 692 4035 quae
715 3953 828 4015 allecta
851 3964 942 4028 sunt,
966 3972 1029 4015 non
1055 3952 1251 4036 significant,
1276 3966 1311 4015 nt
1332 3953 1544 4027 contrarium,
1568 3952 1669 4015 simile
1692 3965 1725 4016 et
1742 3967 1863 4030 cetera,

545 4054 617 4122 ant,
640 4044 667 4109 si
691 4048 818 4129 quando
845 4045 1033 4129 designant,
1058 4067 1118 4108 una
1142 4048 1295 4129 quaedam
1317 4065 1390 4126 pars
1415 4042 1603 4129 intelligitur
1622 4066 1693 4109 esse
1714 4049 1866 4110 snbstan-

543 4137 624 4213 tiae,
649 4140 735 4201 velut
756 4162 873 4223 genus,
897 4138 1038 4221 speeies,
1062 4138 1252 4202 differentia.
1297 4140 1373 4201 Non
1398 4138 1479 4201 enirn
1502 4158 1601 4221 genus
1625 4151 1692 4203 tota
1714 4142 1865 4205 substan·

543 4233 586 4295 tia
610 4243 658 4295 est
680 4234 816 4315 speciei,
849 4236 974 4318 quando
994 4230 1122 4316 quidem
1144 4254 1206 4295 non
1226 4233 1327 4295 soltnn
1360 4232 1775 4312 genusspeeiemiormat,
1807 4237 1866 4299 sed

502 4326 742 4392 todillerentine
764 4346 918 4411 qnoqne3
954 4344 1012 4387 nec
1034 4323 1229 4387 differentiae
1242 4318 1356 4387 'totam
1384 4325 1577 4387 substantiae
1605 4326 1771 4390 continent
1791 4328 1866 4394 lor·

545 4441 646 4496 tuam,
675 4422 800 4503 qnando
821 4418 948 4499 qttidem
975 4438 1037 4480 non
1063 4418 1132 4481 sola
1155 4418 1329 4480 differentia
1352 4420 1488 4499 speciem
1509 4418 1658 4501 perlicit,
1688 4424 1745 4483 sed
1770 4422 1865 4484 etiam

545 4532 657 4595 genus.
703 4512 775 4593 ipsa
800 4532 879 4575 vcro
902 4510 1025 4593 species
1048 4513 1200 4593 quaedam
1224 4509 1350 4592 generis
1366 4532 1438 4591 pars
1460 4523 1529 4574 est:
1554 4525 1684 4577 atvero
1706 4515 1863 4590 delinitio,

544 4604 603 4667 etsi
634 4606 673 4666 ad
705 4604 822 4689 aliquid
852 4617 916 4679 est,
956 4616 1057 4667 tamen
1086 4614 1183 4667 totam
1205 4604 1411 4666 substantiam
1433 4616 1605 4682 inaonstrat,
1644 4616 1740 4689 atque
1767 4630 1865 4671 exae-

544 4711 660 4784 quatur
682 4700 710 4763 ei
739 4701 805 4777 rei,
838 4722 930 4781 qnam
954 4699 1079 4773 delinit,
1118 4706 1151 4759 et
1172 4696 1375 4759 substantians
1405 4697 1548 4779 perlicit,
1586 4710 1620 4760 ut
1647 4722 1751 4782 neqne
1774 4715 1866 4765 extra

502 4790 648 4874 taposiri
669 4793 708 4856 sit
730 4793 809 4855 sient
831 4792 1001 4855 similitudo
1024 4804 1055 4853 et
1081 4789 1260 4864 contraria,
1284 4812 1386 4875 neqne
1412 4812 1487 4872 pars
1507 4790 1576 4854 eius
1597 4792 1794 4857 substantiae
1808 4794 1864 4866 sit,

544 4908 636 4968 qnmn
670 4884 852 4947 delinitione
877 4883 1080 4958 determinat,
1119 4886 1175 4945 sed
1208 4882 1313 4964 potins
1341 4884 1408 4965 ipsa
1443 4885 1614 4947 substantia
1643 4886 1696 4949 sit.
1751 4890 1804 4951 Ac
1825 4890 1865 4949 de

545 4980 602 5039 line
624 4976 747 5062 qnidctn
770 5000 804 5040 re
836 4976 910 5039 satis
940 4978 1055 5039 dictum
1087 4988 1146 5039 est.
1203 4978 1289 5041 ldcnn
1322 4998 1400 5043 vero
1426 4980 1464 5040 de
1487 4978 1629 5059 partibus
1655 4979 1717 5043 dici
1741 4991 1861 5061 potest.

546 5072 627 5133 liam
658 5070 845 5135 continuatae
878 5080 985 5153 partes
1017 5079 1119 5135 totum
1145 5072 1176 5133 id
1201 5072 1356 5146 ellieinnt,
1391 5072 1479 5135 euius
1502 5084 1607 5154 pantes
1630 5087 1715 5137 sum.
1776 5076 1863 5137 nora
