4434 5959
507 579 567 641 ltu
1012 578 1300 647 vlcroututts

506 720 618 805 ltaque
641 718 742 802 ipsum
764 740 864 803 genus
889 718 1170 803 argumentationis
1196 721 1320 783 duobus
1341 718 1442 784 modis
1461 678 1610 785 vitiosum
1626 732 1693 798 est;
1716 744 1814 807 quum

506 825 559 875 aut
581 812 609 874 iu
632 813 703 893 ipso
727 812 834 875 ritissm
857 813 938 889 crit,
976 825 1030 875 aut
1052 833 1146 896 quum
1169 814 1209 873 ad
1229 814 1280 887 id,
1316 815 1404 897 quod
1425 814 1576 889 instituit,
1604 836 1665 879 non
1688 838 1815 881 accom-

507 905 697 968 modabitur.
756 906 794 969 ln
815 906 885 988 ipso
910 904 1017 968 vitium
1046 926 1115 968 esse
1137 906 1388 990 quattuordecim
1412 906 1514 970 modis
1535 928 1703 988 possumus
1724 906 1816 970 iuve-
1908 971 1913 981 ,

505 1000 587 1062 nire.
632 1000 753 1063 Deinde
775 1022 838 1062 oon
853 998 1085 1062 accommodari
1101 1001 1140 1061 ad
1162 998 1213 1073 id,
1237 999 1323 1082 quod
1343 998 1498 1075 instituit,
1523 1000 1686 1062 duodecim
1712 998 1815 1061 modis

480 1115 673 1174 spossumus
695 1094 948 1174 deprehendere:
972 1114 1052 1175 quae
1077 1092 1180 1156 omnia
1205 1089 1345 1167 Cicero,
1369 1093 1481 1173 partim
1504 1092 1575 1174 quia
1594 1104 1700 1173 aperta
1726 1102 1812 1166 stunt,

434 1186 438 1194 “
506 1186 582 1247 solis
612 1186 904 1267 propositionibus3
941 1186 1054 1267 partim
1084 1184 1157 1268 quia
1188 1184 1378 1248 obscuriora
1412 1197 1503 1260 sum,
1541 1189 1632 1247 ctiam
1661 1187 1815 1267 exemplis

504 1279 673 1360 proposuit
696 1292 726 1341 et
748 1278 931 1359 explicavit.
975 1280 1046 1343 Nos
1067 1279 1174 1341 eadem
1197 1276 1364 1361 persequi,
1398 1276 1493 1341 immo
1515 1288 1661 1361 repetere
1683 1280 1814 1362 longum

505 1392 542 1433 ac
562 1373 755 1451 superfluum
779 1382 838 1433 est.
949 1402 953 1411 ·

588 1468 741 1546 (trenetur
763 1464 885 1527 modus
902 1474 978 1526 erat
995 1462 1286 1546 reprehensionis,
1319 1486 1384 1547 per
1408 1486 1508 1549 quem
1532 1477 1652 1529 contra
1664 1462 1815 1541 firmam

464 1556 695 1628 inadversarii
725 1556 1058 1639 argumentationem
1080 1577 1185 1640 aeque
1208 1556 1325 1653 firmo
1346 1568 1407 1619 aret
1432 1558 1580 1635 firmior
1606 1558 1813 1638 ponebatur]

508 1650 629 1728 Quarta
659 1650 865 1732 reprehensio
886 1650 1046 1731 pertenuis
1063 1660 1130 1723 est,
1155 1660 1186 1711 et
1207 1648 1338 1718 delectis
1358 1652 1523 1728 omnibus,
1548 1662 1686 1714 extrema
1704 1671 1816 1713 ueces-

506 1742 597 1805 sitatc
619 1746 778 1823 pauenda.
824 1744 905 1805 llam
920 1755 952 1805 et
968 1754 1106 1824 sumpto
1128 1762 1205 1804 vera
1224 1756 1291 1805 esse
1306 1745 1504 1807 concedimus
1525 1756 1556 1806 et
1579 1744 1814 1809 conclusionem

507 1849 594 1899 recte
621 1838 756 1900 habitam
779 1837 916 1899 latemur
944 1848 976 1901 et
1003 1838 1104 1919 ipsum
1134 1856 1232 1919 genus
1261 1837 1544 1917 argumentationis
1573 1836 1719 1901 vitiosum
1749 1858 1815 1900 non

505 1950 574 1993 esse
597 1930 820 1994 concedimus:
856 1932 913 1993 sed
932 1940 1045 1994 contra
1066 1929 1187 1991 firmam
1213 1926 1387 1989 adversarii
1409 1928 1732 2013 argumentationem,
1755 1950 1816 1991 noa

465 2022 653 2103 15quoniam
681 2023 757 2085 nihil
787 2044 952 2105 possumus
981 2024 1235 2104 reprehendere,
1274 2019 1364 2081 aliam
1386 2019 1689 2104 argumentationem
1714 2044 1816 2108 aeque

506 2114 625 2177 firmam
646 2127 700 2177 aut
718 2116 889 2179 firmiorem
909 2114 1131 2197 proponimus.
1175 2113 1297 2174 Verum
1321 2112 1384 2193 hoc
1406 2112 1436 2176 in
1457 2115 1676 2178 deliberativo
1697 2136 1817 2198 genere

506 2228 618 2269 caussae
647 2229 706 2270 usu
738 2207 903 2289 provenit3
937 2228 1031 2289 quum
1061 2219 1114 2269 aut
1139 2204 1215 2269 utile
1242 2204 1358 2288 aliquid
1379 2208 1561 2273 adversario
1587 2210 1812 2271 concedimus:

506 2302 563 2361 sed
583 2322 642 2364 nos
664 2312 717 2363 aut
739 2300 844 2364 utilius
866 2312 919 2361 aut
940 2299 1102 2362 honestius
1125 2298 1242 2382 aliquid
1270 2302 1537 2377 demonstramus;
1573 2312 1626 2365 aut
1647 2302 1815 2365 honestum

507 2392 624 2476 aliquid
644 2393 826 2456 adversario
855 2393 1075 2468 concedimus,
1104 2395 1160 2455 sed
1189 2411 1246 2456 uos
1268 2392 1430 2457 honestius
1457 2394 1574 2479 aliquid
1595 2408 1647 2459 aut
1668 2417 1816 2458 necessa-

463 2488 585 2563 2prium
608 2506 678 2549 esse
700 2499 922 2549 monstramus.
977 2485 1099 2548 Verum
1120 2506 1202 2549 utine
1220 2484 1332 2546 transit
1353 2487 1391 2547 ad
1413 2488 1663 2564 conclusionem,
1687 2489 1720 2552 id
1744 2502 1813 2566 est,

506 2592 626 2643 sextam
649 2581 840 2663 eandemque
861 2573 1033 2641 extreinam
1056 2590 1177 2660 partem
1199 2576 1295 2642 totius
1318 2578 1482 2643 orationis.
1540 2581 1614 2661 Qun
1632 2583 1705 2647 loco
1728 2584 1816 2645 Her·

507 2694 656 2758 maguras
681 2671 914 2756 degressionem
943 2670 1113 2751 supponit,
1152 2671 1184 2734 id
1211 2682 1276 2745 est,
1312 2673 1506 2748 orationem,
1539 2672 1570 2736 in
1596 2696 1658 2759 qua
1686 2687 1817 2757 praeter

505 2767 756 2832 controversiam
778 2785 890 2827 causae
918 2774 972 2825 aut
999 2762 1066 2825 laras
1099 2775 1206 2827 nostra
1229 2774 1283 2825 aut
1305 2765 1479 2827 adversarii
1501 2764 1690 2848 vituperatio
1712 2769 1819 2832 conti-

505 2872 638 2933 neatur3
673 2870 725 2922 asu
747 2878 829 2940 quae
850 2858 890 2919 ad
910 2856 1000 2917 aliam
1021 2876 1087 2919 rem
1110 2856 1273 2919 transitum
1295 2857 1411 2933 saciat,
1446 2880 1510 2923 non
1532 2880 1590 2943 per
1611 2872 1818 2943 argumenta·

463 2979 496 3028 25
506 2952 645 3027 tionem,
663 2954 719 3015 sed
733 2973 792 3033 per
807 2948 1091 3032 amplificationem.
1116 2950 1207 3012 Hanc
1221 2949 1344 3013 'l'ullius
1365 2971 1428 3014 non
1443 2962 1565 3033 partem
1580 2955 1729 3017 orationis
1745 2954 1817 3017 vult

506 3066 585 3121 esse,
609 3047 664 3107 sed
683 3046 713 3107 iu
730 3045 875 3110 omuibus
886 3042 1038 3107 orationis
1050 3042 1192 3123 partibus
1207 3042 1353 3105 inserturi
1367 3064 1404 3103 ac
1418 3045 1528 3107 subiici
1541 3066 1636 3127 posse
1651 3046 1815 3109 declarata

505 3149 541 3201 ut
562 3136 657 3201 certis
679 3138 758 3200 locis
778 3147 854 3219 post
875 3157 940 3199 rem
963 3134 1099 3219 aliquam
1122 3138 1287 3215 probatam
1309 3148 1362 3197 aut
1385 3128 1657 3219 arnplihcatio’nem
1678 3139 1817 3221 aliquam

507 3230 651 3293 subiicias
685 3240 738 3292 aut
774 3229 896 3290 laudem
923 3238 976 3291 aut
1013 3226 1289 3307 vituperationem.
1341 3228 1454 3313 ltaque
1487 3250 1551 3293 non
1580 3232 1816 3317 degressionem

507 3332 601 3385 sexto
623 3322 716 3396 loco,
749 3322 805 3383 sed
825 3320 1061 3384 conclusionem
1083 3319 1207 3382 Tullius
1228 3321 1331 3402 ponit.
1387 3318 1390 3325 ’

466 3446 498 3495 30
590 3412 771 3479 Conclusio
791 3423 842 3475 est
863 3412 980 3475 exitus
1000 3422 1034 3474 et
1054 3412 1294 3477 determinatio
1321 3414 1427 3477 totius
1448 3415 1629 3499 orationis]
1673 3416 1821 3483 Conclu-

507 3508 557 3572 sio
579 3519 645 3582 est,
668 3505 784 3587 inquit,
811 3504 882 3567 linis
904 3526 941 3568 ac
962 3503 1114 3567 terminus
1136 3508 1307 3582 orationis;
1337 3510 1391 3570 sed
1413 3508 1510 3571 totius
1533 3509 1699 3574 orationis.
1744 3512 1818 3574 Nos

506 3603 661 3687 epilogos
682 3595 885 3680 accipiamus.
927 3597 1030 3661 Huius
1052 3598 1269 3663 conclusionis
1285 3612 1391 3682 partes
1407 3613 1477 3664 stent
1498 3613 1582 3677 tres,
1607 3604 1816 3680 ensrmcratio,

507 3694 701 3779 indignatio,
735 3686 935 3775 conquestin'.
981 3692 1104 3753 Verum
1127 3694 1188 3755 hoc
1210 3693 1342 3768 distant,
1378 3696 1465 3776 quod
1486 3694 1661 3780 indignatio
1684 3708 1716 3757 et
1737 3717 1819 3760 con-

497 3786 633 3869 ·questio
657 3797 774 3849 tantum
796 3784 914 3848 animos
937 3792 1086 3858 movent,
1125 3784 1251 3848 diverso
1273 3797 1375 3849 tamen
1398 3783 1508 3862 exitu3
1543 3807 1626 3849 neruo
1654 3804 1731 3849 vero
1754 3788 1820 3851 ira·

467 3909 498 3960 35
508 3882 617 3945 cundia
640 3892 751 3944 contra
774 3878 973 3942 adversarios
994 3887 1229 3963 commoretur,
1266 3900 1347 3942 utine
1379 3878 1591 3943 misericordia
1620 3878 1704 3953 circa
1733 3902 1818 3945 nost

508 3974 704 4039 enumeratio
736 3993 815 4037 vero
848 3984 879 4034 et
908 3974 1029 4038 animos
1052 3981 1158 4032 movet
1180 3982 1212 4033 et
1232 3971 1324 4035 fidem
1346 3971 1436 4035 lacit.
1481 3974 1560 4036 Nam
1583 3991 1679 4057 quum
1700 3973 1820 4055 repetit

507 4090 589 4153 quae
610 4069 691 4132 dicta
712 4077 802 4142 siant,
825 4065 935 4142 Iidem
957 4090 1054 4151 quum
1077 4086 1157 4133 vero
1180 4065 1282 4129 omnia
1297 4075 1467 4129 coacervat
1481 4077 1512 4129 et
1528 4066 1670 4150 colligit,
1694 4067 1818 4129 animos

508 4173 626 4225 inuret.
670 4164 760 4225 Haec
780 4159 860 4222 enim
883 4163 1077 4226 enumeratio
1099 4182 1163 4224 non
1185 4178 1309 4241 semper
1329 4158 1529 4221 uniformiter
1551 4180 1606 4235 ea,
1631 4178 1711 4240 quae
1733 4158 1818 4222 dicta

508 4268 598 4328 stent,
628 4254 782 4337 colligere
804 4253 946 4317 debebit:
983 4276 1022 4317 ne
1043 4276 1139 4339 quum
1162 4254 1325 4327 odiosum,
1359 4263 1424 4314 tum
1447 4252 1538 4315 etiam
1559 4253 1659 4336 (quod
1682 4252 1817 4313 manime

467 4347 700 4426 ,ocontrarium
722 4348 783 4426 est)
806 4345 876 4408 heri
898 4366 938 4408 ex
960 4358 1029 4410 arte
1051 4349 1207 4412 rideatur.
1251 4346 1363 4431 ltaque
1384 4366 1480 4427 supra
1495 4347 1650 4409 dictorum
1665 4342 1817 4425 repetitio

511 4441 658 4503 varianda
681 4450 739 4501 est.
784 4439 937 4501 Variatur
965 4451 1068 4503 autem
1091 4439 1191 4503 modis
1213 4440 1332 4513 tribum
1354 4437 1382 4501 si
1403 4448 1456 4501 aut
1477 4458 1529 4501 eas
1551 4458 1620 4513 res,
1644 4458 1722 4520 quas
1745 4450 1817 4499 ante

508 4531 631 4607 dixisti,
667 4532 806 4594 breviter
826 4532 1020 4615 perstringas
1042 4546 1073 4595 et
1095 4532 1245 4615 colligas,
1276 4532 1363 4615 quod
1385 4531 1509 4614 quidem
1530 4531 1615 4593 lactu
1636 4531 1729 4595 lacile
1749 4542 1816 4603 est;

508 4636 563 4687 aut
583 4626 609 4688 si
630 4625 661 4689 in
685 4626 865 4687 memoriam
887 4626 1075 4689 audientium
1096 4646 1249 4700 revoces,
1273 4644 1351 4708 quas
1372 4639 1478 4706 partes
1500 4625 1530 4687 in
1552 4624 1724 4706 partitione
1740 4644 1818 4706 pro·

507 4719 655 4801 posueris
677 4730 709 4781 et
730 4719 844 4803 qssibus
858 4718 1033 4782 rationibus
1048 4740 1138 4781 sanam
1155 4740 1309 4801 quamque
1331 4731 1452 4800 partem
1476 4718 1692 4794 corthrmaris3
1715 4730 1769 4781 aust
1790 4714 1818 4779 si

467 4850 498 4897 ,5
508 4812 684 4895 interroges
705 4810 845 4885 iudices,
882 4810 956 4894 quid
978 4811 1110 4893 amplius
1134 4811 1231 4874 velint
1253 4832 1470 4895 cognoscere,
1500 4832 1594 4895 qrrsrm
1617 4813 1680 4874 hoc
1701 4822 1733 4873 et
1755 4812 1818 4873 boc

508 4906 727 4981 docuerimus,
766 4925 861 4987 quum
889 4904 953 4967 boc
987 4914 1020 4967 et
1041 4906 1103 4968 hoc
1132 4905 1259 4986 planum
1280 4905 1460 4968 fecerimus.
1504 4904 1612 4987 Atque
1634 4906 1713 4966 haec
1735 4924 1817 4967 nunc

583 5110 628 5163 52.
647 5134 683 5148 -
702 5103 764 5155 Hoc
781 5102 908 5174 epilogos
925 5101 994 5160 eod.
1013 5104 1077 5158 Bas.
