4434 5959
545 603 609 670 3⁷0
1080 603 1316 672 notemus

547 748 665 812 efficiat
697 746 820 830 quidem
843 743 979 830 aliquid,
1017 745 1074 810 sed
1104 765 1170 810 non
1202 743 1269 810 sine
1291 757 1381 809 extra
1409 741 1523 828 positis
1556 741 1760 824 adiumentis,
1797 749 1861 814 boe

547 847 662 907 modo:
686 844 777 916 „Non
801 840 895 915 enim,
919 838 946 902 si
968 837 1034 903 sine
1055 839 1239 923 parentibus
1262 839 1319 904 lilii
1340 860 1410 904 esse
1430 845 1496 905 don
1518 851 1662 922 possunt,
1684 853 1860 924 propterea

547 960 641 1002 causa
661 937 722 1000 lusit
741 935 772 998 in
795 933 981 1018 parentibus
1004 932 1153 1018 gignendi
1175 933 1386 998 necessaria.''
1429 933 1582 998 Parentes
1604 933 1686 996 enlm
1707 945 1741 998 et
1763 935 1862 999 maxi·

547 1058 595 1101 me
612 1031 773 1098 masculini
787 1050 882 1094 sexsus
900 1027 1040 1093 efficiens
1059 1049 1152 1092 causa
1172 1039 1238 1105 est,
1261 1027 1316 1091 sed
1332 1047 1395 1092 non
1414 1027 1481 1092 sine
1494 1025 1628 1102 femina.
1652 1023 1685 1089 id
1706 1037 1774 1104 est,
1799 1049 1862 1094 non

522 1134 613 1197 tsine
647 1127 775 1192 materia
808 1128 941 1209 quadam
971 1133 1059 1187 ebes
1088 1143 1198 1198 caussa,
1233 1121 1299 1186 sine
1329 1142 1390 1206 qua
1412 1121 1481 1186 lieri
1512 1141 1574 1186 oon
1607 1120 1727 1204 possit,
1766 1145 1862 1208 quum

547 1227 614 1310 ipsa
639 1225 700 1287 vim
722 1219 879 1284 efficiendi
900 1239 966 1283 non
987 1219 1116 1282 babeat.
1167 1218 1278 1300 ltaque
1301 1237 1360 1281 nec
1389 1237 1499 1282 causae
1521 1215 1716 1281 necessariae
1737 1227 1769 1279 et
1793 1219 1864 1281 elb-

549 1317 659 1383 cientis
681 1315 789 1400 posuit
810 1313 1008 1395 exemplum,
1031 1331 1091 1374 nec
1113 1309 1198 1387 eius,
1222 1310 1290 1374 sinc
1312 1329 1374 1395 qua
1395 1311 1464 1374 lieri
1487 1309 1562 1374 nihil
1578 1307 1696 1393 possit,
1720 1313 1778 1374 sed
1793 1311 1864 1376 effi·

548 1413 659 1479 cientis
682 1411 826 1495 quidem,
856 1428 920 1473 non
947 1417 1051 1468 tamen
1081 1401 1289 1468 necessariae.
1344 1405 1406 1467 Sed
1428 1403 1556 1468 ridetur
1576 1402 1710 1466 tacuisse
1731 1403 1763 1468 iu
1785 1426 1865 1488 pro·

548 1506 708 1594 positione
729 1505 778 1580 id,
802 1502 890 1566 cssius
911 1498 1019 1585 posuit
1038 1496 1230 1579 exemplum.
1274 1497 1325 1562 lta
1347 1495 1428 1562 enisu
1448 1497 1587 1582 apertius
1609 1495 1670 1560 dici
1685 1499 1864 1581 potuisset:

507 1605 658 1687 statque
681 1600 758 1663 illud
780 1596 905 1683 quidem
930 1615 1028 1681 genus
1050 1611 1234 1664 causarum,
1265 1594 1353 1676 quod
1373 1593 1469 1655 babet
1491 1591 1553 1655 vina
1575 1589 1734 1656 efficiendi
1756 1615 1866 1660 neces·

549 1698 681 1770 sariam,
716 1711 860 1758 errorem
888 1691 1003 1753 auem
1030 1707 1094 1750 oon
1116 1685 1185 1748 lere
1207 1683 1310 1760 soleta
1341 1685 1404 1750 boc
1426 1696 1547 1762 autem,
1572 1685 1658 1769 quod
1682 1705 1746 1750 saon
1767 1689 1866 1752 babet

548 1787 705 1856 efficiendi
726 1785 791 1850 vim
820 1781 1055 1854 necessariam,
1090 1779 1141 1842 vel
1172 1779 1258 1856 hoc,
1302 1778 1370 1843 sine
1397 1800 1464 1865 quo
1492 1801 1556 1845 aon
1577 1774 1735 1856 efficitur,
1766 1801 1864 1865 saepe

473 1942 479 1950 ,
548 1885 731 1951 conturbat.
794 1879 909 1962 Itaque
951 1874 998 1938 sie
1038 1871 1274 1957 intelligendum
1319 1883 1389 1950 est,
1435 1875 1524 1957 quasi
1566 1875 1607 1940 its
1648 1869 1691 1934 sit
1731 1875 1863 1941 alidum.

548 1981 630 2043 Nam
661 1977 700 2038 de
731 1970 906 2036 necessaria
935 1988 1028 2032 causa
1049 1965 1167 2029 nullum
1189 1963 1297 2047 posuit
1318 1967 1510 2052 exemplum.
1566 1971 1664 2051 Quod
1686 1992 1766 2038 vero
1788 1973 1865 2036 sub·

505 2072 639 2148 reiecit,
670 2068 814 2152 utrisque
835 2063 936 2127 causis
958 2059 1108 2127 convenit
1130 2057 1288 2140 posterius
1309 2059 1516 2137 ensssneratis,
1539 2071 1601 2125 tam
1624 2064 1777 2131 stadensi
1799 2085 1864 2130 non

546 2161 764 2236 necessariae,
800 2179 893 2243 quam
916 2156 971 2245 ei„
1001 2155 1150 2237 sineque
1173 2151 1249 2214 nihil
1272 2151 1419 2218 efficitur.
1463 2153 1619 2222 Parentes
1641 2180 1777 2246 namque
1800 2171 1863 2222 tam

546 2254 710 2323 masculini
730 2273 826 2316 sexus
848 2273 942 2336 quam
963 2248 1101 2314 feminini
1124 2264 1194 2309 esse
1215 2245 1382 2311 dicuntura
1406 2267 1541 2332 quorum
1556 2250 1683 2336 quidem
1700 2250 1865 2317 masculini

546 2371 642 2417 sexsus
664 2370 700 2412 ea
722 2367 815 2410 causa
837 2357 902 2421 est,
941 2364 1023 2430 quae
1045 2339 1181 2423 efficiat,
1218 2343 1360 2406 sednon
1383 2341 1576 2422 necessaris,
1614 2345 1754 2410 feminini
1782 2365 1865 2410 vero

550 2467 608 2522 ea,
632 2463 713 2528 quae
732 2460 800 2503 non
823 2437 963 2514 efficiat,
987 2441 1042 2502 sed
1064 2437 1130 2500 sine
1152 2458 1214 2524 qua
1236 2433 1320 2500 effici
1342 2454 1406 2498 nou
1427 2434 1540 2517 possit.
1585 2437 1674 2520 Quae
1697 2460 1794 2523 quoae
1822 2437 1865 2502 ita

503 2540 625 2614 assint,
660 2534 885 2599 discernendae
915 2543 989 2597 sunt
1019 2544 1187 2596 causaest
1217 2527 1429 2614 praevidenda
1457 2531 1648 2608 necessitas,
1680 2551 1740 2616 nec
1761 2529 1865 2596 omnia

546 2653 639 2698 eausa
660 2631 906 2714 praemittenda,
944 2638 981 2689 nt
1002 2628 1215 2710 subsequatur
1237 2623 1386 2698 ell'ectus,
1427 2626 1484 2687 aed
1503 2645 1541 2687 ea
1563 2637 1703 2702 tantum,
1746 2625 1779 2689 isa
1801 2645 1864 2712 qua

545 2739 594 2792 est
615 2723 771 2790 efficiendi
793 2719 982 2796 necessitas,
1006 2718 1101 2782 etiam
1124 2717 1151 2782 si
1172 2716 1370 2782 extrinsecos
1392 2715 1566 2782 adiumenta
1588 2717 1760 2784 defuerint.

629 2817 725 2900 (Cap.
747 2814 800 2880 16.
823 2820 853 2892 §.
875 2813 944 2895 62.)
985 2813 1098 2898 Atque
1118 2810 1225 2875 etiam
1245 2821 1297 2874 eat
1317 2830 1502 2874 morum
1523 2841 1560 2858 -
1584 2843 1626 2861 ·-
1647 2833 1773 2877 comes
1795 2831 1866 2877 noas

545 2911 772 2982 necessariae.
1441 2929 1443 2938 ’

502 3025 535 3073 aa
629 3005 724 3075 Facit
744 3002 835 3068 aliam
856 3021 968 3065 rursus
991 3021 1156 3066 caucanam
1178 2995 1367 3063 divisionem
1387 2995 1456 3064 itsa
1481 2998 1657 3067 Causarum
1679 3002 1763 3068 enim
1785 3002 1865 3067 aliae

545 3116 636 3180 sssnt,
660 3121 741 3186 quae
764 3117 818 3161 sua
840 3096 975 3181 quadam
998 3095 1049 3174 ai,
1073 3095 1140 3158 sine
1162 3093 1375 3177 appetitione,
1398 3093 1466 3158 aine
1487 3097 1675 3174 voluntate,
1700 3097 1769 3162 sine
1791 3097 1864 3182 opi·

544 3200 639 3264 ssione
660 3215 756 3259 sensam
777 3201 873 3276 atque
900 3191 1034 3254 eundem
1052 3189 1085 3252 in
1106 3185 1283 3252 efficiendis
1303 3189 1400 3250 rebus
1422 3187 1564 3253 ordinem
1585 3201 1713 3268 teneat,
1738 3203 1776 3255 ut
1793 3205 1862 3269 est,

544 3291 674 3355 interire
696 3285 819 3359 omnia,
856 3303 937 3368 quae
967 3295 1039 3346 orta
1055 3294 1146 3347 ¹sont.
1202 3283 1284 3346 Nasu
1308 3281 1382 3366 quia
1403 3294 1510 3348 ortum
1532 3297 1603 3362 est,
1625 3284 1747 3350 ideirco
1770 3285 1862 3351 etiasa

545 3405 674 3450 neeesse
696 3391 743 3444 est
775 3377 924 3455 interire,
961 3397 1022 3440 nec
1041 3387 1143 3440 tamen
1177 3375 1246 3460 ipse
1268 3387 1377 3453 ortus,
1414 3386 1450 3440 ut
1470 3387 1577 3441 cetere
1602 3375 1777 3457 intereant,
1809 3379 1864 3442 vel

451 3488 455 3496 ·
504 3476 689 3561 aoappetitu
704 3473 811 3558 aliquo
823 3470 883 3533 'vel
905 3469 1068 3534 voluntate
1081 3471 1133 3534 acl
1155 3467 1306 3553 opinione
1327 3469 1448 3549 allicit,
1471 3472 1590 3536 sedite
1612 3484 1660 3537 est
1674 3476 1715 3537 ab
1730 3485 1864 3539 aeteram

545 3587 653 3635 rerum
685 3578 785 3641 statu,
817 3575 869 3640 ut,
904 3563 1056 3650 quidquid
1085 3576 1191 3627 ortum
1223 3575 1290 3640 est,
1328 3563 1402 3650 quia
1422 3564 1548 3649 occepit
1569 3585 1656 3643 ease,
1690 3567 1863 3654 aliqnando

546 3662 639 3728 etiam
661 3680 730 3724 esse
752 3657 894 3722 desistat.
936 3657 1019 3720 Item
1041 3656 1121 3721 aliae
1142 3667 1216 3722 sunt
1237 3676 1369 3736 cauam,
1393 3677 1474 3742 quae
1495 3669 1549 3724 sut
1568 3659 1599 3724 iu
1621 3660 1790 3729 voluntate
1813 3671 1866 3727 aut

545 3757 578 3821 in
599 3751 843 3839 perturbatione
874 3749 967 3814 animi
996 3759 1050 3812 aut
1068 3750 1102 3814 isa
1123 3751 1234 3844 babitu
1256 3763 1309 3815 aut
1330 3751 1363 3816 in
1389 3761 1502 3817 natura
1524 3751 1629 3818 antias
1652 3767 1723 3821 arte
1744 3777 1864 3822 casam

547 3850 744 3916 consistunt:
765 3847 941 3923 uoluntate,
963 3855 1018 3920 nt,
1041 3844 1070 3908 si
1089 3855 1223 3929 quaerat
1236 3843 1362 3929 aliquis,
1378 3867 1436 3910 cus·
1450 3845 1621 3912 Trebatius
1636 3847 1751 3913 librum
1767 3850 1865 3936 legat,

504 3942 813 4028 etrespondebiturs
847 3939 922 4024 quia
943 3939 1069 4024 legendi
1090 3939 1237 4003 voluntas
1260 3951 1325 4014 est;
1359 3942 1603 4023 perturbatione
1624 3940 1736 4020 animi,
1759 3955 1815 4020 nt,
1838 3943 1865 4008 si

548 4038 618 4124 quis
641 4039 753 4101 timore
774 4033 926 4119 pallescat
948 4044 1002 4096 aut
1023 4035 1134 4096 urbem
1154 4032 1260 4116 fugiat
1279 4032 1371 4096 bellis
1389 4033 1541 4099 civilibus
1555 4038 1786 4114 conturbatnsa
1807 4039 1865 4102 ba·

547 4131 633 4208 bitu,
657 4141 712 4204 ut,
736 4127 763 4194 ai
784 4127 905 4191 ideirco
929 4124 1099 4190 Trebatius
1121 4125 1215 4190 facile
1240 4129 1278 4190 de
1299 4125 1375 4190 iuris
1399 4117 1523 4194 ratione
1537 4131 1757 4213 responderit,
1781 4151 1865 4218 qno·

547 4225 628 4289 niam
650 4223 749 4288 multo
770 4242 831 4286 usu
850 4231 1047 4286 constantem
1067 4218 1170 4284 civilis
1192 4219 1341 4284 scientiae
1364 4220 1504 4286 habitum
1526 4233 1633 4301 tenet,
1667 4225 1723 4290 rel
1743 4225 1772 4289 ai
1792 4227 1864 4314 quis

428 4348 432 4355 .
546 4317 667 4384 idcireo
688 4318 848 4382 irascatur
869 4314 980 4393 facile,
1003 4313 1078 4400 quia
1098 4314 1166 4378 eius
1196 4311 1318 4379 animus
1338 4335 1398 4399 per
1412 4315 1597 4382 ‘iracssudiae
1618 4317 1762 4384 habitum
1785 4321 1864 4384 elfe-

505 4414 634 4477 *tracus
656 4423 723 4487 est3
758 4421 889 4489 natura,
923 4419 976 4486 ut,
1016 4408 1043 4473 si
1071 4407 1141 4496 quis
1162 4407 1282 4474 ideirco
1305 4409 1425 4474 dicatas·
1446 4410 1557 4490 irasci,
1582 4410 1655 4496 quia
1676 4413 1865 4478 naturaliter

546 4507 715 4570 iracundus
738 4513 786 4568 est
805 4503 902 4589 idque
923 4500 952 4567 ei
972 4501 1003 4566 in
1025 4502 1092 4567 dies
1114 4501 1226 4568 vilium
1248 4515 1392 4582 causata
1414 4513 1499 4583 arte,
1521 4515 1574 4582 ut,
1599 4505 1762 4574 aiideirco
1783 4514 1864 4576 betta

548 4599 683 4686 quisque
705 4598 833 4682 pingat,
867 4595 940 4682 quia
972 4595 1040 4661 eius
1066 4595 1142 4660 artis
1170 4595 1291 4679 peritus
1322 4617 1393 4662 esse
1419 4609 1639 4680 properatura
1673 4623 1769 4680 oasa,
1807 4616 1861 4682 nt,

548 4715 628 4779 quac
648 4693 681 4756 in
702 4704 811 4756 nostra
831 4702 990 4774 potestate
1009 4691 1099 4754 nullo
1121 4692 1217 4756 modo
1239 4699 1332 4771 sunt,
1365 4689 1445 4755 frunt
1466 4699 1591 4771 unam,
1630 4695 1717 4760 velut
1735 4695 1862 4763 incerto

544 4785 732 4872 praesertim
755 4797 899 4868 tempore
918 4783 1118 4868 prosperitas
1138 4781 1321 4870 navigandi.
1364 4787 1474 4871 Atque
1494 4785 1610 4852 borum
1631 4787 1861 4856 omniomnibil

502 4886 640 4946 “causa
660 4898 795 4944 ascusam
816 4889 883 4956 est,
913 4876 1163 4964 necquidquam
1184 4889 1233 4942 est
1253 4878 1284 4942 in
1305 4879 1421 4955 rebus,
1443 4881 1533 4965 qnod
1554 4901 1618 4946 non
1640 4881 1747 4970 aliqua
1768 4907 1862 4951 eausa

543 4975 700 5060 perficiat.
744 4969 859 5038 Omnia
874 4971 974 5046 enim,
997 4991 1079 5055 qnae
1097 4971 1196 5050 fiunt,
1222 4973 1338 5036 babent
1352 4971 1487 5058 aliquam
1502 4974 1677 5055 rationem,
1700 4999 1761 5042 cur
1775 4980 1859 5043 lacta

543 5157 1380 5234 stomape-mpumcvnhe-msssracts.
1409 5157 1793 5238 taquam-uastando.
