4434 5959
987 585 1093 656 CAP.
1115 585 1180 654 tv·
1649 583 1711 650 215

668 762 699 834 §-
722 757 754 820 8.
784 755 847 820 DE
869 755 1047 822 Leonta
1069 755 1447 822 TRANSLATIONE.

486 876 619 962 Legalis
640 875 804 940 translatio
834 874 984 940 dividimr
1009 876 1087 940 locis
1111 875 1179 940 bis:
1216 899 1233 941 a
1257 878 1477 960 propositione
1506 879 1637 962 scripti,
1670 883 1711 943 ab

399 970 603 1052 homonymia
620 971 669 1032 vel
686 970 887 1051 synonymia,
911 973 996 1054 quod
1016 970 1147 1033 istorum
1159 970 1306 1034 inciderit
1321 971 1351 1034 in
1365 971 1538 1053 scriptum:
1560 995 1710 1059 agenore

401 1061 517 1144 scripti
538 1063 568 1126 in
588 1065 732 1145 species,
767 1067 807 1125 ab
823 1063 912 1129 initio
931 1065 970 1125 ad
986 1063 1101 1138 bncrn,
1126 1084 1143 1126 a
1169 1063 1350 1128 translativa
1373 1064 1545 1148 qualitate,
1584 1089 1601 1130 a
1624 1087 1712 1130 eom-

402 1159 487 1223 mnni
510 1155 682 1240 qualitate:
707 1177 800 1238 saepe
821 1155 888 1220 istis
910 1168 941 1220 et
963 1156 1082 1218 linitiva
1109 1158 1252 1240 quaestio
1278 1155 1406 1222 incidet.
1449 1160 1544 1222 Nunc
1566 1160 1736 1224 locorum:

401 1252 467 1316 vim
489 1254 548 1314 sub
566 1251 713 1331 exemplo
736 1250 983 1313 consideremus.
1027 1250 1150 1314 Caedis
1166 1249 1212 1312 sit
1231 1249 1335 1314 actio.
1378 1251 1554 1316 Aduersus
1574 1265 1713 1336 patrem

401 1369 445 1408 ne
463 1366 532 1430 quo
550 1344 596 1408 sit
616 1343 726 1416 aetio,
745 1343 818 1431 ¹nisi
839 1342 1045 1406 dementiae:
1065 1342 1117 1406 bie
1137 1342 1178 1404 de
1197 1343 1316 1406 eadem
1336 1364 1374 1407 re
1398 1363 1503 1428 agere
1525 1365 1566 1408 ne
1590 1345 1713 1410 liceat:

398 1442 586 1524 pauperet
604 1435 696 1498 diues
716 1436 845 1499 inimici
864 1436 928 1498 visi
947 1434 1071 1496 sintin
1094 1435 1248 1518 gratiam
1267 1435 1465 1510 revertisse:
1487 1451 1712 1502 commutave-

401 1545 484 1597 runt
499 1531 623 1594 liberos
641 1551 704 1611 per
717 1529 951 1611 adoptionem:
972 1527 1124 1590 inuentus
1138 1539 1190 1590 est
1207 1547 1340 1611 pauper
1357 1529 1393 1592 in
1403 1530 1539 1612 publico
1549 1531 1713 1613 inspolia-

400 1641 460 1692 tus
467 1624 616 1692 meissen
628 1620 1068 1685 instituitaccusareeaedis
1074 1620 1383 1703 adoptioasfiliasr
1397 1624 1623 1706 praescripsit
1635 1625 1709 1700 ille,
1724 1635 1755 1682 10

401 1731 437 1784 et
455 1716 603 1781 abduxit
623 1727 657 1778 et
680 1714 865 1788 abdicavit3
888 1717 959 1777 nult
976 1714 1032 1776 ille
1054 1733 1196 1777 rursum
1215 1735 1312 1778 ream
1327 1713 1591 1806 caedisfaeerer
1610 1739 1712 1800 prae·

400 1811 543 1894 scripsit
567 1808 673 1871 dives.
718 1809 746 1870 Α
776 1806 998 1888 propositione
1027 1807 1154 1888 scripti:
1182 1827 1228 1869 an
1257 1829 1362 1892 qurum
1381 1812 1456 1894 lege
1482 1821 1620 1873 cnutum
1645 1811 1710 1886 sit,

401 1927 445 1969 ne
472 1905 524 1968 bis
550 1901 733 1966 decadem
761 1922 801 1962 re
822 1920 928 1980 ogere
948 1899 1066 1976 liceat,
1103 1917 1171 1961 nou
1189 1901 1302 1982 possit
1327 1901 1380 1963 laic
1406 1923 1546 1966 rursum
1566 1903 1713 1985 aggredi

401 1997 586 2072 iudicium,
609 1993 701 2080 quoti
717 1991 920 2074 iampridem
942 1991 1151 2056 instituerat.
1195 1994 1250 2055 Ab
1270 1995 1491 2075 homonymia:
1513 2015 1616 2079 quam
1641 2018 1714 2078 rem

401 2087 514 2158 dicat,
544 2084 586 2147 de
610 2104 679 2168 qua
707 2083 759 2147 bis
787 2084 848 2165 agi
879 2095 982 2158 vetet,-
1010 2095 1169 2147 utrumae
1187 2087 1289 2168 plene
1308 2097 1555 2168 pertractatam
1572 2098 1603 2150 et
1624 2087 1712 2151 ‹ttin-
1726 2102 1754 2150 rt

402 2181 571 2256 dicatam,
602 2197 649 2240 arr
672 2177 775 2239 etiam
796 2178 996 2240 verbotenus
1016 2187 1156 2240 tactam.
1213 2178 1246 2241 A
1271 2178 1458 2260 speciebus,
1489 2201 1570 2264 quae
1597 2202 1713 2264 genere

402 2274 629 2339 continentur:
665 2290 710 2333 on
733 2291 849 2334 omnes
867 2289 991 2332 caretas
1014 2270 1066 2333 tta
1088 2269 1150 2352 agi
1167 2271 1402 2354 prohibuerit:
1429 2293 1474 2336 art
1499 2295 1581 2339 vero
1595 2275 1715 2359 prino·

401 2381 478 2442 ras,
501 2385 571 2429 non
584 2363 755 2446 publicas,
778 2383 846 2426 non
864 2363 1045 2445 capitales,
1069 2383 1137 2426 non
1155 2363 1283 2428 caedis.
1327 2363 1359 2428 Α
1385 2367 1466 2430 line:
1490 2387 1536 2430 an
1561 2379 1596 2432 et
1621 2367 1714 2430 actio

402 2463 450 2524 eit
470 2456 711 2542 praescriptio.
754 2459 809 2520 Ab
831 2454 919 2518 initio
941 2458 981 2517 ad
1006 2455 1122 2519 linem:
1144 2475 1190 2518 aa
1210 2477 1315 2541 qaam
1328 2459 1506 2523 abdicatae
1522 2459 1586 2535 sit,
1608 2481 1714 2543 agere

397 2553 513 2640 possit
533 2563 568 2614 et
582 2551 711 2612 debeat.
754 2550 786 2613 A
813 2549 997 2612 translativa
1019 2548 1189 2633 qualitate:
1211 2569 1257 2612 au
1277 2551 1309 2615 ei
1330 2551 1500 2616 abdicatio
1517 2554 1628 2636 possit
1648 2553 1756 2625 ali-20

402 2646 488 2732 quid
514 2643 679 2706 aduersas
699 2644 793 2725 leges
818 2639 994 2732 conferre.
1052 2642 1086 2705 A
1111 2643 1268 2707 communi
1299 2644 1469 2728 qualitate:
1502 2665 1549 2708 an
1570 2657 1604 2710 et
1625 2645 1713 2708 alias

401 2741 535 2804 ireseum
561 2737 606 2799 sit
634 2757 691 2800 ree
708 2757 923 2819 praeponere
950 2735 1104 2813 arimini:
1137 2756 1184 2799 aa
1208 2737 1322 2802 caedis
1355 2739 1509 2815 crimini,
1537 2759 1583 2801 aa
1608 2758 1714 2822 quum

398 2845 538 2918 patrem
557 2828 665 2907 filim
693 2829 811 2892 alcisci
835 2830 931 2904 uelit,
968 2849 1016 2890 aa
1044 2841 1078 2891 et
1106 2828 1175 2911 ipsi
1204 2829 1302 2893 divisi
1325 2831 1501 2895 honestius
1528 2833 1573 2895 sit
1597 2831 1714 2892 habita

403 2922 618 2990 contentione
638 2922 770 2984 vincere
783 2921 899 3005 potius
915 2943 1018 3006 quam
1036 2922 1203 3000 beneficio
1215 2923 1303 3007 legis
1322 2925 1475 2986 euadere.
1519 2923 1603 2987 Illud
1620 2924 1712 3004 plane

403 3023 437 3085 in
468 3017 577 3101 primis
614 3015 698 3080 scire
725 3018 892 3090 debemus,
929 3019 1016 3099 quod
1052 3015 1234 3099 saepissime
1269 3017 1425 3102 legalibus
1455 3015 1712 3080 translationibus
1723 3037 1754 3083 2⁵

403 3113 586 3178 coniectura
609 3109 805 3192 implicatur,
830 3110 959 3170 tendens
980 3111 1020 3170 ad
1039 3107 1072 3171 id
1095 3107 1233 3184 crimen,
1257 3113 1344 3194 quod
1359 3110 1567 3191 praescriptio
1584 3121 1709 3173 tuctur:

403 3227 486 3293 quae
510 3202 692 3267 coniectura
716 3203 815 3266 ferme
838 3200 983 3265 omnibus
1000 3201 1081 3266 locis
1102 3201 1270 3280 dividitur,
1293 3204 1426 3287 perinde
1447 3216 1480 3268 ut
1499 3205 1526 3266 si
1546 3205 1613 3267 sola
1631 3215 1713 3266 esset

402 3299 490 3363 asella
517 3296 701 3378 interposita
728 3294 987 3377 praescriptione.
1046 3297 1219 3361 Probabile
1250 3309 1298 3360 est
1333 3295 1414 3360 enim
1438 3317 1536 3382 genus
1562 3295 1709 3371 aetionis,

401 3405 439 3458 rat
466 3390 627 3455 videamur
648 3392 736 3465 iure,
759 3411 823 3453 non
842 3389 1032 3453 defensionis
1053 3389 1297 3470 desperatione,
1321 3391 1551 3472 praescribere.
1595 3387 1713 3469 Scripti

402 3497 436 3550 et
457 3483 627 3549 voluntatis
642 3494 755 3547 statum
776 3482 946 3546 dividiuurs
962 3483 1040 3547 locis
1055 3483 1121 3548 bis:
1144 3503 1160 3545 a
1178 3483 1401 3565 propositione
1423 3483 1553 3567 scripti:
1575 3485 1616 3546 ab
1631 3483 1710 3556 eius,
1722 3501 1754 3549 tt

402 3579 492 3664 quod
512 3576 664 3658 seriptum
692 3587 759 3652 est,
791 3575 918 3658 generis
949 3574 1104 3639 divisione
1125 3575 1156 3639 io
1178 3576 1318 3658 specles,
1343 3599 1383 3641 ex
1409 3577 1522 3661 quibus
1547 3577 1712 3660 speciebus

402 3671 622 3753 exceptionem
653 3670 824 3734 voluntatis
858 3671 1022 3733 aduersum
1059 3671 1209 3753 scriptum
1238 3671 1416 3746 afferimus:
1444 3674 1484 3733 ab
1508 3672 1613 3756 aliquo
1635 3669 1712 3732 iuci·

402 3764 488 3828 denti
506 3763 653 3826 rationali
674 3774 769 3827 statu.
813 3763 879 3826 Per
899 3781 956 3828 cos
979 3763 1091 3840 locos,
1122 3763 1235 3847 quibus
1258 3767 1413 3828 necandus
1438 3764 1479 3828 sit
1502 3765 1577 3840 bic,
1600 3763 1655 3849 qui
1680 3763 1711 3825 in

400 3859 523 3938 templo
549 3853 677 3918 Cereris
702 3855 846 3919 inventus
878 3865 944 3930 est,
981 3855 1099 3919 divisus
1131 3867 1181 3919 est
1200 3857 1378 3940 quicunque
1401 3869 1502 3921 status
1531 3857 1609 3933 erit,
1649 3877 1711 3919 nou

400 3961 505 4012 minen
536 3969 644 4012 omnes
670 3970 747 4022 eos,
781 3951 837 4012 scd
858 3952 1021 4034 quosdam,
1042 3949 1095 4031 qui
1121 3951 1294 4031 opportuni
1318 3961 1423 4014 erunt.
1477 3949 1589 4016 Ornnia
1611 3962 1755 4011 autemst

399 4041 584 4126 scriptionis
605 4053 636 4104 ct
658 4041 830 4106 voluntatis
855 4043 999 4125 quaestio
1024 4063 1154 4106 neeesse
1175 4053 1223 4106 cst
1250 4053 1283 4106 ut
1309 4041 1491 4124 implicitum
1515 4044 1576 4107 sibi
1599 4044 1712 4104 habeat

399 4137 538 4221 aliquem
560 4135 745 4214 rationalem
765 4145 879 4197 statum
902 4147 932 4199 et
953 4137 1003 4198 vel
1025 4135 1158 4200 inarime
1177 4136 1286 4210 linem,
1310 4136 1549 4208 coniecturam,
1573 4134 1709 4208 veniam,

400 4229 668 4313 compensatiram
698 4229 902 4314 qualitatem,
941 4229 1133 4294 universales
1169 4229 1263 4294 etiam
1292 4229 1549 4312 propositiones,
1586 4229 1709 4302 idest,

399 4321 547 4397 bonesti,
571 4322 644 4386 iusti
663 4333 694 4384 et
712 4333 910 4398 ceterorum,
934 4344 1015 4407 quae
1030 4323 1167 4386 incidere
1189 4323 1310 4396 solent,
1336 4341 1556 4404 nonnumquam
1581 4334 1613 4386 et
1624 4341 1712 4382 com·

399 4414 611 4499 parationem.
657 4415 722 4480 Vir
742 4415 823 4478 siin
839 4416 965 4498 templo
987 4413 1249 4506 Cererissrterit
1263 4416 1438 4490 inuentus,
1460 4416 1571 4496 capite
1585 4413 1712 4498 prtnia-
1723 4432 1755 4482 tc

399 4521 480 4582 tar:
499 4509 667 4593 quaedam
683 4507 719 4571 in
740 4510 866 4593 templo
883 4509 1019 4574 Cereris
1035 4531 1184 4592 puerum
1204 4509 1312 4572 enixa
1332 4519 1405 4581 est:
1423 4507 1555 4590 petitur·
1573 4506 1621 4570 ad
1630 4529 1713 4590 poe·

399 4624 482 4666 nam
497 4624 597 4686 puer.
641 4601 918 4684 Apropositione
939 4601 1067 4686 scripti:
1090 4623 1137 4666 aa
1156 4624 1260 4687 qreaun
1273 4595 1339 4664 'leae
1355 4613 1490 4678 masat,
1524 4601 1714 4666 necandam

398 4691 517 4780 quiin
540 4698 666 4777 templo
696 4697 830 4760 Cereris
859 4695 1014 4759 inventas
1040 4709 1104 4761 est.
1153 4696 1208 4760 Ab
1237 4693 1368 4778 specie,
1406 4716 1447 4758 ex
1476 4716 1538 4778 qua
1566 4694 1713 4774 exceptio

399 4789 573 4853 voluntatis
592 4791 742 4852 adversus
764 4787 917 4869 scriptum
934 4789 1089 4854 trabitur:
1113 4811 1158 4852 arr
1178 4813 1257 4853 vero
1276 4792 1335 4853 lene
1352 4807 1421 4855 nort
1442 4809 1558 4852 omnes
1575 4789 1713 4869 puniat,

398 4883 463 4947 sed
482 4905 560 4960 eos,
583 4885 643 4968 qui
655 4883 846 4967 prudentes
870 4893 903 4945 et
919 4884 1063 4948 scientes
1084 4883 1215 4947 inlicito
1231 4882 1415 4967 proposito
1423 4879 1527 4976 fano
1539 4881 1714 4945 nater-ene.
1726 4885 1757 4936 05

469 5133 495 5182 3.
513 5132 588 5198 qued]
601 5135 635 5182 lta
644 5135 705 5182 cet.
727 5133 768 5184 lb.
785 5133 949 5196 inspoliatus]
959 5136 994 5182 lta
1001 5136 1062 5183 ced.
1072 5133 1116 5196 (tt
1127 5141 1192 5184 rasta
1207 5136 1311 5196 quirem.
1325 5135 1386 5194 on.)
1398 5133 1441 5184 ta.
1454 5135 1516 5182 Get.
1526 5149 1557 5182 aa
1566 5133 1713 5182 resedam.
