4434 5959
542 549 604 614 90⁰
874 613 878 622 .
991 559 1033 626 C.
1056 559 1210 626 IULIUS
1233 555 1414 626 VICTOR

542 693 734 760 Coniectum
755 697 847 780 plena
879 708 945 774 est,
978 711 1014 763 ιιι
1039 701 1184 763 catilla:
1217 701 1396 784 despondit
1423 699 1540 778 filium
1567 703 1696 784 petenti
1718 717 1853 788 putere

540 791 745 853 exclamauit
765 805 875 855 mater
895 793 1012 876 potius
1034 815 1124 869 esse,
1162 805 1201 856 ιιι
1222 793 1408 866 moriatur,
1424 813 1427 820 ·
1443 817 1544 878 quom
1573 808 1612 859 ut
1640 796 1690 860 illi
1720 801 1850 870 nubuts

540 881 624 944 olu'it
654 887 771 964 puella
790 887 962 969 ambiguis
985 887 1094 970 signis
1113 887 1201 950 citra
1228 887 1426 968 nuptiarum
1445 888 1533 960 diem
1540 912 1552 962 ,·
1573 911 1667 952 reum
1688 891 1847 968 ueneficii

528 972 632 1065 fucit
652 978 797 1042 maritus
818 1001 976 1043 uxorem.
1030 982 1092 1043 Hie
1114 981 1193 1042 euim
1217 989 1248 1040 et
1269 982 1307 1042 de
1329 995 1364 1041 ce
1385 981 1527 1063 quaestio
1549 993 1617 1054 est,
1653 1005 1700 1044 un
1719 1005 1847 1046 veneno

516 1069 660 1132 subiecit
681 1075 819 1153 puello,
836 1087 884 1137 et
915 1077 955 1137 de
983 1094 1136 1155 persona,
1170 1091 1216 1132 ιιιι
1246 1072 1367 1133 muilier
1394 1073 1537 1136 dederit.
1589 1075 1639 1137 De
1662 1096 1707 1138 re·
1722 1087 1844 1140 tautum

538 1163 679 1244 quaestio
701 1177 766 1240 est,
801 1168 885 1230 utin
908 1168 959 1230 illu
984 1164 1222 1231 controversia:
1253 1175 1353 1245 pater
1379 1162 1530 1241 atfllib
1553 1166 1715 1229 ducatum
1740 1170 1848 1250 petie·

539 1269 641 1327 rum,-
654 1255 760 1333 filius
775 1261 985 1341 prumaluit,·
1005 1259 1112 1322 aciem
1132 1257 1318 1318 commisit:
1341 1270 1461 1338 nuptus
1482 1270 1531 1323 est
1554 1271 1585 1321 et
1607 1263 1761 1342 patibulo
1782 1259 1844 1352 uf-

530 1348 648 1426 sextas.
702 1354 858 1416 Inventus
878 1365 928 1416 est
945 1364 1047 1434 poten
1066 1371 1143 1412 cum
1164 1368 1252 1411 auco
1272 1349 1314 1410 ab
1335 1349 1487 1414 hostibus
1511 1352 1664 1424 cenicum·
1693 1366 1845 1416 recteest

535 1443 760 1524 proditionis:
789 1447 838 1508 hic
870 1446 948 1507 enim
977 1449 1016 1507 de
1045 1445 1130 1506 Iacto
1161 1441 1328 1524 ambigitur
1355 1445 1439 1508 solo.
1491 1445 1541 1508 De
1563 1467 1699 1526 persona
1722 1459 1841 1510 tautum

498 1537 720 1618 thuaecituc:
745 1549 780 1600 ιιι
799 1559 903 1622 quum
927 1539 1041 1600 coedis
1072 1557 1153 1600 reus
1175 1547 1247 1610 est,
1279 1537 1337 1618 qui
1363 1536 1466 1598 iuncta
1494 1537 1639 1626 cadauer
1663 1561 1781 1603 reeens
1809 1541 1844 1602 iu

538 1627 720 1696 solitudine
740 1653 816 1693 cum
833 1632 951 1713 gladio
975 1631 1128 1692 iuuentus
1150 1641 1213 1691 est.
1258 1631 1321 1692 Hle
1343 1631 1422 1691 euim
1446 1651 1497 1692 eea
1520 1643 1668 1712 apparet,
1694 1634 1756 1694 hoe
1778 1645 1840 1706 est,

538 1722 757 1798 homicidium,
794 1727 850 1787 aed
877 1727 916 1786 de
947 1735 1076 1786 auctore
1108 1720 1277 1784 dubitetur.
1331 1724 1409 1786 Sunt
1431 1735 1461 1785 et
1493 1724 1622 1803 ‹lesplieis
1645 1725 1845 1788 coniecturae

538 1817 660 1896 speeies
680 1819 807 1898 plures:
832 1818 928 1900 prima
952 1839 1046 1902 quum
1069 1817 1193 1898 utrique
1214 1835 1247 1876 se
1269 1835 1343 1878 neos
1364 1817 1485 1881 dicento
1508 1821 1701 1891 consistunt,
1727 1830 1758 1879 et
1773 1809 1844 1880 assui

538 1909 617 1973 ditae
638 1909 867 1986 accusationes,
902 1913 980 1973 diuae
1007 1908 1222 1981 defensiones,
1258 1907 1377 1979 idest,
1415 1909 1659 1992 anticategoria,
1695 1923 1726 1974 et
1750 1911 1843 1974 iudici

497 2002 611 2064 talu-u
639 2025 852 2087 quemcunque
883 2007 1049 2075 damnare,
1084 2001 1169 2064 utin
1200 2002 1514 2066 haccontrouersia:
1555 2005 1607 2066 vir
1627 2002 1754 2084 fortis,
1790 2005 1844 2067 eui

539 2115 683 2160 nonercu
705 2109 804 2173 erut,
842 2097 994 2180 captione
1018 2095 1158 2178 nunptios
1177 2094 1324 2175 praesnti
1345 2095 1479 2158 ηοιηίηο
1501 2097 1707 2179 impetrauit.
1751 2099 1841 2164 otiu

537 2187 591 2250 uia·
601 2188 722 2280 fortis
743 2192 859 2254 ueneni
871 2191 1000 2274 siguis,·
1021 2210 1099 2255 reos
1117 2183 1305 2276 sefociunt
1321 2188 1477 2263 veneficii
1491 2189 1625 2271 captiva
1639 2201 1672 2252 et
1686 2211 1840 2254 noverea.

540 2282 681 2345 Secunda
715 2284 835 2364 species
863 2296 927 2358 eat,
966 2282 996 2346 iu
1025 2303 1087 2364 qua
1120 2301 1194 2344 rests
1226 2279 1315 2364 eligit
1336 2280 1468 2365 aliquem
1491 2283 1641 2346 facinoris
1663 2299 1837 2360 auctorem,

538 2384 639 2436 tumen
664 2374 741 2438 eitra
765 2374 971 2439 accusationis
993 2375 1188 2455 peniculum
1222 2386 1256 2436 ut
1279 2377 1328 2436 M.
1353 2375 1477 2438 'l'ullius
1500 2380 1683 2440 removendi
1705 2401 1721 2440 a
1745 2381 1840 2442 Sexto

497 2472 529 2522 2⁰
540 2468 660 2532 Roscio
689 2470 826 2540 enimiuis
855 2491 949 2535 catus
981 2468 1168 2548 Capitonem
1199 2481 1230 2530 et
1264 2467 1419 2551 Illuguum
1453 2483 1484 2532 et
1512 2469 1672 2533 Glauciam
1704 2474 1841 2556 designat

537 2560 690 2625 facinoris
711 2575 870 2626 essetoeea.
926 2563 1036 2626 'l'eetia
1056 2561 1179 2642 species
1202 2572 1267 2634 est,
1303 2560 1334 2622 iu
1364 2583 1424 2645 qua
1447 2562 1628 2644 quaeritur,
1666 2565 1719 2626 hic
1741 2577 1840 2627 tasto-

539 2666 651 2717 meuto
672 2655 885 2729 nominatus,
908 2676 955 2716 uu
975 2654 1050 2717 itte.-
1080 2652 1198 2723 oeueui
1218 2653 1304 2728 aiut,
1328 2675 1373 2715 uu
1394 2655 1608 2718 cruditatis?
1630 2657 1749 2735 Quarta
1773 2678 1840 2738 spe·

538 2746 605 2808 cies
626 2759 693 2822 est,
731 2751 762 2813 ln
784 2769 845 2831 qua
867 2758 999 2829 alterque
1021 2767 1039 2812 a
1061 2767 1094 2807 se
1116 2745 1233 2807 Iactum
1255 2765 1323 2808 esse
1346 2747 1541 2822 consistunt,
1577 2761 1610 2810 ut
1632 2747 1663 2810 iu
1687 2751 1747 2810 hae
1767 2771 1840 2812 eou-

539 2840 697 2903 troversia
709 2863 717 2904 ι
739 2853 912 2926 tyrannus
926 2839 1121 2921 auspicatus
1135 2851 1186 2900 est
1198 2837 1262 2901 sibi
1279 2860 1440 2902 uenenum
1461 2862 1484 2901 a
1498 2841 1625 2903 medico
1639 2863 1703 2904 suo
1716 2843 1843 2903 dottam:

497 2933 645 2996 statium
666 2935 832 3001 medicum
856 2932 1051 3002 aduocauit:
1086 2931 1142 2993 ille
1163 2930 1213 2996 nit
1233 2951 1358 2994 oeueuo
1377 2955 1454 2995 eum
1475 2934 1679 3016 namneticum,
1702 2947 1736 2996 et
1755 2934 1840 2995 unti-

538 3025 656 3089 eiotum
670 3029 844 3110 pollicitus
863 3028 955 3090 dedit
974 3025 1165 3108 potionem,
1188 3045 1256 3106 qua
1276 3037 1399 3106 epota,
1423 3037 1595 3110 tyrannus
1621 3027 1715 3089 obiit.
1760 3030 1839 3090 Am·

538 3119 658 3202 bigcmt
685 3121 806 3183 medici
829 3122 871 3184 de
897 3117 1068 3203 praemIo.
1126 3115 1178 3178 Fit
1206 3117 1386 3179 coniectura
1416 3129 1447 3179 et
1469 3140 1510 3180 ex
1532 3139 1591 3179 ιιιιι
1614 3130 1703 3198 parte
1726 3120 1837 3199 duplex

540 3226 592 3274 aut
614 3214 795 3295 multiplex,
833 3234 927 3297 quum
957 3214 1019 3282 tuo
1051 3220 1105 3279 aut
1125 3208 1218 3292 plisna
1245 3208 1373 3278 crimina
1395 3223 1560 3280 aestuatur
1580 3209 1727 3289 intendit,
1762 3232 1837 3298 quae

540 3307 689 3379 defensor
709 3316 813 3393 negat.
844 3294 865 3306 '⁸

499 3439 530 3492 st
1022 3430 1053 3502 §.
1076 3427 1109 3491 3.
1152 3423 1214 3490 DE
1237 3425 1359 3489 FINE.

626 3557 780 3642 sineque
801 3559 840 3620 te
862 3559 946 3622 Iacto
976 3579 1076 3642 neque
1098 3558 1136 3620 de
1157 3575 1292 3636 persona
1321 3575 1488 3640 negamus,
1511 3567 1673 3639 superest,
1708 3569 1744 3622 ut
1765 3580 1838 3622 eon·

488 3695 493 3714 .
540 3640 828 3717 iesai‘commiaiase
849 3673 907 3716 uos
929 3655 1014 3736 quod
1036 3649 1205 3723 obiicitur,
1243 3669 1390 3732 negemus
1412 3648 1463 3724 id,
1501 3671 1564 3732 quo
1587 3651 1753 3714 acciuntur
1776 3653 1839 3716 vult

540 3744 665 3810 nomine
687 3747 878 3823 vocandum,
913 3758 947 3808 ut
968 3746 1008 3808 sit
1029 3745 1112 3810 finis.
1157 3743 1219 3817 Ut,
1243 3741 1335 3808 dines
1357 3739 1486 3810 inimici
1501 3742 1668 3826 pauperie
1692 3755 1839 3830 statuum

540 3839 744 3910 verberavi&
775 3861 855 3902 reus
879 3851 930 3902 est
961 3839 1182 3902 iniuriarum.
1234 3827 1298 3898 Hie
1326 3836 1406 3896 euim
1436 3855 1499 3902 nou
1528 3846 1621 3920 negat
1652 3857 1669 3898 u
1699 3857 1732 3898 sc
1754 3838 1838 3898 dives

498 3935 625 4014 ttquod
648 3931 818 4000 intenditur
844 3931 981 4006 iactuum,
1005 3935 1059 3994 sed
1081 3930 1209 3994 differte
1231 3949 1265 3989 se
1287 3938 1409 4003 tuetur,
1441 3927 1552 4001 idest,
1585 3947 1646 3991 non
1669 3930 1750 3996 hanc
1773 3949 1839 3992 esse

539 4023 694 4098 iniuriam,
745 4025 870 4089 Diffocs
902 4024 983 4091 enim
1014 4037 1060 4086 est
1083 4021 1205 4094 oratio,
1243 4042 1322 4104 quae
1343 4021 1392 4097 id,
1431 4024 1518 4106 quod
1539 4020 1668 4097 delinit,
1707 4021 1841 4104 explieat

539 4118 615 4205 quid
635 4117 699 4189 sita
721 4130 753 4189 et
774 4119 844 4186 ideo
867 4118 897 4182 iu
920 4120 983 4183 hoc
1004 4118 1129 4181 nomine
1151 4115 1368 4180 controversia
1392 4126 1449 4190 est,
1474 4115 1555 4202 quia,
1578 4136 1674 4200 quum
1697 4119 1736 4178 de
1757 4115 1840 4178 iacto

539 4213 723 4286 conueniat,
759 4212 944 4298 quaeritur,
984 4233 1048 4296 quo
1072 4211 1119 4285 id,
1157 4211 1244 4293 quod
1264 4208 1381 4270 iactum
1405 4218 1470 4284 est,
1511 4209 1634 4272 nomine
1655 4208 1839 4290 appelletur.

541 4305 651 4369 Omnis
673 4307 813 4388 quaesti0
829 4305 947 4376 {initiet
970 4305 1017 4379 lit,
1041 4303 1186 4387 quotiens
1209 4303 1309 4386 aliqua
1332 4323 1382 4366 nes
1399 4324 1438 4364 ex
1459 4313 1549 4384 parte
1565 4301 1704 4382 perfecta
1721 4311 1778 4374 est,
1803 4323 1840 4362 ex

497 4409 630 4486 superte
651 4398 850 4488 impet-lecta,
895 4399 974 4472 Nam
996 4396 1023 4464 si
1044 4396 1085 4458 ait
1107 4395 1192 4464 osuni
1215 4406 1303 4478 parte
1325 4395 1482 4480 perlecta,
1506 4395 1588 4458 nulla
1604 4397 1663 4458 erit
1679 4394 1838 4480 quaestio:

627 4631 651 4678 5.
670 4631 771 4691 mulien]
789 4633 828 4675 su
840 4633 923 4686 eudes.
943 4633 1020 4676 Maius
1030 4633 1080 4678 siut
1091 4632 1231 4676 ιιιιιιιιιιι
1242 4629 1314 4676 endu
1325 4634 1413 4672 muter.
1428 4628 1474 4672 Οι.
1496 4625 1537 4676 tt.
1552 4625 1683 4686 l'a'esnrta'a
1692 4629 1841 4684 suppernati·

676 4708 715 4746 tue
732 4704 755 4746 iu
777 4701 837 4746 Coi.
886 4700 927 4745 22.
953 4703 1052 4744 Videtur
1072 4701 1224 4754 supplendum
1248 4700 1334 4760 signu.
1379 4698 1443 4744 Μιι.
1463 4699 1564 4744 Mullus:
1591 4699 1677 4742 saecum¹
1697 4699 1787 4757 signu,
1811 4711 1840 4742 ιιιι

675 4785 713 4816 er.
733 4772 780 4823 οι.
816 4772 876 4816 llud.
897 4771 977 4818 Coelen
995 4772 1087 4827 quidem
1105 4769 1175 4820 hebet
1192 4769 1306 4821 edituus,
1328 4781 1343 4810 u
1362 4769 1437 4823 puna
1462 4783 1533 4824 suuee
1550 4785 1573 4813 e.
1611 4767 1741 4823 (Sulpicius
1762 4767 1841 4812 Victor

675 4855 700 4898 p.
720 4837 780 4886 27³.
799 4843 857 4900 legit
874 4843 929 4887 Item
945 4839 1086 4884 cruditatis.
1105 4837 1165 4902 On)
1184 4835 1224 4882 23.
1245 4836 1392 4897 cunctatum]
1411 4841 1446 4886 lta
1464 4841 1524 4886 (led.
1544 4839 1622 4895 (Fert.
1642 4849 1698 4883 ease
1711 4836 1840 4897 conscensa

674 4910 861 4963 accentiatunt,
880 4908 941 4961 Οιι.)
979 4905 1020 4954 36.
1040 4909 1100 4957 ssot.
1120 4907 1222 4971 diffinit

611 5037 656 5088 27.
676 5031 754 5084 ilaue
772 5032 938 5088 uumtuatlm
959 5043 1039 5097 etque
1060 5027 1125 5082 allas
1146 5027 1280 5082 eiusmodi
1288 5067 1296 5094 ,
1323 5045 1391 5100 quae
1410 5043 1574 5100 sequuntur,
1595 5033 1795 5082 controuersias
1814 5031 1841 5080 ιιι

537 5110 640 5164 setona
660 5113 704 5180 aqi
722 5105 819 5160 solitas
839 5109 878 5169 ait
898 5107 1002 5157 Auctor
1021 5103 1122 5176 dialogi
1142 5101 1175 5156 ele
1196 5109 1284 5159 esusts
1305 5121 1376 5160 eurr.
1396 5107 1467 5176 eloq.
1487 5121 1547 5180 esp.
1568 5103 1686 5160 XXXV.
