4434 5959
576 594 637 661 tto
1117 601 1354 667 BOETHIUS

574 758 657 823 quae
677 738 707 801 iu
726 738 891 805 iudicando
913 741 1017 823 posita
1037 754 1101 821 cst,
1126 746 1277 827 quasdam
1298 741 1497 806 discernendi
1517 742 1645 827 regulas
1660 744 1886 822 subministrat,

575 843 605 893 et
630 846 765 904 vocatur
785 834 957 915 analytice:
985 850 1017 900 et
1039 839 1064 901 si
1086 840 1126 901 de
1148 838 1404 919 propositionum
1425 838 1570 901 itmctura
1592 837 1793 914 consideret,
1819 861 1888 901 ana·

574 928 669 1007 tytice
692 928 800 1009 prior3
831 929 856 991 si
888 950 965 993 vero
987 934 1026 993 de
1047 932 1127 1013 ipsis
1154 929 1389 995 inventionibus
1417 942 1550 1006 tractet,
1579 952 1618 993 ea
1648 930 1775 1014 quidem
1799 952 1886 1014 pars,

574 1021 626 1082 ubi
649 1023 687 1083 de
709 1022 921 1087 discernendis
943 1024 1129 1089 necessariis
1155 1026 1350 1106 argumentis
1377 1024 1509 1099 dicitur,
1541 1024 1695 1103 analytice
1726 1025 1888 1107 posterior

548 1124 789 1195 auuncupatur,
824 1136 858 1178 ea
889 1138 984 1193 vcro,
1021 1139 1104 1203 quac
1134 1122 1172 1181 de
1193 1118 1281 1182 salsis
1310 1130 1405 1202 atque
1427 1117 1653 1193 cavillatoriis,
1691 1118 1817 1194 idest,
1853 1121 1888 1181 de

572 1208 769 1289 sophisticis,
800 1210 934 1274 elenchi.
992 1212 1042 1277 De
1068 1212 1137 1275 veri
1163 1212 1307 1275 similium
1331 1232 1410 1275 vero
1431 1211 1741 1295 argumentationum
1770 1210 1887 1274 iudicio

572 1300 649 1363 nibil
669 1302 794 1364 videtur
816 1324 884 1365 esse
901 1315 1087 1383 tractatum,
1110 1305 1248 1382 idcirco,
1271 1305 1424 1390 quoniam
1440 1304 1534 1387 plana
1548 1314 1605 1367 est
1625 1316 1719 1387 atque
1742 1305 1888 1386 expedita

514 1418 520 1427 ·
571 1392 653 1457 ratio
676 1393 831 1457 iudicandi
854 1396 892 1459 de
912 1399 1097 1475 medietate,
1128 1421 1225 1484 quum
1246 1400 1317 1484 quis
1334 1410 1477 1463 extrema
1502 1398 1705 1483 cognoverit.
1750 1401 1788 1462 Si
1809 1398 1886 1462 enim

571 1490 640 1570 quis
656 1488 825 1553 diiudicare
848 1493 1022 1555 necessaria
1047 1492 1143 1569 sciat,
1167 1493 1312 1577 idemque
1332 1493 1486 1557 falsorum
1503 1501 1766 1577 arguumotorum
1788 1491 1888 1575 possit

529 1584 687 1645 ¹⁰habcrc
710 1581 872 1653 iudicium,
899 1585 1114 1659 verisimilia,
1138 1585 1266 1670 quaein
1287 1585 1391 1656 medio
1412 1586 1569 1650 collocata
1590 1596 1682 1659 stunt,
1705 1583 1885 1647 ducamen

569 1697 633 1738 non
659 1677 794 1745 laborat.
851 1678 1042 1758 Expeditum
1063 1677 1162 1763 igitur
1187 1691 1251 1756 cst,
1290 1692 1324 1743 ut
1345 1680 1508 1753 arbitror,
1543 1678 1617 1762 quid
1643 1677 1702 1751 sit,
1737 1680 1829 1761 quod
1846 1678 1886 1741 ait

569 1767 707 1842 Cicero,
743 1769 896 1832 rationem
920 1771 1100 1855 diligentem
1124 1774 1298 1836 disserendi
1322 1776 1398 1836 duas
1420 1774 1539 1835 babere
1557 1783 1683 1852 partes,
1707 1770 1885 1835 inveniendi

567 1882 679 1934 atnam,
705 1861 834 1924 alteram
857 1862 1026 1927 iudicandi.
1085 1866 1169 1930 lllud
1191 1868 1282 1930 etiam
1305 1866 1484 1952 diligentius
1507 1865 1690 1947 expositum
1717 1877 1786 1940 est,
1811 1885 1886 1947 quae

569 1954 608 2017 sit
629 1955 730 2032 ratio,
757 1976 849 2037 quam
866 1956 966 2020 Stoici
986 1958 1172 2022 dialecticen
1195 1970 1323 2024 vocant.
1368 1961 1416 2022 Ea
1440 1969 1488 2021 est
1508 1958 1609 2034 enim,
1635 1979 1716 2041 quae
1734 1955 1887 2021 iudicandi

526 2048 711 2131 ttperittau
735 2059 839 2123 tenet,
875 2061 906 2112 et
927 2072 1018 2133 quam
1041 2054 1152 2116 codem
1174 2052 1299 2117 nomine
1318 2053 1414 2117 Plato
1434 2050 1590 2133 partiendi
1613 2072 1671 2131 per
1695 2050 1887 2115 differentias

568 2155 662 2224 atque
685 2144 725 2205 ad
758 2162 859 2225 genus
887 2144 1058 2207 revocandi
1087 2143 1268 2210 facultatem
1304 2157 1416 2219 vocet,
1447 2165 1616 2226 quamque·
1629 2145 1742 2206 eodem
1766 2143 1886 2208 nominc

566 2235 761 2299 Aristoteles
795 2256 857 2299 uon
891 2246 987 2299 totam
1018 2240 1192 2302 disserendi
1217 2251 1337 2315 artem,
1377 2250 1411 2301 ut
1436 2238 1555 2311 Stoici,
1592 2238 1647 2299 sed
1674 2257 1744 2299 eam
1770 2250 1885 2300 tantum

566 2340 739 2413 nuncupet,
764 2351 846 2415 quae
865 2332 903 2392 de
923 2331 1089 2413 proposita
1106 2334 1292 2415 quaestione
1313 2331 1381 2394 veri
1399 2329 1554 2394 similibus
1566 2329 1700 2413 colligat
1718 2350 1884 2412 argomen-

567 2424 623 2485 tis:
655 2434 752 2508 atque
774 2422 846 2488 iden
869 2424 1039 2505 perfectius
1066 2416 1263 2490 Aristoteles
1286 2428 1326 2489 de
1347 2424 1452 2510 logice
1474 2423 1639 2498 tractavit,
1676 2425 1830 2507 quoniam
1850 2426 1884 2485 de

523 2526 556 2574 tto
567 2518 711 2591 duobus,
745 2516 931 2601 ultraquae
953 2518 1028 2581 nihil
1053 2529 1100 2580 est
1125 2518 1277 2595 tertium,
1302 2518 1465 2594 disseruit,
1496 2520 1535 2579 de
1558 2515 1746 2579 inveniendo
1769 2517 1883 2578 scilicet

567 2622 598 2673 et
620 2608 805 2684 iudicando,
830 2616 927 2692 qurum
942 2610 1042 2674 Stoici
1056 2610 1238 2676 inventione
1253 2614 1397 2697 neglecta
1417 2610 1614 2676 iudicationis
1629 2620 1749 2672 tautum
1769 2612 1882 2673 instru-

567 2713 670 2765 menta
690 2701 885 2765 tradiderint.
945 2703 1055 2786 Atque
1077 2704 1148 2769 idco
1171 2706 1238 2767 iore
1261 2725 1317 2769 eos
1338 2705 1484 2787 increpat
1510 2702 1652 2777 'l'ullius,
1679 2706 1835 2786 quoniam
1855 2704 1882 2765 id

567 2795 701 2858 maxime
716 2794 894 2879 reliquere,
917 2799 1004 2880 quod
1025 2807 1056 2859 ct
1071 2810 1181 2861 natura
1199 2798 1285 2880 prius
1309 2809 1341 2860 et
1359 2820 1418 2862 usu
1436 2786 1542 2879 podas
1564 2807 1650 2858 erat:
1675 2807 1792 2860 natura
1817 2797 1881 2879 qui·

570 2893 659 2966 dem,
684 2890 756 2972 quia
779 2888 848 2952 lieri
867 2910 931 2953 nnn
952 2902 1077 2972 potest,
1102 2903 1136 2953 ut
1155 2894 1193 2955 de
1212 2891 1397 2955 inventione
1411 2891 1586 2963 iudicetur,
1612 2889 1670 2951 uisi
1688 2888 1762 2969 ipsa
1777 2890 1881 2952 inven-

523 2984 611 3047 ²⁵tio
634 2983 721 3065 prius
743 2981 920 3059 exstiterit3
944 2986 982 3046 ad
997 3006 1086 3045 usum
1107 3005 1202 3060 vero,
1236 2983 1309 3069 quia
1332 2986 1428 3068 longe
1447 2982 1554 3067 utilius
1575 2993 1624 3046 est
1641 2983 1724 3045 nuda
1742 2994 1776 3045 et
1795 3003 1881 3064 prae·

567 3089 617 3141 ter
631 3088 730 3141 artem
749 3078 874 3159 prolata
894 3076 1080 3141 naturaliter
1095 3077 1278 3141 inventione
1292 3089 1472 3159 susceptum
1491 3096 1587 3158 saepe
1608 3074 1691 3137 tueri
1707 3077 1879 3157 negotium,

567 3192 658 3253 quam
680 3171 859 3234 inveniente
888 3172 950 3235 alio
974 3183 1093 3233 anutium
1120 3170 1222 3251 ipsum
1240 3170 1423 3255 inermeque
1445 3169 1541 3232 tacite
1568 3188 1697 3229 versare
1721 3167 1879 3231 iudicium.

566 3262 631 3327 Dat
654 3285 733 3327 vero
753 3264 877 3327 Tullius
898 3266 937 3328 dc
959 3275 1094 3346 utroque
1116 3264 1302 3327 sententiam
1328 3276 1360 3327 et
1392 3264 1434 3327 ait
1452 3284 1602 3326 summam
1623 3260 1743 3342 pariter
1768 3262 1879 3324 utilita-

566 3366 629 3418 tem
650 3356 681 3419 in
715 3368 853 3442 utroque
885 3357 1058 3421 consistere
1087 3368 1176 3419 etse
1202 3359 1241 3419 de
1268 3370 1419 3442 utraque,
1457 3356 1485 3419 si
1516 3358 1614 3419 otium
1646 3352 1764 3428 luerit,
1807 3356 1878 3417 velle

524 3450 556 3499 ³⁰
567 3449 737 3513 disserere.
794 3451 848 3514 Ab
872 3472 908 3515 ea
935 3463 1056 3525 autem,
1095 3471 1176 3534 quae
1197 3449 1288 3531 prior
1310 3462 1377 3524 est,
1411 3450 1532 3523 idest,
1560 3445 1761 3523 inventione,
1792 3468 1877 3531 quam

566 3542 695 3623 topicen
719 3543 871 3624 appellari
894 3544 1046 3619 diximus,
1071 3544 1255 3607 ordiendum
1276 3554 1379 3625 putat.

558 3719 621 3797 sd
650 3634 748 3719 (Cap.
783 3638 816 3701 2.
853 3644 885 3715 §.
910 3641 943 3701 7.
965 3672 1006 3684 -
1033 3658 1105 3719 cap.
1130 3636 1162 3700 2.
1195 3643 1227 3714 §.
1250 3638 1299 3718 8.)
1354 3640 1398 3701 tte
1428 3637 1539 3720 igitur
1564 3664 1606 3678 -
1634 3662 1676 3677 -·
1702 3632 1877 3724 -sncict

583 3742 595 3783 ι
622 3743 687 3784 ern.

651 3814 734 3877 Post
752 3814 935 3879 divisionem
952 3812 1076 3900 logicae
1091 3814 1293 3899 disciplinae,
1320 3836 1413 3899 quam
1436 3813 1618 3899 diligentem
1639 3808 1815 3876 disserendi
1832 3835 1877 3887 ra·

524 3916 555 3966 ³⁵
567 3907 682 3970 tionem
719 3928 789 3971 esse
817 3908 976 3983 delinivit,
1014 3911 1057 3972 de
1078 3910 1208 3990 topice,
1242 3929 1323 3995 quae
1344 3908 1522 3971 inveniendi
1544 3927 1595 3968 ars
1626 3924 1695 3967 csse
1719 3908 1875 3986 praedicta

565 4014 632 4075 est,
656 4001 807 4083 expedire
822 4002 995 4066 contendit.
1038 4003 1092 4066 Ac
1106 4002 1253 4083 primum,
1267 4003 1344 4087 quid
1358 4003 1516 4077 siutloci,
1540 3998 1676 4061 termino
1691 3997 1876 4063 delinitionis

564 4094 710 4169 includit,
737 4094 868 4178 eiusque
890 4094 984 4171 artis,
1008 4117 1089 4180 quae
1110 4095 1216 4176 topice
1239 4096 1371 4173 dicitur,
1396 4098 1455 4158 sub
1479 4090 1615 4174 exempli
1635 4093 1772 4175 quadam
1788 4092 1875 4157 clari·

565 4198 629 4251 tate
651 4186 853 4250 intentionem
877 4190 1032 4273 designat.
1077 4190 1138 4251 Est
1157 4190 1236 4253 euim
1257 4191 1377 4272 topices
1398 4191 1532 4254 intentio
1551 4194 1815 4269 argumentorum
1831 4185 1875 4247 fa·

565 4280 634 4343 cilis
656 4280 812 4344 inventio.
867 4284 943 4375 an
969 4282 1068 4367 igitur
1088 4282 1232 4347 invenire
1261 4286 1354 4347 docet
1376 4284 1500 4365 topice,
1538 4281 1626 4365 quod
1647 4287 1696 4339 est
1724 4279 1870 4342 naturalis

522 4374 702 4456 mingentii,
740 4377 795 4437 sed
816 4372 940 4439 lucilius
962 4375 1117 4439 invenire.
1177 4377 1289 4442 Omnis
1317 4376 1437 4462 quippe
1471 4399 1522 4440 ars
1548 4374 1687 4439 imitatur
1710 4383 1872 4447 naturam,

566 4480 661 4553 atque
684 4472 723 4529 ab
753 4470 812 4529 bac
834 4468 962 4532 materia
992 4481 1136 4551 suscepta
1165 4472 1307 4534 rationes
1335 4470 1403 4553 ipsa
1435 4471 1582 4554 viamque
1614 4466 1813 4544 contemnat,
1844 4477 1874 4528 ut

566 4582 661 4645 quum
687 4560 809 4625 facilius
837 4560 887 4636 id,
926 4566 1013 4646 quod
1046 4585 1096 4626 ars
1128 4585 1272 4649 quaeque
1302 4564 1476 4646 promittit,
1511 4576 1576 4628 tum
1602 4558 1780 4639 elegantius
1803 4559 1871 4623 liat:

565 4653 655 4716 velut
675 4652 827 4735 parietem
849 4664 974 4719 struere
1009 4657 1162 4721 naturalis
1184 4656 1301 4737 ingenii
1322 4669 1389 4732 est,
1427 4658 1483 4719 sed
1502 4669 1571 4720 arte
1593 4656 1627 4717 iit
1646 4654 1771 4717 melius.
1814 4654 1873 4717 Ar·

567 4757 746 4829 gementum
776 4747 859 4811 ratio
881 4759 946 4827 est,
983 4770 1063 4834 quae
1084 4750 1133 4813 rei
1154 4749 1267 4813 dubiae
1291 4748 1387 4815 faciat
1412 4749 1516 4813 iidem.
1560 4750 1666 4812 Multa
1687 4748 1770 4811 enim
1789 4755 1871 4818 sunt,

623 5000 666 5053 15.
686 5012 767 5065 quam
781 5026 798 5039 -
811 5021 830 5037 -
843 4997 991 5067 quamque}
1009 4994 1085 5049 Eius.
1106 4996 1184 5048 Bata.
1203 5024 1242 5039 -
1265 4995 1340 5067 quod
1356 5024 1375 5037 -
1394 5026 1411 5041 ·
1428 4995 1552 5066 pvsodque
1571 4996 1639 5048 Veri.
1658 4994 1747 5049 Paris.
1766 4996 1811 5052 26.
1827 5008 1872 5042 Ι·

565 5072 712 5138 luraltter]
744 5070 820 5123 Eine.
851 5074 917 5123 Ven.
939 5094 970 5111 -·
991 5071 1119 5125 naturali
1137 5075 1233 5130 cetesl.
1278 5076 1323 5138 27.
1343 5074 1446 5142 tacite]
1472 5071 1550 5127 Eine.
1569 5098 1607 5119 ι-
1625 5077 1653 5123 et
1671 5075 1790 5126 tutem
1807 5062 1869 5123 ΒΜ·

565 5144 612 5201 ll.
632 5152 769 5197 rationem
788 5152 877 5217 ipsam
897 5143 973 5197 Eine.
