4434 5959
919 580 1025 649 CAP.
1046 584 1162 655 XXV.
1640 584 1703 651 263

382 722 430 787 eis
458 720 610 787 invidiosa
640 740 702 789 nou
726 724 879 810 mitigaria
900 728 1120 802 extenuando,
1155 732 1210 792 sed
1232 730 1388 793 laudando
1410 742 1442 793 et
1463 730 1626 793 efferendo
1655 730 1701 791 in·

384 816 557 881 vidiosiora
572 815 713 892 ¹feceris,
736 819 762 882 si
784 818 816 883 in
837 821 981 884 homines
1004 844 1096 886 caros
1120 822 1275 887 iudicibus
1297 824 1478 896 inveharis;
1501 824 1527 885 si
1550 846 1609 906 qua
1628 823 1702 885 vitia

386 922 441 973 aut
462 911 660 975 incommoda
689 912 749 975 sint
776 914 806 976 in
828 912 948 990 iudice,
973 917 1159 981 adversario
1180 918 1206 981 si
1228 918 1455 998 exprobraris;
1487 918 1515 979 si
1536 940 1632 999 quum
1655 918 1701 977 di·

386 1026 440 1068 oas
463 1008 504 1067 ab
525 1007 626 1069 altero
649 1006 769 1082 laesus,
801 1008 886 1071 litem
910 1021 993 1072 tuam
1017 1012 1236 1092 persequaris,
1260 1032 1385 1073 caussam
1406 1012 1581 1094 relinquas.
1618 1010 1702 1088 Quid

384 1100 411 1162 ai
433 1098 509 1181 ipsis
531 1101 722 1181 argumentis
749 1101 895 1183 posueris
918 1102 1108 1188 aliquidaut
1130 1117 1238 1187 aperte
1260 1105 1374 1168 falsum
1404 1116 1457 1165 aut
1480 1105 1521 1178 ei,
1545 1107 1633 1187 quod
1654 1105 1728 1165 ιιι-ι

387 1194 475 1257 xenis
497 1194 678 1257 dicturusve
700 1196 756 1269 sis,
781 1196 1000 1258 contrarium?
1035 1196 1120 1276 Quid
1144 1198 1264 1260 multa?
1285 1198 1385 1262 ornaris
1407 1217 1482 1258 cura
1504 1220 1573 1259 esse
1595 1200 1701 1271 debet,

386 1299 441 1362 ut,
466 1289 492 1350 si
516 1289 589 1368 quid
613 1290 716 1373 possis
738 1290 832 1364 boni,
857 1311 970 1355 causae
993 1290 1127 1355 efficias:
1149 1292 1196 1355 sin
1219 1294 1337 1365 nunus,
1361 1302 1464 1364 certe,
1490 1303 1522 1353 ut
1545 1302 1586 1351 art
1609 1292 1701 1353 Mar-

388 1404 445 1445 cus
468 1384 613 1457 Tullius,
650 1384 793 1468 nequid
813 1384 918 1447 maii:
953 1384 1025 1469 quia
1059 1385 1135 1448 nibil
1166 1387 1289 1468 turpius
1320 1386 1420 1449 videri
1443 1392 1567 1465 potest,
1608 1404 1700 1463 quam

386 1500 482 1561 quum
505 1478 645 1541 oratoris
669 1477 755 1542 dieto
778 1498 925 1543 sermone
946 1479 1170 1561 consequitur,
1195 1478 1334 1551 ,occidit
1355 1480 1573 1560 susceptum.”
1596 1477 1702 1539 Excr-

386 1571 496 1635 citatio
525 1572 672 1635 invenilis
700 1572 832 1635 uberior
853 1584 884 1635 et
905 1572 1117 1637 abundantior
1140 1594 1209 1637 esse
1231 1576 1342 1649 debet,
1381 1572 1454 1654 quia
1477 1572 1605 1632 rosaltum
1627 1570 1700 1632 iude
1717 1578 1746 1626 ιι

385 1684 517 1749 quoque
537 1664 626 1737 anni,
652 1668 779 1729 multum
802 1666 885 1729 ratio
905 1664 1036 1729 timebit.
1083 1669 1193 1741 Vota,
1217 1666 1262 1729 ait
1283 1667 1334 1729 Μ.
1355 1664 1498 1737 Tullius,
1521 1686 1558 1727 se
1576 1662 1701 1751 efferat

385 1758 422 1821 ira
445 1758 656 1822 adolescente
666 1757 889 1851 fecunditas.
933 1757 1060 1821 Audeat
1083 1781 1164 1841 ergo
1187 1762 1264 1821 baec
1285 1771 1371 1823 aetas
1387 1759 1479 1838 plura
1502 1768 1533 1820 et
1548 1757 1699 1820 inveniat.

386 1852 413 1913 F
416 1853 495 1915 acite
518 1852 687 1916 remediiun
710 1866 756 1914 est
773 1852 927 1916 ubertati:
951 1853 1069 1917 sterilia
1089 1855 1177 1917 utillo
1193 1855 1310 1917 labore
1335 1851 1514 1916 vincuntur.
1568 1850 1616 1913 Sit
1631 1851 1700 1913 elo·

386 1966 504 2028 quens,
530 1968 592 2009 non
620 1958 721 2009 tamen
747 1946 894 2011 disertus.
945 1947 1035 2011 Inter
1068 1946 1219 2009 disertum
1242 1960 1344 2009 autem
1363 1958 1394 2009 et
1416 1947 1615 2027 eloquentem
1639 1946 1702 2006 boc

385 2040 535 2114 interest,
575 2043 662 2124 quod
684 2060 753 2107 etim
775 2040 886 2102 statuit
908 2040 971 2103 Ma
986 2039 1111 2103 'l'nilius
1133 2063 1201 2103 esse
1223 2042 1392 2113 disertum,
1427 2038 1481 2125 qui
1505 2038 1605 2118 possit
1626 2038 1701 2099 satis
1715 2054 1744 2101 ts

385 2143 476 2197 acute
499 2147 592 2217 atque
615 2132 750 2197 dilucide
773 2155 814 2197 ex
837 2131 994 2197 communi
1016 2138 1148 2213 quadam
1171 2136 1323 2216 opinione
1345 2135 1470 2209 dicere,
1501 2134 1699 2215 eloquentem

385 2248 487 2300 vero,
511 2228 566 2309 qui
590 2227 760 2291 mirabilius
783 2247 820 2287 ac
843 2227 1089 2311 magnificentius
1105 2247 1223 2309 augere
1237 2241 1332 2307 atquc
1348 2248 1483 2302 ornare,
1508 2248 1588 2312 quae
1605 2228 1699 2289 velit:

385 2321 439 2406 qui
462 2320 627 2392 distincte,
665 2320 718 2401 qui
742 2318 921 2400 explicate,
951 2321 1005 2404 qui
1026 2323 1238 2395 abundanter,
1269 2322 1324 2405 qui
1346 2322 1518 2384 illuminate
1541 2331 1571 2382 ct
1595 2322 1700 2383 verbis

384 2426 416 2475 et
438 2417 534 2476 rebus
557 2425 587 2475 et
609 2413 639 2475 in
662 2412 727 2493 ipsa
752 2412 897 2477 oratione
926 2414 1016 2498 quasi
1044 2418 1200 2498 quendam
1227 2437 1389 2478 numerum
1412 2436 1602 2499 versumque
1623 2438 1700 2477 cou-

384 2510 498 2582 bcere;
535 2508 653 2591 quique
676 2506 718 2569 ita
741 2520 832 2589 aptus
854 2528 922 2569 esse
944 2507 1064 2589 possit,
1090 2520 1124 2571 ut
1146 2512 1241 2571 rebus
1264 2519 1296 2571 et
1318 2510 1461 2590 personis
1483 2520 1701 2593 congruenter
1712 2512 1743 2562 ²⁰

369 2604 602 2665 accommodet
625 2601 798 2683 eloquium.
850 2601 946 2664 Amet
972 2602 1093 2665 laudem
1116 2602 1239 2666 iuvenis
1261 2623 1472 2686 magnumque
1494 2602 1573 2664 sciat
1596 2601 1700 2664 multis

385 2696 561 2759 tacentibus
583 2696 684 2759 solum
708 2694 819 2758 audiri.
864 2696 946 2759 Natu
971 2694 1042 2759 licet
1064 2697 1132 2779 ipsa
1157 2696 1264 2758 vitisun
1279 2696 1320 2758 sit
1338 2696 1491 2769 ambitio,
1515 2696 1701 2777 frequenter

385 2802 486 2853 tamen
516 2810 608 2853 causa
641 2790 789 2851 virtutum
821 2800 880 2852 est.
932 2790 1071 2865 Orator,
1110 2789 1166 2874 ciii·
1189 2810 1315 2869 semper
1344 2788 1376 2851 in
1397 2788 1491 2851 multa
1514 2790 1700 2852 celebritate

384 2884 551 2947 vivendum
583 2896 649 2956 est,
687 2901 869 2944 assuescere
898 2882 1124 2947 exercitatione
1156 2884 1289 2946 maxime
1317 2884 1412 2945 debet
1444 2880 1504 2944 iaus
1527 2886 1568 2945 ab
1591 2885 1700 2945 adole·

383 2976 586 3049 scentiauon
610 2976 818 3040 reformidare
842 2974 983 3038 homines
1007 2997 1110 3060 neque
1132 2977 1188 3039 illo
1210 2976 1320 3039 labore
1335 2974 1479 3038 solitario
1502 2976 1699 3039 delitescere.
1712 2984 1744 3031 ts

384 3074 489 3152 Qirttm
513 3072 592 3134 enirn
617 3071 762 3133 omnibus
784 3070 923 3133 oratoris
946 3070 1061 3151 opibus
1080 3070 1179 3131 fueris
1195 3068 1385 3141 instructus,
1410 3068 1578 3151 plurimum
1598 3081 1700 3130 tamen

384 3168 467 3229 salet
496 3164 589 3228 animi
620 3166 827 3246 praestantia,
867 3184 959 3245 quam
991 3184 1048 3224 nee
1079 3174 1179 3224 metus
1206 3164 1334 3245 frangat
1362 3184 1421 3225 nec
1459 3165 1541 3225 ultra
1573 3164 1699 3226 modum

384 3259 563 3323 reverentia
585 3262 736 3321 retardet.
787 3258 875 3321 Siout
898 3255 977 3318 enim
1001 3256 1207 3319 abominanda
1228 3267 1301 3318 siant
1322 3253 1480 3319 contraria
1505 3256 1599 3330 vitia,
1622 3278 1701 3321 con-

384 3354 510 3417 fidentia
542 3366 573 3415 et
602 3353 761 3415 temeritas
795 3363 826 3415 et
859 3350 1035 3431 inprobitas
1064 3360 1096 3411 et
1129 3348 1327 3432 arrogantia,
1363 3349 1406 3412 ita
1434 3350 1501 3413 sine
1523 3351 1701 3415 constantia

383 3447 461 3510 nibil
483 3446 635 3519 studium,
661 3446 736 3511 nibil
761 3446 923 3525 proiectus
946 3442 1012 3524 ipse
1035 3441 1212 3524 proluerit3
1242 3454 1275 3505 ut
1296 3444 1324 3508 si
1345 3446 1401 3507 des
1422 3466 1508 3506 arma
1531 3445 1645 3507 timidis
1669 3449 1744 3507 et³t

382 3540 574 3603 imbellibus.
633 3540 691 3603 Est
722 3559 802 3623 ergo
841 3536 1028 3605 verecundia
1063 3536 1187 3599 interim
1217 3533 1374 3611 aduersa,
1413 3537 1582 3618 multisque
1603 3558 1699 3601 carisa

382 3634 455 3710 suit,
491 3646 524 3696 ut
546 3636 629 3697 boua
664 3633 789 3717 ingenia
815 3630 981 3713 studiaque
1013 3629 1074 3692 situ
1108 3634 1244 3713 quodam
1274 3632 1389 3695 secreti
1421 3644 1697 3707 consumerentur.

383 3729 432 3791 Ne
462 3737 553 3807 putes
583 3747 600 3790 a
633 3748 681 3788 me
712 3726 901 3807 probitatem
923 3723 1102 3804 repudiari,
1141 3729 1197 3787 sed
1220 3727 1460 3799 verecundiam,
1496 3747 1576 3807 quae
1600 3726 1698 3809 longe

381 3820 488 3884 differt
511 3832 605 3903 atque
626 3820 762 3883 discreta
786 3831 846 3882 est.
892 3820 971 3880 Nam
995 3818 1139 3899 quidest
1163 3818 1372 3896 verecundia,
1393 3840 1486 3901 quarn
1510 3818 1605 3883 timor
1626 3818 1699 3900 qui·

380 3918 451 3979 darn
473 3916 630 3978 reducens
651 3914 785 3976 animum
807 3915 847 3973 ab
870 3913 939 3985 bis,
964 3933 1044 3991 quae
1066 3910 1209 3974 facienda
1225 3914 1321 3975 stunt?
1342 3914 1420 3975 lude
1435 3913 1594 3975 conlusio.
1618 3912 1699 3989 Quis
1711 3931 1743 3977 ss

381 4024 482 4073 autem
505 4008 624 4070 dubitet
647 4006 731 4070 vitiis
753 4006 911 4069 ascribere
928 4006 1072 4067 affectum
1091 4005 1309 4086 prohibentem
1326 4007 1451 4077 lacere,
1475 4008 1563 4091 quud
1585 4007 1697 4066 debeat

380 4104 473 4167 beri?
497 4104 609 4183 Neque
631 4122 696 4183 ego
717 4100 742 4162 is
764 4120 851 4173 siim,
884 4100 937 4181 qui
960 4097 1054 4160 nolim
1078 4118 1168 4173 erran,
1199 4098 1253 4181 qui
1274 4098 1315 4160 sit
1336 4100 1494 4173 dicturus,
1525 4111 1556 4161 et
1577 4098 1698 4161 sollici-

378 4211 446 4261 tum
463 4217 595 4279 surgere
617 4205 649 4258 et
671 4194 783 4256 colore
805 4190 937 4262 innitaris
961 4212 1041 4275 quae
1064 4191 1090 4253 si
1115 4214 1180 4254 non
1195 4192 1392 4265 acciderent,
1417 4196 1507 4255 etiam
1524 4193 1697 4255 aintulanda

381 4300 491 4355 erant:
515 4292 569 4353 sed
593 4290 707 4351 sentiat
730 4284 903 4367 periculum
929 4284 1022 4357 volo,
1049 4306 1113 4348 nou
1133 4288 1317 4348 succumbat
1340 4308 1399 4349 nec
1419 4284 1579 4348 concidat.
1633 4286 1698 4348 Set

381 4404 516 4467 prorsus
544 4382 661 4464 optima
684 4392 778 4461 atque
801 4376 961 4461 potissima
991 4388 1039 4440 est
1062 4380 1213 4441 aduersus
1236 4379 1443 4442 verecundiae
1468 4379 1576 4441 vitium
1599 4378 1741 4441 medi-⁴⁰

381 4477 450 4541 cina
474 4475 599 4539 fiducia.
643 4473 818 4539 Excitanda
842 4492 876 4533 ea
901 4482 933 4531 ct
954 4472 1125 4534 attollenda
1152 4494 1277 4553 semper
1299 4485 1365 4548 est,
1389 4494 1470 4560 quae
1492 4473 1522 4537 in
1541 4472 1698 4535 eiusmodi

380 4567 510 4633 secretis
533 4569 763 4653 languesceret.
815 4564 935 4627 Deinde
957 4586 1052 4647 quum
1076 4566 1267 4646 proterenda
1288 4578 1360 4629 siant
1382 4569 1504 4640 studia,
1528 4566 1643 4649 caligat
1665 4566 1698 4627 iu

363 4663 448 4741 ⁴sole
477 4674 508 4725 et
539 4662 641 4725 omnia
672 4682 754 4724 nova
778 4657 927 4732 offendit,
963 4670 994 4721 et
1018 4663 1102 4742 qiioil
1125 4660 1211 4724 solus
1234 4664 1439 4736 exercuerit,
1478 4662 1558 4725 inter
1580 4660 1696 4724 multos

1099 4790 1455 4803 ’.ο--ι--η-...ι

444 4866 490 4915 12.
519 4872 553 4915 lta
577 4872 656 4983 fqodes
687 4884 728 4926 per
753 4882 785 4924 o,·
815 4872 840 4913 at
869 4870 1015 4927 antiquiores
1042 4878 1179 4917 consuatur
1208 4871 1366 4921 adulescens.
1414 4872 1455 4925 il.
1485 4878 1519 4923 tta
1549 4878 1611 4927 coa.
1645 4894 1698 4929 aras

523 4942 602 4987 otiu.

474 5070 500 5121 Β·
522 5062 562 5115 De
578 5064 633 5115 Or.
654 5061 688 5115 ll.
710 5064 755 5118 75.

455 5140 500 5197 li·
520 5140 561 5193 Da
581 5138 631 5193 Or.
651 5140 672 5193 Ι.
691 5143 736 5195 21.
