4434 5959
545 569 609 635 380
1089 569 1324 637 BOETHIUS

545 724 599 776 aut
624 710 762 794 speciem
789 712 889 794 ipsam
917 710 1072 775 intuentes
1104 731 1236 794 eamque
1265 710 1317 774 alii
1345 723 1566 796 comparantes
1602 714 1641 775 de
1674 713 1862 779 excellentia

517 806 692 870 ,indicium
714 809 839 882 damus3
873 819 927 870 ant
947 806 1025 869 illud
1046 807 1301 900 consideramus,
1332 806 1409 889 quid
1429 827 1481 870 res
1501 825 1645 893 quaeque
1665 807 1769 890 possit
1792 809 1864 870 effi-

544 921 617 964 cere
644 912 675 964 et
695 899 728 963 in
757 911 905 983 quantum
934 899 1002 964 eius
1022 901 1125 983 possit
1145 901 1298 984 progredi
1327 912 1455 974 natura;
1484 911 1539 963 aut
1561 921 1602 964 ex
1623 901 1758 964 aliorum
1779 924 1863 986 quo·

544 997 713 1058 dammodo
740 993 934 1058 continentia
963 1004 995 1056 et
1023 1015 1064 1057 ex
1092 993 1357 1057 circumstantium
1380 994 1549 1058 affectione
1570 1016 1655 1072 rem,
1693 1016 1787 1080 qnam
1810 995 1864 1058 alii

520 1088 754 1165 econlerimus,
778 1090 947 1152 intuemur.
991 1090 1136 1153 Numero
1158 1087 1257 1171 igitur
1279 1109 1359 1171 quae
1382 1099 1627 1170 comparantur,
1652 1089 1678 1152 si
1693 1111 1735 1152 ex
1750 1092 1863 1152 eodem

481 1185 486 1192 ’
545 1183 608 1246 sint
622 1202 759 1266 genere,
782 1185 874 1265 plura
888 1183 1096 1265 paucioribus
1119 1193 1372 1264 anteponuntur,
1399 1182 1502 1260 velut,
1527 1184 1554 1247 si
1575 1186 1656 1247 bona
1678 1185 1784 1248 omnia
1801 1184 1864 1246 sint

546 1276 707 1359 aequalia,
730 1277 800 1339 iure
823 1277 957 1362 quisque
978 1277 1069 1359 plura
1093 1278 1176 1338 bona
1198 1274 1403 1357 paucioribus
1427 1277 1604 1359 anteponit.
1646 1279 1692 1340 Et
1714 1290 1763 1340 est
1785 1280 1866 1342 baec

461 1400 471 1416 ·
545 1372 681 1435 maxima
707 1373 906 1453 propositio:
941 1373 1041 1435 Plura
1063 1373 1148 1435 bona
1171 1369 1376 1450 paucioribus
1399 1382 1646 1454 anteponuntur.
1689 1373 1734 1434 Et
1754 1369 1789 1434 in
1810 1393 1865 1436 ce-

545 1465 623 1529 teris
657 1485 785 1548 quoque
806 1469 914 1528 eadem
935 1465 1020 1529 ratio
1041 1463 1234 1547 perspicitur
1263 1463 1466 1526 maximarum
1489 1464 1759 1546 propositionum.
1818 1466 1866 1529 At

504 1577 536 1627 to
546 1559 573 1622 si
594 1559 700 1624 omnia
720 1558 752 1621 in
774 1560 937 1624 contrario
959 1560 1020 1622 sint
1041 1577 1177 1643 genere,
1208 1557 1380 1640 pluralitati
1402 1558 1543 1640 pancitas
1565 1559 1776 1641 praeferenda
1799 1571 1865 1634 est,

547 1665 581 1716 ut
602 1673 702 1735 pauca
725 1655 804 1718 mala
826 1653 971 1736 pluribus
994 1651 1102 1726 malis;
1136 1650 1216 1714 mala
1244 1671 1323 1714 vero
1345 1649 1415 1733 ipsa
1438 1651 1531 1716 bonis
1553 1651 1641 1716 nullo
1663 1655 1760 1718 modo
1783 1674 1864 1717 con·

471 1827 476 1837 ¹
544 1747 702 1812 feruntur.
755 1747 844 1828 Quae
867 1748 946 1811 enim
967 1746 1034 1810 ullo
1057 1747 1152 1809 modo
1175 1755 1439 1825 compensantur,
1463 1745 1495 1808 in
1517 1747 1722 1830 eodemstsse
1744 1767 1864 1829 genere

546 1845 683 1916 debent,
720 1863 786 1904 non
815 1843 846 1904 in
876 1839 1050 1905 contrario.
1110 1840 1191 1901 Nam
1221 1859 1316 1921 quum
1345 1841 1509 1902 adversum
1538 1862 1572 1902 se
1602 1841 1761 1904 cornaria
1792 1853 1863 1904 ete

545 1939 680 2022 regione
701 1935 806 1998 locata
827 1947 917 2010 sunt,
948 1932 1088 1998 conlerri
1111 1933 1354 2016 compararique
1377 1954 1439 1996 non
1463 1945 1614 2015 possunt,
1639 1931 1712 2017 quia
1735 1933 1796 1998 sibi
1817 1934 1866 1996 in·

503 2030 735 2114 tatelliguntnr
758 2050 826 2093 esse
847 2027 984 2091 inimica.
1028 2029 1090 2093 Est
1117 2026 1208 2106 etiarn
1232 2030 1400 2090 secundnm
1425 2049 1588 2090 numerum
1611 2028 1811 2110 comparatio
1832 2028 1865 2090 in

454 2114 457 2121 ’
545 2122 701 2204 temporis
737 2143 867 2207 quoque
899 2123 1035 2185 ratione.
1092 2123 1175 2184 Nam
1206 2142 1300 2204 quum
1327 2132 1450 2203 tempus
1473 2123 1568 2186 certis
1590 2122 1777 2206 quibusdam
1791 2144 1867 2204 spa·

546 2216 599 2279 tiis
621 2216 802 2291 dividatur,
827 2217 915 2278 velut
936 2218 1059 2289 borae,
1082 2215 1162 2292 diei,
1188 2215 1301 2278 mensis
1324 2229 1418 2300 atque
1442 2217 1531 2280 anni:
1557 2237 1598 2280 ex
1620 2214 1807 2299 aequalibus
1828 2235 1866 2278 ea

546 2311 647 2395 magis
676 2310 821 2394 eligenda
857 2321 951 2384 sunt,
989 2329 1070 2394 quae
1102 2307 1281 2372 diuturnius
1308 2322 1534 2391 perseverant3
1571 2311 1658 2393 quod
1679 2310 1711 2372 in
1733 2330 1866 2372 numero

546 2405 685 2486 positum
707 2424 778 2468 esse
799 2404 902 2467 nullus
925 2403 1068 2489 ignorat.
1124 2404 1198 2484 Ipsa
1220 2402 1302 2466 eninr
1324 2403 1510 2468 diuturnitas
1538 2403 1692 2486 plurimos
1721 2425 1792 2467 esse
1816 2415 1868 2478 re]

502 2511 537 2562 tt
548 2498 614 2560 dies
647 2498 699 2563 vel
727 2519 850 2561 menses
879 2498 931 2560 vel
961 2519 1060 2561 annos
1093 2496 1229 2573 fatetur,
1268 2497 1382 2582 quibus
1404 2501 1497 2562 duret
1517 2498 1572 2574 id,
1614 2499 1702 2581 quod
1723 2494 1865 2582 eligitur.

545 2593 665 2676 Longe
679 2592 771 2655 etiam
787 2603 960 2676 pervagata
982 2595 1065 2655 bona
1088 2590 1229 2676 angustis
1252 2603 1282 2655 et
1303 2591 1335 2654 in
1356 2613 1450 2654 noum
1472 2591 1630 2654 minimum
1651 2591 1758 2654 locum
1773 2611 1869 2654 coar-

546 2684 620 2748 tatis
642 2686 764 2750 nurucri
793 2688 1031 2768 comparatione
1063 2688 1268 2767 praecedunt.
1318 2687 1399 2748 Nam
1421 2707 1501 2769 quae
1524 2687 1620 2771 longe
1641 2684 1768 2768 lateque
1791 2706 1869 2766 per-

548 2791 663 2864 vagata
685 2792 775 2853 sunt,
812 2801 848 2844 ea
871 2780 900 2842 in
923 2780 1073 2861 plurimas
1096 2791 1207 2864 gentes
1228 2778 1442 2864 regionesque
1473 2780 1585 2842 diffusa
1607 2787 1702 2852 snot;
1732 2779 1868 2860 plurali·

547 2883 596 2935 tas
619 2895 699 2940 vero
722 2875 889 2938 cuiuslibet
909 2872 958 2938 rei
980 2895 1143 2936 numerum
1166 2884 1299 2953 spectat.
1354 2873 1421 2935 laur
1446 2893 1545 2948 vero,
1568 2871 1748 2956 exquibus
1771 2873 1866 2954 plura

504 2981 537 3030 2⁵
548 2981 770 3052 propagantur
799 2972 906 3045 bona,
944 2968 1015 3051 quis
1043 2989 1109 3031 non
1140 2965 1258 3028 iudicet
1286 2987 1356 3030 esse
1384 2966 1518 3030 meliora
1546 2965 1610 3042 iis,
1647 2986 1786 3048 quorum
1818 2979 1866 3028 est

438 3059 443 3066 ’
547 3060 642 3144 inops
663 3066 821 3127 bonorum
851 3063 1108 3146 contractiorque
1138 3059 1340 3123 fecunditas?
1384 3061 1463 3142 Quis
1485 3059 1578 3122 ctiam
1600 3061 1738 3135 bonnam,
1778 3063 1867 3144 quod

546 3156 655 3238 plures
675 3155 854 3233 imitentur,
879 3170 913 3219 ut
934 3156 1071 3232 iaciant,
1102 3153 1237 3229 ceteris,
1262 3174 1346 3238 quae
1363 3153 1407 3218 ita
1430 3175 1494 3217 non
1515 3154 1593 3230 sint,
1619 3153 1780 3217 excellere
1803 3175 1866 3217 noo

550 3249 751 3313 arbitretur?
779 3245 875 3330 Quod
896 3251 927 3314 iu
950 3270 1082 3313 numero
1105 3258 1253 3312 constare
1275 3249 1344 3331 quis
1365 3248 1502 3324 nesciat,
1528 3251 1654 3331 quaudo
1677 3248 1708 3310 in
1731 3269 1865 3312 numero

548 3343 711 3423 pluralitas
734 3344 883 3408 constat?
918 3344 1031 3427 Specie
1053 3363 1132 3406 sero
1154 3355 1399 3423 comparantur,
1431 3364 1510 3427 quae
1532 3363 1592 3424 per
1613 3362 1647 3406 se
1668 3342 1738 3424 ipsa
1762 3342 1866 3405 consi·

506 3453 539 3503 to
551 3438 657 3500 derata
689 3459 765 3501 suae
795 3441 1028 3523 quodammodo
1058 3436 1298 3518 pulchritudinis
1331 3437 1443 3501 merito
1482 3436 1595 3500 ceteris
1630 3435 1864 3499 anteferuntur.

550 3531 688 3595 Meliora
712 3533 793 3594 enim
814 3545 903 3608 sunt,
927 3555 1008 3614 quae
1028 3553 1088 3613 per
1108 3551 1161 3606 sc,
1186 3552 1277 3614 quam
1300 3552 1380 3616 quae
1402 3544 1536 3613 propter
1559 3531 1642 3594 aliud
1657 3540 1865 3612 expetuntur,

549 3625 649 3688 veluti
670 3626 770 3702 salus,
806 3648 888 3710 quae
909 3648 969 3708 per
990 3648 1023 3689 se
1046 3625 1225 3707 expetitur,
1250 3625 1400 3688 medicina
1423 3635 1559 3707 propter
1580 3626 1728 3688 salutem.
1775 3623 1867 3704 Quo·

548 3717 633 3781 circa
670 3717 784 3783 melior
812 3730 861 3782 est
888 3721 972 3783 salus
1001 3741 1093 3803 qnam
1127 3719 1290 3782 medicina.
1350 3720 1460 3803 Atque
1484 3721 1560 3783 haec
1581 3740 1645 3782 non
1667 3719 1707 3780 ad
1728 3717 1865 3802 aliquem

547 3833 711 3875 nnmerum
732 3833 792 3876 uec
813 3825 977 3893 postremo
1000 3816 1040 3874 ad
1061 3813 1195 3896 aliquam
1218 3813 1439 3895 quantitatem,
1471 3816 1525 3877 sed
1547 3816 1586 3876 ad
1607 3813 1705 3894 ipsam
1728 3810 1865 3892 speciem

505 3906 657 3970 assaturis
690 3929 728 3968 ac
765 3907 939 3973 medicinae
974 3906 1257 3971 considerationem
1289 3909 1466 3971 relerentes
1498 3907 1646 3971 iudicium
1678 3905 1865 3986 promimus.

536 4000 606 4063 ttta
636 4021 778 4092 quoque,
819 4022 898 4083 quae
926 4001 1030 4064 innata
1061 4013 1154 4083 atque
1183 4001 1274 4063 insita
1308 4012 1397 4077 sunt,
1432 4001 1599 4083 assumptis
1628 4011 1659 4063 et
1681 3997 1864 4062 adventiciis

545 4094 677 4159 meliora
705 4093 899 4159 iudicantur:
937 4098 1020 4158 unde
1040 4093 1146 4157 innata
1167 4095 1308 4160 moribus
1331 4095 1470 4180 gravitas
1495 4097 1592 4180 longe
1615 4093 1712 4178 [plns]
1736 4091 1865 4155 excellit

546 4209 602 4264 ea,
634 4209 715 4273 quae
735 4210 795 4271 per
816 4189 1021 4254 imitationem
1043 4189 1220 4252 affectatur.
1272 4190 1403 4273 lutegra
1426 4190 1517 4252 etiam
1539 4187 1647 4271 potius
1670 4208 1765 4272 quam
1788 4207 1864 4250 con·

545 4282 691 4346 taminata
714 4283 856 4347 melioris
878 4283 1023 4346 iudicium
1045 4283 1164 4345 ferrent.
1210 4283 1290 4346 Nam
1315 4304 1394 4367 quae
1416 4281 1540 4367 integra
1563 4292 1655 4355 strot,
1678 4303 1769 4346 snam
1792 4303 1863 4364 spe·

503 4376 624 4453 euclem
646 4389 792 4450 serrant3
821 4397 902 4459 qrtae
924 4376 1135 4440 contaminata
1158 4367 1346 4460 sumatque
1375 4397 1416 4438 ex
1437 4377 1542 4460 aliqua
1565 4387 1657 4457 parte
1679 4375 1808 4452 vitiata,
1838 4375 1864 4438 si

546 4491 608 4553 qua
630 4470 722 4533 etiam
743 4471 865 4546 inerat,
903 4469 1021 4552 speciei
1042 4470 1306 4552 pulchritudinem
1328 4467 1545 4551 perdiderunt.
1600 4469 1743 4532 Iucunda
1765 4471 1863 4534 arsinus

547 4563 687 4626 lucrandis
710 4560 840 4627 meliora
862 4564 1037 4630 communis
1060 4563 1200 4627 omnium
1223 4563 1397 4626 animalium
1420 4573 1531 4625 natura
1547 4560 1707 4626 diiudicat.
1752 4565 1864 4629 Hone-

545 4668 594 4720 sta
614 4656 743 4719 utilibns
766 4659 921 4739 sapientes
944 4667 1158 4740 anteponunt;
1192 4655 1351 4737 proclivia
1372 4656 1542 4720 laboriosis
1565 4655 1717 4720 anteferri
1738 4657 1793 4722 illa
1815 4679 1863 4720 res

545 4761 717 4824 monstrat,
749 4753 836 4834 qnod
857 4772 950 4816 neruo
972 4754 1011 4814 ad
1034 4752 1165 4814 eundern
1194 4750 1287 4812 finem
1310 4771 1368 4831 per
1390 4751 1583 4815 laboriosam
1606 4761 1701 4834 atquc
1718 4771 1861 4834 asperam

503 4843 627 4917 saviam
660 4846 788 4908 tendere
820 4846 944 4926 eripiat,
983 4846 1023 4907 ad
1044 4863 1136 4927 quem
1158 4843 1262 4925 possit
1283 4843 1422 4925 proclivi
1443 4842 1591 4928 facilique
1615 4843 1726 4908 itinere
1748 4865 1863 4930 perre-

620 5063 647 5116 7.
665 5059 787 5128 que'sqne]
808 5055 886 5109 Eine.
906 5079 943 5096 -·
960 5058 1104 5125 quisquam
1123 5049 1192 5108 Edd.
1213 5053 1259 5110 24.
1279 5053 1391 5128 questro]
1405 5055 1493 5110 Parit.
1507 5083 1541 5098 -·
1552 5071 1605 5126 quo
1623 5058 1719 5110 ceteri.
1739 5059 1786 5118 58.
1799 5053 1862 5128 plin
1952 5109 1953 5128 ,

548 5134 661 5187 recellit
680 5150 714 5184 ee
732 5133 818 5186 Parte.
837 5151 874 5171 -
892 5131 1009 5203 ampllss
1028 5129 1142 5182 excellit
1161 5145 1223 5182 eam
1242 5133 1338 5185 cererl.
