4434 5959
556 584 597 656 tt
907 598 910 607 ’
1064 586 1348 658 vlcToRutth

555 733 627 815 plus
652 728 850 817 intelligitur.
894 727 1055 814 Quidquid
1076 729 1176 794 minus
1197 751 1215 792 a
1236 731 1350 812 pleno,
1375 729 1472 794 minus
1490 729 1686 818 intelligitur.
1730 733 1855 798 Verum

556 830 643 908 quad
655 827 725 908 plus
740 838 799 902 est,
821 824 986 908 dupliciter
994 824 1065 906 plus
1080 836 1139 900 est,
1162 835 1215 886 aut
1229 824 1259 886 in
1274 845 1325 900 eo,
1343 824 1396 887 uhi
1407 827 1516 890 modus
1531 838 1589 904 est,
1607 840 1659 890 aiut
1673 827 1704 890 io
1718 827 1855 894 infinito.

557 922 602 986 Et
625 919 697 984 ideo
722 919 838 983 addidit
861 931 988 1003 praeter
1007 918 1099 992 illud,
1121 919 1208 998 qrtod
1230 916 1326 992 dixit,
1349 917 1410 980 alii
1425 920 1542 1000 plures
1562 919 1856 986 existimauerunt.

638 1015 733 1084 illam
743 1012 906 1097 Gorgias,
919 1011 1030 1096 iuquit,
1049 1012 1245 1085 Leontinus,
1257 1010 1512 1094 antiquissimus
1511 1009 1601 1102 fere
1609 1015 1736 1088 rhetor,
1749 1018 1859 1080 omni·

527 1107 618 1172 alsus
635 1106 790 1170 derebus
805 1118 980 1170 oratorem
990 1105 1117 1187 optime
1127 1126 1227 1187 posse
1242 1104 1351 1168 dicere
1364 1105 1584 1169 existimauit.
1606 1106 1671 1170 Hic
1679 1107 1857 1187 infinitam

553 1211 589 1264 et
605 1199 806 1262 immensam
823 1199 903 1262 huic
923 1197 1078 1276 artifieio
1099 1197 1277 1261 materiam
1301 1197 1463 1263 subiicere
1483 1197 1628 1280 videtur]
1672 1201 1764 1286 Erga
1792 1202 1853 1282 illi,

556 1292 611 1379 qui
632 1291 662 1356 in
680 1293 820 1377 pluribus
836 1292 1024 1356 rhetoricam
1045 1289 1204 1354 materiam
1223 1289 1432 1368 constituunt,
1456 1291 1706 1356 exhortationem
1728 1305 1760 1358 et
1776 1315 1857 1360 con·

452 1388 455 1398 '
554 1386 741 1450 solationem
763 1385 793 1449 in
818 1407 923 1449 rerum
949 1385 1117 1471 generibus
1145 1395 1282 1467 ponunt,
1306 1383 1338 1446 id
1360 1395 1425 1460 est,
1455 1383 1495 1474 io·
1509 1383 1639 1448 materia
1662 1386 1855 1453 rhetoricae.

555 1481 619 1543 Sed
644 1479 714 1563 quia
735 1490 848 1544 orator
878 1479 909 1541 io
938 1477 1023 1541 cirili
1052 1477 1172 1541 ratione
1196 1489 1355 1552 versatur,
1392 1478 1567 1542 consolatio
1589 1497 1690 1559 porro
1709 1479 1856 1561 privato·

513 1583 624 1635 ttrum
644 1583 707 1650 est,
741 1571 901 1636 consolari
922 1571 1013 1634 amici
1033 1583 1081 1634 est
1103 1571 1208 1652 potius
1231 1592 1323 1655 quana
1344 1569 1500 1635 oratoris:
1546 1570 1667 1636 Deinde
1686 1571 1760 1656 qnia
1780 1574 1857 1638 offi-

554 1665 637 1728 cium
659 1665 797 1730 oratoris
827 1676 875 1728 est
903 1667 1093 1747 persuadere
1124 1663 1279 1738 dictione,
1316 1664 1495 1727 exhortatio
1523 1663 1591 1728 sire
1613 1665 1790 1731 dehortatio
1816 1670 1857 1730 ad

554 1757 713 1822 materiam
734 1781 796 1824 non
819 1758 975 1841 pertinent
998 1757 1148 1822 oratoris.
1200 1759 1303 1839 Οιιιιιιι
1326 1756 1405 1820 enim
1431 1758 1601 1835 exhortor,
1626 1756 1703 1820 nihil
1723 1779 1857 1840 persua·

554 1855 631 1930 deo,
654 1856 712 1918 sed
733 1854 890 1919 volentem
911 1850 1045 1937 aliquid,
1069 1861 1104 1914 ut
1126 1851 1224 1937 magis
1245 1851 1339 1928 velit,
1362 1851 1496 1936 instigo:
1518 1863 1548 1923 et
1573 1873 1666 1935 quum
1688 1856 1855 1932 dehortor,

553 1947 713 2010 nolentem
734 1945 851 2031 aliquid
872 1967 935 2010 non
956 1957 1031 2009 tuuc
1054 1945 1188 2028 primum
1213 1947 1410 2029 persuadeo,
1434 1956 1469 2007 ut
1484 1944 1578 2020 nolit,
1602 1941 1676 2019 sed,
1699 1956 1733 2028 ut
1754 1946 1856 2030 magis

512 2040 650 2116 tsnotir,
672 2039 804 2124 instigo.
847 2042 940 2124 Ergo
967 2039 1145 2103 necessario
1167 2037 1419 2102 exhortationem
1441 2047 1471 2100 et
1498 2036 1743 2103 consolationem
1774 2040 1857 2102 Tul.

553 2133 614 2197 lius
637 2154 654 2197 a
677 2133 804 2197 materia
822 2132 1000 2200 rhetoricae
1019 2134 1095 2196 artis
1117 2132 1288 2215 separavit.
1329 2130 1410 2195 Item
1433 2129 1498 2205 illi,
1535 2129 1587 2215 qui
1611 2150 1663 2192 res
1688 2132 1856 2214 pauciores

552 2227 731 2290 rhetoricae
753 2229 901 2290 materiae
922 2227 1082 2302 tribuunt,
1120 2223 1441 2290 demonstrationem
1460 2223 1585 2287 tollunt.
1638 2223 1756 2288 Dicant
1773 2227 1855 2292 enim

553 2317 585 2382 in
606 2319 895 2384 demonstratione
920 2319 997 2382 nihil
1024 2321 1214 2401 persuadere
1240 2330 1400 2384 oratorem
1427 2319 1536 2402 (quum
1561 2336 1598 2379 re
1619 2337 1695 2382 vera
1722 2339 1855 2401 persna-

553 2412 656 2489 deat):
679 2415 735 2476 sed
758 2413 853 2476 falso.
910 2414 990 2475 Nam
1011 2435 1105 2496 quium
1127 2413 1260 2495 aliquem
1287 2411 1497 2493 vituperamus
1521 2411 1588 2474 sive
1611 2409 1789 2489 laudamus,
1807 2427 1852 2478 at

511 2512 545 2564 tu
554 2506 639 2588 apud
655 2527 763 2570 omnes
781 2506 851 2570 talis
868 2508 1037 2581 habeatur,
1060 2505 1184 2588 qualem
1202 2508 1463 2579 demonstramus,
1487 2501 1553 2566 sine
1574 2501 1669 2566 dubio
1683 2510 1856 2586 persuade·

553 2618 635 2661 mus.
676 2599 770 2683 Ergo
794 2596 911 2664 Cicero
932 2598 1137 2663 Aristotelem
1165 2608 1290 2661 secutus
1318 2596 1470 2679 triplicem
1499 2594 1656 2658 materiam
1686 2618 1754 2662 esse
1779 2600 1856 2666 dicit

555 2691 695 2757 aratoris
717 2691 834 2766 nlhcii;
865 2690 1183 2770 demonstrativam,
1217 2690 1484 2762 deliberatiuam,
1515 2689 1720 2757 iudicialem.
1764 2693 1856 2775 [Duo

553 2806 635 2870 ergo
656 2786 861 2869 requiruntur
879 2790 918 2849 ad
940 2786 1097 2848 materiam
1119 2783 1211 2847 huius
1238 2783 1331 2846 artis:
1369 2785 1492 2866 primo,
1526 2784 1614 2870 quod
1635 2782 1674 2845 sit
1697 2784 1729 2846 in
1750 2787 1856 2869 publi·

553 2879 600 2944 cis
617 2880 736 2956 caussis,
755 2893 820 2963 'per
839 2882 926 2964 quand
947 2881 1082 2944 excludo
1099 2875 1347 2942 consolationem
1362 2888 1393 2941 et
1410 2877 1678 2950 exhortationem
1700 2883 1853 2960 secundo,

509 2976 641 3059 2⁵quod
660 2972 701 3036 sit
723 2995 792 3036 num
818 2985 973 3037 certarum
995 2992 1201 3055 personarum
1223 2970 1488 3053 interpositione]
1521 3003 1524 3016 v
1543 2971 1605 3034 Sed
1630 2969 1686 3034 has
1708 2973 1855 3038 materias

552 3067 584 3131 in
608 3067 742 3150 publicis
766 3067 867 3134 nausis
887 3066 1051 3132 constituit
1075 3064 1174 3148 iisqne
1198 3084 1349 3146 personas
1378 3077 1480 3128 certas
1502 3061 1624 3126 tribuit.
1668 3066 1776 3147 Quare
1796 3067 1855 3132 has

552 3171 619 3223 tres
639 3181 690 3223 res
712 3161 852 3224 delinivit
871 3159 903 3223 ia
925 3160 1009 3223 civili
1032 3158 1162 3244 negotio
1183 3156 1302 3238 positas
1319 3177 1388 3219 cum
1404 3169 1508 3220 certae
1531 3155 1758 3240 significatione
1779 3181 1856 3242 per·

551 3272 661 3319 sonae.
716 3253 976 3318 Demonstratio
1004 3263 1071 3326 est,
1103 3251 1221 3333 inquit,
1258 3261 1371 3313 certae
1391 3271 1561 3331 personae
1581 3263 1643 3314 aaut
1662 3255 1756 3329 laus,
1792 3263 1857 3316 arat

552 3345 768 3428 uituperatio.
813 3344 1022 3409 Deliberatia
1037 3354 1107 3418 est,
1130 3341 1250 3425 inquit,
1272 3364 1358 3426 puae
1374 3342 1493 3426 posita
1517 3343 1554 3407 in
1569 3344 1714 3428 publicis
1740 3347 1857 3412 catasis

511 3447 544 3497 tt
552 3437 752 3501 assertionis
781 3457 865 3500 suae
891 3435 1093 3500 sententiam
1116 3434 1210 3498 dicit.
1253 3435 1428 3500 iudicialis
1455 3447 1525 3513 est,
1563 3435 1681 3524 inquit,
1711 3458 1797 3522 miae
1816 3439 1856 3502 in

551 3529 679 3595 indicio
699 3530 789 3596 ciuili
811 3529 929 3612 posita
952 3529 1021 3592 duo
1044 3527 1136 3612 agit,
1164 3539 1227 3590 aut
1244 3541 1384 3594 acernae
1406 3541 1468 3594 aut
1487 3530 1591 3614 petit:
1626 3542 1762 3609 eontra,
1792 3544 1855 3596 aaut

552 3620 711 3713 defendit
726 3635 786 3686 arat
805 3633 921 3706 negat.

633 3716 729 3780 Nam
747 3715 899 3802 Gorgias
927 3717 1114 3787 Leontinus
1134 3717 1391 3802 antipraissimus
1404 3713 1494 3809 sere
1514 3719 1644 3801 rhetor]
1693 3717 1757 3782 Hie
1779 3739 1853 3782 ora-

550 3807 754 3872 toremdixit
773 3808 918 3873 omnibus
944 3811 1098 3874 derebus
1120 3809 1238 3893 optime
1260 3831 1355 3893 posse
1376 3809 1498 3874 dicere:
1522 3810 1574 3894 quui
1592 3813 1640 3890 (ut
1660 3810 1854 3889 ridemus)a

504 3902 646 3984 *sspleuo
665 3901 817 3978 excessit,
841 3923 904 3965 non
924 3899 957 3964 iu
979 3900 1026 3976 id,
1052 3904 1139 3987 quod
1162 3905 1256 3966 hahet
1279 3906 1423 3980 modum,
1447 3906 1502 3966 sed
1526 3905 1557 3967 io
1576 3902 1741 3966 infinitum.
1786 3904 1853 3969 De-

551 3992 644 4079 nique
665 3996 727 4059 huc
744 3995 812 4076 ipse
835 3993 952 4059 Cicero
975 3995 1133 4062 ostendite
1155 3997 1220 4060 Hie
1242 3997 1436 4075 definitam,
1459 3995 1580 4082 iuquit,
1604 4008 1638 4062 et
1653 3997 1853 4062 immensam

549 4090 628 4152 haic
648 4089 804 4168 artificio
825 4089 1005 4153 materiam
1025 4089 1188 4153 subiicere
1208 4089 1354 4153 uidetur.

633 4183 834 4248 Aristoteles
848 4195 980 4258 autem,
1003 4182 1062 4267 prii
1080 4183 1158 4246 husie
1172 4181 1241 4244 arti
1256 4182 1408 4264 plurima
1425 4181 1623 4246 adiumenta
1638 4193 1739 4268 atqua
1753 4203 1856 4247 orna·

550 4287 665 4340 menta
691 4277 972 4357 subministravit]
1014 4278 1108 4352 Duo,
1147 4296 1226 4358 quae
1252 4275 1374 4338 oratori
1403 4273 1534 4337 maxime
1563 4287 1635 4338 sunt
1660 4275 1853 4352 necessaria,

508 4382 540 4433 to
550 4367 742 4434 Aristoteles
763 4371 847 4434 circa
862 4371 1064 4434 'scribendam
1089 4380 1186 4432 artem
1210 4367 1314 4442 dedit,
1337 4368 1550 4432 inventionem
1572 4380 1604 4431 et
1625 4367 1852 4433 elocutionem.

549 4462 771 4528 Adiumeatnm
802 4463 884 4527 eninr
914 4467 952 4528 de
980 4461 1162 4528 inventione
1195 4461 1298 4525 venit:
1336 4473 1573 4537 ornamentum,
1598 4463 1637 4524 de
1663 4461 1854 4526 elocutione.

548 4557 612 4619 Hic
633 4578 714 4642 ergo
743 4557 926 4622 Aristotelis
956 4558 1139 4621 sententiam
1168 4555 1322 4639 sequitur.
1379 4557 1460 4618 Nam
1492 4553 1670 4617 rhetoricae
1693 4553 1854 4617 materiam

548 4648 703 4732 triplicem
725 4650 905 4727 constituit,
930 4650 1247 4724 demonstrativam,
1271 4648 1544 4722 deliberatiuam,
1568 4646 1773 4710 iudicialem.

548 4743 670 4825 ἰ’-25.
688 4769 755 4820 Duo
771 4785 842 4834 ergo
860 4799 879 4811 -
897 4799 916 4811 -
934 4771 1155 4839 interpositione]
1177 4767 1264 4820 llabet
1284 4768 1355 4820 haec
1378 4767 1428 4821 cd.
1443 4769 1506 4820 aa.
1531 4765 1636 4820 thanat
1654 4765 1688 4818 ab
1709 4763 1779 4819 Edd-
1798 4766 1852 4820 Oa.

621 4847 667 4902 51.
689 4850 740 4894 nat
760 4845 884 4911 massae]
905 4847 935 4896 ta
956 4857 1038 4897 causa
1060 4841 1188 4896 videlicet
1207 4841 1342 4915 capitali,
1359 4847 1415 4898 tite
1432 4845 1461 4896 la
1480 4846 1610 4909 materia,
1629 4855 1658 4894 nt
1673 4839 1753 4912 vulgo
1767 4844 1856 4910 aiunt,

547 4917 695 4972 criminali.
716 4918 796 4972 Care.

619 4990 692 5046 lhtd.
711 4998 763 5043 eut
777 4995 863 5063 petit]
884 4995 915 5044 ln
935 4994 1050 5046 materla
1069 4994 1245 5064 pecuniaria,
1265 4997 1320 5046 sive
1340 4990 1383 5064 (ut
1403 4991 1599 5056 stannatum.
1619 4989 1701 5046 cur.

536 5069 540 5076 '
619 5069 665 5125 55.
682 5070 812 5134 suescit]
835 5067 882 5120 Slc
901 5063 950 5120 cd.
968 5066 1032 5121 Bas.
1054 5067 1094 5120 St.
1116 5065 1176 5120 ΔΜ.
1197 5095 1231 5108 -
1251 5067 1358 5120 excidit
1377 5065 1463 5142 Capp.
1482 5063 1535 5122 01.

619 5142 665 5198 tt.
682 5139 752 5212 1110]
772 5139 820 5196 ste
838 5138 888 5200 (id.
907 5143 971 5196 Bas.
991 5141 1031 5196 St.
1050 5139 1104 5196 Διά
1134 5169 1172 5184 -
1190 5139 1232 5194 hu
1251 5143 1337 5216 Capp.
1356 5139 1410 5196 On.
