4434 5959
545 615 606 679 166
1050 615 1335 682 victorimus

543 752 727 819 adversario
736 765 954 839 argumentum
966 775 1076 830 suram,
1097 752 1130 819 in
1142 777 1207 838 qtro
1220 755 1273 818 ille
1283 753 1408 838 posuits
1428 754 1558 840 scripta
1572 765 1705 821 tantum
1719 753 1853 822 iudices

542 849 637 932 sequi
655 849 792 921 debera·
812 855 906 932 quum
922 859 954 911 et
968 850 1019 911 hie
1033 851 1148 912 docere
1166 849 1308 929 coeperit
1329 847 1361 911 in
1378 849 1496 932 scripto
1512 871 1579 913 esse
1598 849 1734 934 aliquid,
1758 851 1850 934 qsrod

542 941 646 1023 prosit
668 942 696 1005 ei
720 943 892 1021 voluntati,
916 964 1007 1026 quiam
1031 941 1266 1024 interpretatur,
1310 941 1470 1005 Postremi
1491 955 1563 1006 sum
1578 941 1639 1006 loci
1654 965 1850 1016 communes,

433 1078 437 1086 ·
543 1036 597 1119 qui
625 1034 705 1099 sumi
733 1046 883 1116 poterunt
911 1056 952 1098 ex
983 1035 1124 1116 partibus
1157 1032 1383 1114 assumptivae
1413 1034 1606 1116 qualitatiss
1638 1037 1723 1119 qsiod
1750 1057 1851 1117 supra

518 1125 689 1197 ediximus.
734 1129 856 1191 Verum
879 1127 939 1191 erit
960 1127 1111 1210 proprius
1133 1125 1220 1189 locrus
1244 1125 1328 1198 eius,
1363 1126 1416 1207 qni
1439 1128 1555 1209 scripta
1576 1127 1730 1192 defendit:
1753 1129 1852 1210 leges

543 1244 590 1284 erc
613 1245 647 1287 se
664 1221 810 1304 intelligi
835 1222 972 1296 dedere,
996 1243 1065 1285 non
1089 1243 1136 1282 ecc
1155 1218 1302 1296 utilitate
1325 1218 1622 1300 interpretantium
1629 1243 1640 1292 ,·
1661 1220 1770 1283 deinde
1785 1220 1850 1283 erit

542 1315 639 1377 altere
662 1312 887 1397 nidlllegibus
908 1315 1021 1379 carius
1037 1335 1109 1377 esse
1129 1312 1265 1374 debere:
1286 1323 1317 1373 at
1337 1331 1415 1374 vero
1434 1325 1526 1374 erum
1546 1313 1598 1376 alii
1620 1314 1683 1377 looi
1705 1335 1851 1384 commu-

542 1428 597 1469 nes
615 1407 698 1482 eius,
736 1408 790 1490 qui
811 1428 845 1469 se
867 1408 1028 1470 volumtate
1048 1405 1204 1469 defendit:
1235 1408 1327 1486 leges
1347 1404 1383 1466 in
1405 1404 1548 1468 consilio
1572 1406 1751 1488 scriptoris
1771 1429 1850 1470 ease

541 1511 574 1562 et
591 1500 739 1562 utilitate
759 1498 949 1562 communi:
970 1499 1098 1570 deinde,
1122 1497 1301 1580 indignum
1325 1519 1397 1560 esse
1417 1497 1621 1580 aequitatem
1638 1501 1747 1564 laetis
1765 1521 1852 1582 pre-

499 1603 531 1653 1⁰
541 1595 686 1654 mere'et
713 1613 857 1674 urgere,
891 1612 995 1675 quum
1020 1592 1175 1675 nequitae
1199 1592 1311 1674 magis
1335 1594 1504 1656 voluntate
1525 1604 1704 1664 cer-natare
1731 1611 1772 1654 ex
1796 1591 1848 1654 his

539 1685 634 1761 loeis,
658 1707 740 1768 qssos
758 1697 823 1749 tr'es
845 1685 877 1751 in
892 1685 1061 1766 partitione
1082 1706 1177 1765 snpra
1199 1684 1324 1770 posuit:
1347 1695 1378 1746 et
1401 1684 1499 1766 accipi
1517 1705 1661 1758 causam,
1685 1695 1717 1746 et
1737 1683 1768 1745 in
1784 1684 1849 1746 hae

539 1779 611 1864 lege
632 1777 744 1860 accipi,
771 1789 802 1847 et
829 1779 911 1845 hanc
941 1797 1066 1840 caussam
1095 1775 1209 1858 accipi.
1253 1777 1381 1859 Repetit
1409 1799 1466 1858 per
1487 1776 1789 1860 anacephalaeosin
1811 1776 1848 1839 in

539 1871 741 1937 conclusione
764 1882 830 1933 tres
851 1871 940 1946 iilos,
965 1892 1046 1955 quos
1061 1870 1091 1939 in
1112 1870 1279 1952 partitione
1302 1870 1377 1952 poni
1399 1870 1488 1933 locos
1509 1871 1608 1934 dixit:
1632 1881 1663 1932 et
1682 1891 1740 1950 pro
1762 1867 1848 1932 scri·

538 1977 595 2048 pto
618 1975 650 2026 et
670 1975 779 2030 eontra
805 1963 956 2045 scriptum
981 1976 1034 2029 aut
1055 1985 1095 2026 ex
1124 1963 1245 2044 scripto
1275 1983 1337 2026 non
1365 1963 1514 2044 scriptum
1533 1963 1660 2047 aliquod
1674 1962 1845 2038 inducere,

498 2067 529 2114 st
538 2057 571 2119 id
596 2068 662 2129 est,
685 2055 897 2141 syllogistice
918 2067 1065 2121 tractare.

621 2148 736 2232 ριιιιιιι
755 2150 933 2232 aeqremate-
945 2171 1052 2214 eausa
1068 2149 1273 2222 abundabit,
1296 2150 1489 2214 necessario
1505 2151 1649 2214 maltum
1666 2147 1848 2232 proficiet]

538 2240 592 2306 Fit
613 2255 644 2303 et
666 2243 716 2302 hio
738 2241 919 2318 conclusio,
943 2253 1030 2307 utet
1050 2243 1092 2317 is,
1117 2241 1171 2326 qui
1193 2263 1227 2305 sc
1249 2242 1411 2307 voluntate
1433 2242 1587 2315 defendit,
1612 2262 1741 2323 operam
1764 2244 1843 2318 det,

538 2345 572 2396 nt
593 2334 695 2416 ipsum
716 2334 868 2415 scriptum
889 2356 950 2417 pro
965 2357 999 2398 se
1020 2336 1131 2410 faciat]
1157 2335 1206 2399 vei
1221 2337 1368 2421 ambiguo
1384 2336 1489 2421 aliquo
1503 2337 1698 2418 reprehenso
1714 2339 1816 2400 verbo
1832 2359 1844 2400 e

538 2426 589 2488 vel
611 2425 742 2501 ceteris,
776 2438 808 2488 ut
831 2448 893 2491 oon
916 2429 1078 2492 voluntate
1098 2442 1235 2504 tantum,
1265 2429 1431 2492 sedetiam
1458 2430 1577 2512 scripto
1600 2427 1655 2490 niti
1678 2427 1843 2493 videatura

495 2533 528 2584 tt
538 2521 795 2604 quemadmodum
818 2519 863 2582 iili
884 2519 943 2601 ipsi
963 2542 1080 2603 supra,
1105 2522 1159 2607 qui
1180 2543 1214 2586 se
1236 2521 1357 2603 scripto
1379 2523 1533 2596 defendit,
1558 2521 1598 2584 ita
1620 2533 1844 2604 praeceperat,

537 2624 656 2676 utnon
678 2615 745 2679 sois
775 2615 873 2678 verba
903 2615 1160 2696 amplecteretur,
1194 2617 1249 2680 sed
1280 2615 1370 2678 etism
1392 2615 1557 2696 scriptoris
1579 2616 1759 2678 ostenderet
1782 2635 1845 2678 vo·

536 2706 700 2770 irrotatem.

618 2799 702 2863 Loci
721 2810 834 2862 amem
855 2820 1048 2862 communes
1065 2799 1168 2865 certis
1186 2823 1232 2863 ece
1254 2800 1474 2881 assumptionis
1485 2801 1643 2882 partitus
1657 2800 1692 2863 in
1708 2811 1844 2862 utram-

535 2915 599 2978 que
616 2907 753 2976 partem
769 2892 978 2974 convenient]
1021 2895 1065 2957 Ut
1085 2905 1138 2955 aut
1158 2903 1402 2958 rentooeat-eut
1422 2904 1610 2976 compenset
1629 2904 1683 2957 aest
1703 2891 1844 2982 reserat

493 2995 588 3051 ttaut
609 2988 784 3051 concedat.

616 3083 677 3145 Ec'e
697 3079 882 3144 contrariis
899 3091 1014 3144 autem
1036 3079 1168 3163 legibus
1185 3079 1417 3144 controversia
1438 3081 1607 3155 noscitur,
1630 3099 1734 3164 qmcm
1749 3077 1842 3142 inter

534 3173 679 3240 aeduae
700 3175 857 3239 uidentur
877 3177 970 3257 leges
989 3185 1051 3236 aut
1067 3177 1186 3254 plures
1207 3173 1416 3256 discrepare]
1459 3174 1508 3237 De
1532 3171 1684 3258 legalibus
1706 3185 1843 3236 contro·

534 3266 644 3333 vet-siis
675 3268 767 3337 tertia
795 3279 862 3343 est,
894 3287 974 3351 quiae
1001 3286 1041 3328 ex
1062 3266 1232 3330 contrariis
1254 3265 1378 3348 legibus
1403 3277 1539 3330 constat.
1583 3267 1662 3328 Nam
1685 3265 1841 3330 dictaret

534 3358 738 3444 ambiguitas:
776 3360 858 3424 diota
888 3361 982 3423 etiam
1013 3361 1255 3434 controversia,
1294 3379 1374 3441 quae
1410 3371 1533 3421 constat
1562 3379 1604 3421 ex
1632 3359 1773 3440 scripto,
1804 3371 1842 3422 et

491 3463 523 3513 3ο
536 3453 708 3517 volumtate.
763 3452 951 3517 Contrarias
973 3472 1052 3515 vero
1074 3451 1163 3535 leges
1185 3473 1266 3513 niuno
1287 3455 1365 3514 durae
1386 3463 1472 3525 sum,
1505 3471 1585 3517 nunc
1606 3452 1731 3533 pierres,
1755 3475 1841 3516 uiroc

441 3552 446 3563 '
533 3565 613 3610 rane:
636 3545 662 3608 si
683 3545 801 3626 duplex
822 3558 870 3610 est
891 3549 1089 3629 (quammram
1117 3543 1207 3606 etiem
1229 3564 1289 3606 una
1312 3544 1444 3626 simplex
1465 3545 1569 3608 facere
1600 3545 1686 3628 leges
1708 3557 1840 3610 contra-

533 3638 594 3701 rias
616 3641 734 3720 potest)
757 3650 788 3700 et
811 3659 874 3700 uam
895 3638 1012 3720 duplex
1033 3636 1109 3699 facit
1131 3638 1218 3721 leges
1241 3637 1435 3714 contrarias,
1466 3660 1561 3719 qurum
1585 3658 1739 3718 serapam
1765 3637 1841 3700 niti·

531 3751 586 3803 tur
611 3731 690 3816 legis
722 3742 835 3812 parte,
866 3731 963 3805 altera
992 3751 1103 3794 rursus
1131 3733 1190 3794 alin
1220 3731 1298 3816 legis
1328 3742 1419 3814 parte
1451 3731 1576 3794 dimicat
1606 3744 1637 3794 et
1665 3745 1839 3817 repsrgnat.

532 3825 629 3904 Apud
659 3825 806 3891 rhetores
834 3834 882 3888 est
912 3824 971 3887 ista
1006 3824 1243 3890 controversiae
1273 3828 1389 3907 Rapta
1423 3825 1571 3908 raptoris
1602 3837 1745 3890 martem
1773 3839 1840 3890 aut

490 3917 703 3984 ssindotatas
731 3917 868 4000 nuptias
889 3926 1002 3999 optet,·
1038 3928 1073 3980 ut
1092 3928 1182 3999 rapte
1207 3939 1266 3980 nna
1289 3930 1379 4000 parte
1401 3917 1516 3986 nitatur
1537 3939 1575 3980 ae
1596 3918 1678 3981 dicat
1699 3929 1839 3982 mortem

530 4032 565 4074 se
586 4022 699 4094 optare
720 4013 838 4076 debere
859 4010 1015 4093 raptoris3
1048 4010 1148 4080 alters
1170 4011 1292 4093 nuptias
1314 4007 1457 4086 inducat,
1491 4031 1528 4074 ac
1547 4011 1625 4080 liant
1646 4011 1734 4095 leges
1754 4031 1838 4076 eoo-

603 4265 647 4322 10
667 4271 705 4313 aa
723 4263 816 4326 magis
836 4265 866 4310 ἰιι
884 4258 1028 4311 nolrantote
1048 4255 1118 4312 Cod.
1139 4261 1201 4312 Bas.
1222 4261 1283 4313 Aac.

603 4332 647 4388 24
666 4338 819 4401 removeat]
854 4333 886 4386 fd
910 4351 967 4399 est,
996 4348 1087 4388 utatur
1111 4349 1204 4386 orator
1230 4351 1263 4386 eo
1284 4333 1433 4404 qualitatis
1451 4337 1642 4404 meremptlvae
1663 4339 1757 4401 statis,
1784 4336 1836 4406 qut

528 4406 631 4461 dicitnr
651 4413 767 4460 remotio
785 4413 916 4462 criminis
936 4410 1018 4463 Care.

603 4481 674 4538 tbut
693 4487 857 4554 compenset]
879 4485 938 4537 ifoc
955 4500 1015 4549 est,
1035 4482 1163 4538 adhibeat
1182 4498 1244 4536 eom
1265 4439 1411 4554 amittatis
1428 4487 1615 4555 assumptivae
1631 4489 1755 4550 statum,
1786 4486 1837 4538 eut

528 4574 630 4612 nomen
650 4564 835 4628 compensatio
857 4559 935 4626 (alita
955 4523 1152 4628 comparatio.)
1173 4563 1253 4616 Care.

602 4631 673 4694 lbtd,
693 4630 815 4702 reserat]
838 4632 868 4685 fd
888 4649 944 4699 eat,
964 4631 1049 4689 factas
1064 4651 1127 4687 eum
1147 4633 1292 4705 qualitates
1303 4637 1491 4706 assumptivae
1504 4639 1628 4698 statum,
1649 4635 1696 4704 qni
1718 4644 1837 4686 vocatur

527 4708 637 4760 relatio.
657 4708 739 4762 Care.

600 4785 645 4838 25
663 4781 817 4873 concedat]
836 4781 897 4835 Hoc
917 4799 978 4849 eat,
1002 4778 1106 4835 farrum
1126 4782 1259 4837 concedat
1279 4799 1307 4837 et
1328 4787 1368 4838 ete
1387 4799 1480 4838 ututur
1501 4801 1534 4836 eo
1555 4783 1699 4854 qeralttctts
1717 4797 1835 4836 aasum-

516 4862 621 4928 ptivoe
640 4865 734 4922 stota
771 4861 818 4928 qui
838 4857 987 4930 appellatos
1017 4864 1155 4909 concessio
1189 4858 1267 4933 (alias
1297 4867 1390 4913 statas
1416 4861 1535 4914 venialis
1566 4875 1593 4911 et
1619 4858 1837 4926 deprecativus,

528 4933 633 4986 Graece
657 4951 706 4988 συ
697 4898 842 5008 inuitem).
890 4933 1021 4989 Ceterum
1041 4933 1088 4986 hio
1106 4951 1246 5005 perperam
1274 4935 1413 5006 legebatur
1434 4931 1595 4996 eonolfflsdct
1615 4938 1698 4986 etiam
1718 4935 1746 4984 in
1769 4931 1840 4988 Edi.

530 5011 604 5061 tione
624 5009 787 5060 Baalieensi.
805 5005 1012 5083 sedlegendurn
1031 5009 1251 5068 esseeoncedct
1271 5015 1337 5064 saris
1358 5009 1442 5080 liquet
1463 5027 1495 5062 ex
1515 5013 1562 5066 its.
1577 5006 1837 5079 qnaesupradieta

528 5097 591 5135 anot
611 5086 639 5135 in
659 5086 794 5136 Victorini
816 5083 1075 5136 Comrnemarioad
1097 5085 1198 5148 Lini.
1219 5087 1425 5158 pericarpum,
1446 5085 1728 5148 ubideeoneessmne
1746 5084 1837 5148 Cara,

526 5155 791 5226 (emendatoriam
810 5155 878 5223 cot,
899 5159 1003 5222 itanet
1024 5157 1100 5243 tea)
