4434 5959
917 600 1009 666 LIB.
1036 598 1101 665 lll.
1603 602 1670 667 dl?

349 743 397 818 ei,
423 739 475 803 cui
498 738 630 803 naturali
652 737 813 805 vicinitate
834 738 1050 825 coniungitur.
1096 742 1220 809 Rursus
1242 740 1389 823 quoniam
1413 742 1588 807 differentia
1604 743 1669 807 dis·

347 834 561 898 similitudinis
584 845 697 897 auctor
718 845 786 908 εει,
824 834 1002 897 dissimilius
1023 845 1071 897 est
1091 835 1139 908 id,
1171 839 1257 920 quod
1281 840 1322 898 ab
1344 838 1407 900 alio
1430 838 1552 908 differt,
1576 860 1669 918 quatu

346 928 402 1003 id,
433 930 519 1011 quod
542 927 747 1009 consequitur
770 926 822 992 vel
843 926 1012 991 antecedit.
1036 924 1040 934 ’
1064 929 1189 991 Rursus
1211 930 1359 1012 quoniam
1382 930 1575 993 eontrarium
1599 932 1669 993 lon-

349 1020 479 1105 gissime
502 1023 541 1083 ab
564 1041 623 1094 eo,
658 1021 707 1083 cui
731 1022 923 1083 contrarium
946 1030 1012 1096 est,
1046 1033 1178 1103 oportet
1199 1024 1388 1096 abscedere,
1412 1024 1537 1107 longius
1560 1025 1669 1086 absec-

348 1114 396 1175 dit
418 1114 611 1178 eoutrarium
634 1136 734 1198 quam·
749 1134 943 1197 repugnans.
989 1115 1070 1178 Post
1093 1118 1171 1177 haee
1192 1114 1270 1200 quid
1293 1118 1377 1179 alind
1397 1129 1518 1181 restare
1540 1130 1695 1200 poterat&

347 1229 444 1292 quam
475 1208 660 1271 effectorum
689 1228 802 1269 causas
833 1206 1012 1292 quaerere?
1046 1220 1100 1270 arnt
1128 1220 1203 1290 post
1232 1210 1417 1273 effectorum
1437 1232 1558 1274 causas
1593 1210 1696 1294 qui'd‘

348 1302 433 1365 aliud
463 1322 556 1385 quam
587 1302 724 1383 ipsarum
751 1322 916 1365 earisarum
948 1300 1137 1384 perquirere
1160 1302 1318 1364 effectus?
1349 1304 1519 1366 Praeterea
1543 1325 1560 1365 a
1581 1326 1671 1368 com-

348 1394 517 1479 paratione
539 1395 602 1458 loci
623 1407 818 1477 postremum
840 1394 981 1460 ordinem
1003 1405 1126 1468 tenent,
1158 1394 1230 1479 quia
1259 1395 1327 1457 sive
1349 1395 1579 1460 similitudinem
1602 1399 1676 1460 sine·

349 1488 631 1552 dissimilitudinem
664 1488 696 1551 iu
729 1491 796 1551 sola
830 1488 973 1553 obtinent
1002 1488 1191 1571 quantitate.
1247 1490 1291 1551 Et
1324 1491 1363 1551 de
1391 1489 1535 1552 locorum
1559 1492 1670 1556 ordine

350 1582 429 1645 satis
450 1582 566 1645 dictum
588 1594 649 1645 est.
692 1581 777 1645 lllud
798 1592 963 1664 praeterea
982 1581 1245 1644 considerandum
1268 1593 1366 1663 puto,
1392 1602 1463 1644 nram
1487 1582 1520 1646 hi
1541 1596 1713 1667 quoquere

351 1687 615 1760 argumentorum
640 1676 718 1749 loci,
754 1677 808 1760 qui
829 1676 862 1738 iu
883 1674 953 1755 ipso
977 1678 1123 1750 haerent,
1156 1678 1194 1737 de
1216 1697 1281 1757 quo
1303 1678 1488 1757 quaeritur,
1517 1676 1601 1739 iuter
1622 1678 1671 1740 af-

350 1770 435 1833 lecta
457 1768 526 1832 iure
549 1783 770 1847 numerentur,
809 1771 934 1853 quaudo
957 1765 1082 1851 quidem
1106 1788 1187 1851 quae
1208 1768 1321 1831 affecta
1343 1782 1435 1844 siant,
1458 1771 1579 1833 ideireo
1601 1792 1671 1834 esse

352 1864 502 1927 dicuntur
523 1864 655 1938 allecta,
680 1862 754 1948 quia
777 1864 899 1926 suntad
922 1860 1039 1943 aliquid
1061 1870 1093 1923 et
1114 1860 1275 1942 propositi
1297 1862 1420 1924 termini
1441 1865 1592 1928 relatione
1615 1887 1671 1928 ue·

353 1969 498 2019 ctuntur.
544 1957 626 2017 Nam
642 1968 674 2017 et
691 1956 832 2018 delinitio
853 1954 983 2017 alieuius
998 1965 1045 2016 est
1063 1954 1226 2028 delinitio,
1249 1965 1281 2016 ει
1299 1966 1399 2017 totum
1416 1955 1550 2037 partium
1570 1971 1671 2023 totum

355 2062 421 2126 εει,
460 2060 492 2111 ει
513 2060 588 2112 nota
610 2046 781 2131 significati
805 2062 877 2111 nota
904 2061 963 2113 εει.
1022 2048 1085 2111 Sed
1106 2048 1300 2129 inspicienda
1324 2062 1435 2113 natura
1457 2062 1503 2113 est
1526 2052 1718 2136 singuto-se

352 2165 424 2206 rum
454 2153 485 2205 et
517 2141 700 2215 videndum,
731 2164 805 2203 uum
826 2140 967 2203 similiter
990 2142 1068 2203 haec
1090 2144 1128 2202 ad
1151 2141 1268 2223 aliquid
1289 2143 1470 2207 referantur
1492 2156 1526 2207 ut
1552 2160 1669 2210 cetera.

353 2238 436 2299 Nam
460 2232 601 2297 delinitio
622 2255 709 2309 rem,
739 2256 832 2316 quam
855 2234 979 2308 delinit,
1006 2236 1240 2316 quodammodo
1262 2234 1400 2317 explieat
1422 2246 1517 2321 atque
1538 2239 1671 2303 conlor·

352 2340 434 2403 mat:
472 2325 546 2391 item
570 2339 675 2409 partes
698 2348 785 2400 rem,
816 2326 905 2391 cuius
928 2338 1037 2409 partes
1059 2339 1151 2403 sunt,
1174 2326 1308 2409 propria
1329 2329 1553 2394 coniunctione
1575 2332 1673 2413 perfi-

351 2423 460 2496 ciunt;
483 2432 557 2485 nota
576 2442 653 2483 eero
670 2422 736 2483 eius
751 2420 940 2483 intellectum
956 2421 1165 2483 communiter
1175 2434 1280 2486 tenet:
1303 2433 1335 2485 et
1348 2444 1443 2503 quum
1460 2425 1537 2487 hace
1552 2436 1669 2499 cetera,

354 2537 438 2600 qnae
463 2526 617 2578 vocantur
638 2516 770 2589 affecta,
795 2536 858 2578 non
881 2513 1017 2588 saciant,
1041 2514 1110 2577 itare
1131 2517 1212 2577 haee
1232 2536 1296 2577 nou
1318 2516 1400 2578 iuter
1421 2517 1532 2579 allecta
1547 2537 1715 2600 potino-tt

352 2622 425 2685 tur,
449 2607 558 2671 sedin
581 2629 620 2671 eo
643 2608 731 2688 ipso,
769 2611 857 2691 quod
878 2608 975 2670 veluti
997 2608 1168 2671 conficiunt
1190 2619 1286 2693 atque
1308 2611 1531 2685 conformant,
1569 2610 1672 2673 inesse

354 2706 515 2767 dicuntur.
560 2703 622 2765 Sed
644 2702 791 2785 quoniam
816 2704 855 2764 de
878 2701 908 2763 vi
930 2712 1026 2785 atque
1049 2702 1161 2765 ordine
1181 2702 1325 2766 locorum
1347 2701 1538 2766 sufficienter
1555 2703 1673 2767 dietauu

354 2809 427 2869 εει,
451 2816 532 2857 urauc
555 2797 592 2856 ad
615 2796 774 2879 sequeutia
798 2805 1006 2857 transeamus.
1061 2796 1198 2859 Praeter
1219 2797 1323 2858 oinnia
1347 2795 1448 2869 euim,
1475 2817 1556 2878 quae
1578 2818 1673 2877 supe-

355 2892 422 2952 rius
445 2890 638 2961 dictasunt,
663 2888 741 2951 illud
763 2888 1071 2951 aniiuadvertendum
1096 2890 1230 2953 maxime
1253 2901 1323 2964 εει,
1348 2889 1421 2973 quia
1444 2910 1525 2964 oon,
1549 2890 1575 2951 si
1599 2890 1673 2971 quid

356 2984 387 3046 iu
410 2982 605 3067 argumentis
628 2982 723 3045 suerit
744 2994 920 3063 sumptum,
944 2981 1021 3045 illud
1043 3004 1153 3047 eorum
1176 2996 1432 3067 argumentorum
1455 2984 1543 3047 locus
1566 2983 1669 3043 dicen.
1683 3000 1716 3049 ns

357 3080 418 3140 dtis
448 3087 514 3151 est,
551 3074 608 3137 nisi
633 3096 697 3140 uon
720 3076 822 3138 solum
849 3074 923 3137 insit
948 3076 1160 3159 argumentis,
1197 3097 1305 3139 versam
1337 3077 1430 3139 etiam
1452 3078 1492 3139 ab
1513 3096 1553 3138 eo
1577 3097 1674 3157 argu·

357 3182 460 3233 niente
476 3181 656 3231 nascantur.
701 3168 758 3241 ld,
783 3171 869 3252 quod
888 3168 981 3243 dieo,
1006 3169 1150 3249 planiore
1172 3169 1304 3251 liquebit
1324 3170 1485 3252 exemplo.
1530 3168 1675 3252 siquod

356 3264 440 3327 enim
462 3262 559 3325 luerit
581 3275 818 3346 argumentum,
842 3261 872 3323 iu
897 3282 963 3345 quo
986 3275 1127 3325 sunuuur
1149 3284 1249 3345 genus
1273 3264 1322 3325 vel
1344 3264 1489 3345 speeies,
1523 3283 1588 3323 nou
1608 3274 1672 3324 sta·

357 3357 412 3419 tim
436 3356 515 3418 illud
542 3366 760 3435 argumentum
784 3376 824 3417 ex
858 3374 975 3439 genere
999 3356 1048 3417 vel
1071 3357 1177 3436 speeie
1199 3367 1334 3419 tractum
1356 3378 1425 3422 esse
1447 3355 1580 3429 dicitur,
1615 3355 1674 3419 nisi

356 3450 615 3533 sieiargumeuto
625 3449 708 3510 vires
719 3447 844 3531 generis
856 3446 904 3509 vel
912 3446 1027 3528 speciei
1037 3448 1406 3532 qualitassubmiuistret.
1427 3452 1504 3536 Age
1520 3450 1619 3525 euim,
1633 3449 1673 3513 sit
1685 3472 1718 3523 30

357 3544 523 3627 quaestio:
547 3562 585 3605 au
611 3542 688 3603 idem
711 3540 752 3603 sit
774 3540 898 3603 animali
921 3545 1091 3626 essequod
1108 3542 1231 3607 virere.
1276 3546 1348 3608 Fiat
1363 3546 1593 3628 argumentatio
1608 3546 1673 3609 sie:

358 3638 435 3699 Nou
465 3634 546 3696 idem
576 3646 623 3697 est
655 3634 778 3696 animali
810 3656 880 3697 esse
910 3637 998 3718 qnod
1026 3634 1155 3711 vivere,
1189 3637 1261 3721 quia
1293 3660 1331 3701 ne
1358 3638 1528 3702 inanimato
1551 3639 1675 3722 quidem

358 3730 441 3792 idem
465 3738 605 3791 estesse
628 3731 714 3811 quod
737 3729 835 3801 mori:
859 3728 992 3813 plurima
1015 3729 1134 3812 qnippe
1155 3743 1227 3793 stant
1242 3732 1427 3806 inanimata,
1451 3754 1555 3816 neque
1577 3732 1675 3795 mori-

360 3832 473 3885 untur:
497 3842 566 3883 uam
589 3842 668 3904 quae
691 3842 847 3903 uunquam
893 3820 1019 3897 vixere,
1045 3840 1083 3885 ne
1106 3824 1189 3886 :nori
1211 3825 1337 3907 quidem
1361 3845 1456 3906 posse
1478 3824 1675 3888 manifestum

360 3929 421 3980 est.
467 3916 530 3979 Hic
552 3915 651 3999 igitur
672 3914 872 3977 inanimatum
896 3936 995 4000 genus
1017 3926 1064 3977 est
1086 3916 1223 3998 lapidum
1246 3940 1284 3980 ac
1303 3918 1442 3980 fusilium
1457 3919 1719 3989 metallorumm

362 4022 393 4073 et
415 4020 572 4091 sumptum
602 4020 648 4071 est
677 4008 708 4071 iu
736 4020 943 4092 argumento:
982 4010 1038 4070 sed
1068 4029 1130 4072 non
1158 4031 1200 4072 cx
1230 4031 1346 4093 genere
1366 4010 1484 4073 lectiam
1511 4023 1559 4073 εει
1579 4032 1676 4095 argu·

362 4116 520 4175 trientum,
557 4102 630 4163 lieet
658 4100 688 4163 in
719 4104 828 4163 eodem
853 4121 954 4183 genus
978 4100 1122 4163 videatur
1143 4102 1317 4178 inclusum,
1355 4104 1410 4165 scd
1431 4103 1537 4185 potius
1558 4124 1575 4165 a
1598 4124 1677 4166 con-

363 4194 478 4258 trario.
524 4194 668 4277 Namque
700 4195 892 4256 contrarium
929 4204 978 4256 εει
1007 4192 1089 4255 vitae
1119 4194 1244 4277 quidem
1274 4215 1378 4269 mors,
1415 4196 1540 4259 animali
1572 4210 1677 4260 autem

362 4287 585 4358 inanimatorum
609 4288 662 4348 sed
685 4285 767 4348 mori
790 4307 852 4350 non
875 4287 1017 4370 sequitur
1040 4286 1261 4350 inanimatum:
1293 4288 1390 4368 igitur
1412 4310 1451 4350 ue
1472 4288 1584 4351 animal
1607 4292 1678 4374 qui·

363 4384 431 4443 dem
455 4380 579 4441 viuere.
625 4380 698 4441 Nou
721 4400 803 4462 ergo
825 4401 866 4441 ex
890 4400 1007 4465 genere
1030 4380 1120 4443 locus
1141 4378 1201 4441 iste
1223 4379 1372 4443 dicendus
1395 4393 1465 4456 est,
1494 4384 1550 4444 sed
1571 4385 1722 4464 potiusne

362 4495 403 4535 ex
426 4471 605 4545 contrario:
644 4473 787 4553 quamvis
810 4490 910 4554 genus
935 4471 1113 4533 huiusmodi
1135 4470 1295 4535 contineat
1329 4486 1569 4558 argumentum:
1606 4490 1680 4539 tunc

362 4565 442 4629 enim
467 4564 556 4627 locus
579 4578 660 4627 esset
689 4586 704 4626 a
730 4585 867 4647 genere,
903 4564 929 4626 si
952 4566 991 4625 ab
1015 4564 1154 4627 animalis
1177 4566 1227 4627 rel
1254 4585 1272 4626 a
1295 4566 1421 4629 vivendi
1443 4588 1559 4651 genere
1582 4590 1681 4653 argu·

361 4658 459 4724 menti
481 4659 565 4720 ratio
594 4658 796 4733 traheretur,
834 4658 919 4720 velut
941 4658 967 4720 si
989 4656 1032 4720 ita
1056 4656 1146 4719 lieret
1176 4672 1415 4742 argumentum:
1450 4661 1587 4724 Auiuiali
1610 4684 1680 4725 esse

361 4752 534 4815 substantia
559 4764 632 4825 est:
660 4751 761 4833 ipsum
787 4771 864 4813 vero
890 4750 998 4814 nivere
1019 4749 1193 4811 substantia
1224 4764 1377 4825 nonest,
1406 4756 1461 4813 sed
1483 4754 1513 4815 iu
1534 4756 1681 4817 substan·

361 4846 434 4907 tiam
461 4834 556 4907 uenit.
617 4846 691 4907 Non
721 4854 768 4905 est
800 4842 898 4928 igitur
930 4842 1011 4906 idem
1036 4844 1146 4906 vivere
1168 4845 1255 4927 quod
1278 4843 1402 4907 animali
1424 4866 1507 4909 esse.
1550 4847 1583 4911 A
1604 4850 1725 4912 snb-tt

440 5072 485 5128 13.
496 5074 642 5149 proposito
656 5074 776 5122 termino
785 5070 862 5123 Eius.
877 5073 920 5123 21.
934 5068 1066 5143 efficiunt
1078 5070 1152 5121 Eius.
1166 5070 1251 5123 Pesla.
1264 5074 1310 5127 30.
1320 5078 1346 5123 aa·
1353 5072 1412 5125 add.
1421 5076 1498 5127 nana.
1509 5080 1553 5133 39.
1565 5077 1682 5127 animali

366 5142 433 5197 Ver·
456 5146 542 5198 Parte.
581 5152 625 5204 to.
645 5152 674 5197 in
694 5145 854 5197 srilstantr'o
875 5146 959 5199 Paris.
982 5144 1052 5198 lbld.
1072 5144 1188 5199 Malim:
1208 5152 1306 5202 vivere
1324 5150 1442 5200 animala·
1460 5150 1534 5219 qosod
1550 5168 1619 5203 esse.
