4434 5959
554 614 618 685 85⁰
1093 601 1329 674 Romulus

554 760 637 826 tum
659 777 760 844 &nus
788 773 914 837 semper
935 748 1057 833 species
1079 746 1245 830 sequitur,
1278 739 1414 824 speciem
1446 759 1547 825 genus
1575 733 1759 821 praeceditr
1798 753 1874 797 con·

556 853 656 916 traria
680 851 770 916 simssl
790 869 938 912 essenon
960 853 1103 928 possunt.
1146 838 1238 919 Quae
1258 835 1410 900 solvenda
1430 845 1479 896 est
1496 836 1559 896 boc
1579 832 1695 895 modo:
1719 827 1874 911 primunr,

555 945 715 1029 quianon
744 963 837 1007 omne
858 959 1056 1023 consequens
1082 953 1183 1020 genus
1213 941 1262 994 est
1290 945 1349 992 nec
1379 926 1481 992 omnis
1514 926 1637 1007 specics
1667 923 1874 992 antecedens;

555 1038 764 1123 repugnantia
798 1057 877 1100 vero
908 1055 972 1098 non
1002 1033 1068 1115 ipsa
1098 1026 1278 1104 contraria,
1315 1026 1373 1088 scd
1400 1023 1637 1088 contrariorum
1667 1031 1741 1080 stunt
1764 1035 1876 1077 conse-

531 1131 702 1219 squentia,
725 1141 760 1193 ut
781 1127 813 1191 in
839 1128 1003 1201 locorum,
1041 1123 1096 1208 qui
1117 1143 1136 1185 a
1157 1122 1208 1184 M.
1233 1121 1342 1182 ‘l'ullio
1365 1115 1526 1199 propositi
1548 1127 1639 1188 stunt,
1674 1108 1876 1192 expositione

558 1215 822 1286 monstravimuss
855 1212 984 1287 dehinc,
1013 1211 1108 1294 quia,
1147 1234 1242 1296 quum
1264 1235 1280 1274 a
1304 1233 1420 1296 genere
1442 1211 1478 1272 lit
1500 1219 1740 1292 argumentum,
1776 1203 1877 1284 ipsmn

560 1331 660 1394 genus
687 1307 876 1380 assumitur,
914 1307 1024 1369 eodem
1058 1326 1187 1389 quoquc
1217 1309 1312 1370 modo
1339 1303 1484 1386 species,
1520 1323 1615 1387 quum
1636 1303 1675 1362 ab
1700 1321 1737 1362 ea
1760 1297 1877 1380 aliquid

560 1403 705 1468 volumus
724 1403 919 1483 approbare.
971 1397 1075 1478 Qisssm
1105 1421 1186 1464 vero
1216 1401 1256 1462 ab
1279 1399 1533 1461 antecedentibus
1558 1407 1588 1458 et
1611 1392 1878 1477 consequentibus

559 1495 677 1580 aliquid
697 1504 876 1558 monstrare
898 1493 1130 1567 contendimus,
1166 1513 1225 1567 eo,
1263 1495 1350 1577 quod
1372 1493 1402 1554 iu
1425 1488 1631 1556 conditionali
1651 1485 1877 1569 propositione

517 1611 548 1660 m
559 1587 753 1674 praecessit,
788 1585 904 1648 utimur
924 1585 956 1648 in
985 1588 1223 1668 assumptione,
1258 1585 1348 1649 ctiam
1372 1585 1398 1647 si
1420 1605 1482 1648 non
1504 1584 1601 1647 inserit
1624 1602 1738 1668 genus.
1798 1579 1878 1640 ltcm

559 1684 625 1748 sia
647 1677 854 1763 consequenti
876 1690 1094 1762 argumentum
1117 1681 1189 1757 liat,
1226 1680 1318 1743 etiam
1350 1678 1378 1742 si
1401 1677 1522 1759 species
1545 1675 1688 1750 nonsit,
1724 1690 1879 1735 accuse·

560 1773 667 1862 quenti
696 1786 788 1856 parto
821 1770 1041 1835 conditionalis
1076 1772 1308 1856 propositionis
1345 1771 1471 1834 ducitur
1503 1782 1746 1854 argumentum3
1784 1759 1880 1826 veluti

560 1891 656 1954 quum
678 1867 720 1930 ita
743 1864 897 1928 dicimuss
934 1865 969 1928 Si
991 1865 1164 1948 igniscat,
1188 1865 1269 1929 levis
1291 1877 1360 1938 cst;
1391 1863 1474 1946 ignis
1497 1864 1669 1936 antecedit,
1694 1859 1810 1923 levitas
1831 1877 1880 1919 se·

523 2003 528 2014 ·
561 1963 686 2049 quitur,
721 1961 778 2025 sed
798 1971 942 2022 neutrum
972 1959 1076 2020 neutri
1098 1971 1147 2021 est
1168 1979 1269 2042 genus
1291 1970 1344 2019 aut
1365 1956 1499 2037 species.
1545 1955 1729 2022 Assumitur
1751 1951 1878 2035 itaque:

519 2078 552 2129 15
562 2057 648 2140 atqui
669 2054 752 2138 iguis
775 2063 837 2115 est.
880 2054 973 2114 Nunc
994 2050 1093 2134 igitur
1116 2053 1169 2127 id,
1193 2053 1280 2136 quod
1301 2053 1526 2122 antecedebat,
1550 2046 1724 2131 assumpsi,
1750 2066 1793 2108 ex
1816 2061 1878 2126 quo

562 2159 756 2213 monstratur
777 2145 966 2210 conclusio:
991 2146 1068 2208 levis
1089 2145 1189 2229 igitur
1210 2155 1270 2207 est.
1326 2147 1372 2207 Αι
1393 2143 1425 2208 si
1443 2145 1485 2206 ita
1508 2155 1705 2206 assumatur:
1740 2141 1797 2202 sed
1818 2157 1880 2200 non

565 2255 613 2306 est
634 2242 732 2313 levis3
755 2239 808 2314 id,
832 2241 919 2321 quod
940 2241 1212 2320 consequebatur,
1237 2238 1405 2318 assumpsi.
1449 2237 1661 2301 Concluditur
1680 2255 1763 2318 ergo
1787 2243 1880 2314 atque

562 2345 781 2398 monstratura
818 2353 882 2396 non
904 2345 952 2394 cst
974 2330 1072 2414 igitur
1094 2329 1188 2414 ignis.
1233 2331 1332 2392 Vides
1355 2330 1471 2413 igitur,
1496 2342 1532 2393 ut
1553 2333 1591 2392 de
1613 2331 1662 2392 bis
1684 2327 1880 2409 praeceden-

563 2429 649 2493 tibus
669 2437 702 2490 οι
724 2426 992 2508 consequentibus
1014 2441 1097 2486 uuoc
1125 2423 1303 2506 loquimur,
1338 2437 1419 2508 quae
1448 2425 1478 2485 in
1502 2422 1707 2488 conditionali
1729 2417 1882 2502 proposi·

520 2539 553 2589 ιο
564 2521 650 2586 tione
671 2520 777 2602 posita
801 2520 851 2582 vel
873 2520 1065 2600 praecedere
1089 2517 1140 2579 vel
1163 2517 1316 2600 consequi
1339 2517 1569 2602 intelliguntur.
1615 2521 1719 2598 Quum
1744 2533 1829 2576 vcro
1851 2509 1882 2570 lit

564 2636 605 2678 ea
628 2633 746 2697 genere
766 2623 1001 2694 argumentum,
1035 2609 1312 2704 speciesquidem
1345 2624 1413 2686 est,
1449 2615 1488 2676 de
1515 2635 1576 2696 qua
1600 2612 1720 2698 aliquid
1742 2609 1883 2689 probare

564 2707 777 2771 intendimus:
814 2727 914 2790 genus
944 2725 1024 2767 vero
1055 2704 1239 2768 assumimus
1270 2727 1332 2769 non
1356 2705 1444 2790 quasi
1466 2708 1677 2787 praecedens,
1713 2706 1772 2768 sed
1796 2696 1884 2784 quasi

564 2800 750 2875 continens,
789 2812 823 2862 ut
845 2797 996 2884 quidquid
1016 2817 1086 2859 esse
1110 2797 1331 2860 consideratur
1357 2800 1389 2860 in
1412 2819 1551 2882 genere,
1591 2801 1620 2862 id
1643 2799 1737 2861 etiam
1760 2796 1884 2858 los-mae

565 2914 694 2979 quoque
716 2895 829 2956 debeat
850 2892 965 2973 aptari.
1010 2891 1119 2952 Genus
1142 2888 1222 2952 enim
1245 2891 1352 2974 quoad
1374 2903 1555 2972 permanet,
1579 2911 1597 2954 a
1619 2911 1676 2954 sua
1699 2887 1808 2972 specie
1823 2907 1884 2948 non

522 2999 554 3053 2⁵
565 2987 695 3050 recedit.
754 2984 858 3065 Quum
883 3004 962 3048 vero
986 2985 1024 3047 de
1049 2986 1157 3066 specie
1182 2983 1331 3060 sumimus
1362 2997 1599 3067 argumentum,
1631 3007 1733 3068 genus
1759 2983 1885 3065 quidem

565 3091 635 3153 est,
659 3082 785 3160 dequo
807 3077 925 3160 aliquid
946 3074 1132 3160 quaeritur,
1164 3077 1220 3137 scd
1242 3075 1274 3137 id
1295 3076 1501 3154 laboramus,
1526 3090 1561 3141 ut
1582 3079 1630 3156 id,
1653 3080 1741 3163 quod
1763 3079 1803 3139 de
1830 3095 1885 3158 ge·

565 3193 642 3236 nere
675 3192 827 3234 conamur
854 3173 1040 3242 ostendere,
1075 3187 1116 3230 ex
1147 3167 1252 3249 specie
1274 3169 1375 3249 possit
1396 3171 1518 3234 facilius
1540 3175 1693 3253 agnosci3
1731 3182 1766 3232 ut
1787 3187 1884 3253 quum

565 3264 662 3329 uxori
683 3265 802 3332 Fabiae
823 3262 968 3326 relictum
993 3260 1108 3324 suisset
1130 3261 1294 3345 legatum,
1331 3263 1356 3325 si
1380 3264 1615 3330 materfamilias
1633 3265 1765 3340 luisset,
1805 3281 1885 3346 quo·

566 3359 646 3421 niam
670 3377 733 3420 oon
759 3353 947 3418 conuenerit
967 3353 998 3416 iu
1021 3375 1161 3429 manum,
1185 3353 1303 3417 scilicet
1320 3359 1358 3418 ab
1375 3359 1405 3420 in
1425 3378 1531 3420 manus
1547 3358 1779 3432 conventione,
1806 3373 1886 3439 quae

524 3460 616 3520 snest
637 3448 759 3531 species
781 3447 913 3522 isauris,
948 3468 1098 3523 risorem,
1138 3448 1223 3529 quod
1247 3459 1294 3510 est
1323 3450 1566 3514 matrisfamilias
1589 3473 1709 3536 genus,
1749 3447 1886 3532 alegati

568 3543 637 3608 iure
660 3541 872 3624 seiungimus,
896 3552 927 3604 et
949 3541 1087 3621 legatum
1112 3541 1151 3602 ad
1172 3541 1327 3621 speciem,
1352 3541 1464 3618 idest,
1490 3546 1778 3621 matremfamilias,
1805 3543 1889 3606 deri·

567 3657 691 3699 ramus.
735 3635 798 3697 Sed
820 3633 896 3695 illud
915 3631 1049 3696 interius
1070 3633 1298 3714 dispiciendum
1322 3634 1464 3712 videtur,
1491 3659 1562 3700 ntum
1585 3638 1674 3700 locus
1697 3641 1738 3700 ab
1761 3648 1888 3698 autece-

568 3729 713 3793 deotibus
735 3737 766 3789 et
787 3719 1054 3808 consequentibus
1083 3736 1170 3787 totus
1199 3747 1452 3808 supervacaneus
1482 3750 1550 3792 csse
1574 3731 1734 3808 videatur,
1768 3753 1885 3814 quum,

568 3823 713 3906 quolibet
744 3822 840 3882 modo
868 3817 988 3880 luerint
1014 3839 1055 3879 ex
1085 3839 1124 3882 eo
1158 3831 1344 3903 argumenta
1373 3824 1567 3902 composita,
1606 3823 1759 3887 arcteris
1784 3823 1885 3896 locis,

526 3931 650 4002 tsquos
673 3913 819 3995 superius
838 3909 1079 3994 descripsimus,
1104 3933 1168 3974 non
1192 3917 1352 3976 recedant.
1398 3918 1477 3978 Nam
1501 3919 1714 4001 quodcunque
1737 3919 1778 3979 ab
1801 3925 1888 3978 ante·

567 4009 752 4074 cedentibus
773 4019 806 4071 et
828 4006 1092 4089 consequentibus
1114 4006 1241 4069 ducitur
1264 4022 1502 4092 argumentum,
1534 4009 1566 4072 id
1591 4013 1639 4073 vel
1660 4031 1677 4072 a
1701 4023 1775 4075 toto
1799 4013 1849 4073 vel
1872 4027 1888 4068 a

568 4103 712 4186 partibus
735 4102 785 4164 vel
816 4122 835 4164 a
856 4097 1036 4182 coniugatis
1059 4100 1111 4161 vel
1133 4101 1171 4162 ab
1200 4101 1306 4184 aliquo
1335 4101 1531 4186 reliquorum
1561 4115 1695 4165 tractum
1719 4125 1789 4167 esse
1813 4125 1885 4186 per·

570 4195 738 4280 penditur,
761 4197 826 4260 boc
848 4195 964 4258 modo:
1001 4191 1037 4254 Si
1055 4191 1140 4254 utilis
1159 4204 1206 4255 cst
1227 4193 1368 4276 aequitas
1390 4195 1558 4257 constituta
1582 4199 1621 4258 ad
1649 4217 1698 4258 res
1722 4219 1798 4260 suas
1828 4200 1887 4260 ob·

569 4290 731 4363 tinendas,
756 4286 833 4350 utile
855 4299 901 4351 est
924 4286 972 4350 ius
993 4283 1107 4359 civile3
1138 4297 1169 4347 nt
1193 4283 1282 4367 [utile
1304 4288 1383 4369 est],
1409 4291 1495 4370 quod
1522 4289 1705 4370 praecedits
1728 4292 1817 4373 quod
1837 4311 1887 4352 se·

526 4382 678 4467 ttquitur
699 4382 809 4467 igitur.
868 4381 944 4444 Hoc
962 4390 1015 4452 ¹est
1036 4399 1053 4441 a
1076 4377 1257 4443 delinitione
1288 4392 1524 4465 argumentum,
1560 4381 1680 4445 scilicet
1702 4386 1743 4446 ab
1766 4405 1886 4446 assum·

570 4475 679 4558 ptione
711 4473 941 4556 praecedentis.
1000 4474 1046 4536 At
1072 4473 1099 4534 si
1127 4472 1169 4535 ita
1198 4473 1321 4536 dicam:
1359 4475 1422 4538 Sed
1448 4495 1511 4538 non
1535 4487 1582 4537 est
1604 4477 1679 4538 utile
1701 4477 1750 4540 ius
1773 4479 1887 4541 civile:

571 4589 635 4633 uon
656 4579 704 4630 est
725 4567 824 4651 igitur
854 4567 939 4630 utilis
970 4565 1112 4649 aequitas
1146 4566 1317 4630 constituta
1346 4569 1384 4630 ad
1414 4588 1465 4630 res
1498 4589 1569 4630 suas
1592 4571 1800 4633 obtinendas:
1838 4572 1888 4631 hic

572 4682 632 4744 per
666 4659 888 4742 consequentis
916 4659 1160 4741 assumptionem
1191 4681 1207 4721 a
1231 4660 1421 4724 delinitionis
1444 4661 1518 4724 loco
1541 4675 1699 4744 sumptum
1722 4676 1772 4726 est
1793 4684 1888 4744 argu·

572 4764 722 4818 mentum.
766 4753 847 4816 ltom
869 4773 888 4816 a
908 4753 1045 4836 partium
1067 4753 1321 4817 enumeratione:
1356 4755 1389 4818 Si
1412 4774 1515 4838 neque
1537 4775 1652 4832 ceusu,
1677 4777 1782 4840 neque
1804 4767 1887 4817 cete·

647 4991 674 5042 1.
692 4991 796 5057 species
814 5015 833 5027 -
851 4985 980 5056 spectem]
1019 4981 1066 5036 Sic
1085 4985 1193 5056 scripsi.
1222 5011 1260 5025 -
1290 4987 1396 5054 species
1415 5014 1432 5026 -
1451 4987 1554 5053 speeies
1573 4984 1637 5036 Ven.
1661 4985 1747 5037 Paris.
1769 5015 1803 5028 -
1823 5003 1889 5052 spe-

571 5067 640 5116 eiens
658 5092 676 5106 -
706 5065 824 5132 speciem
852 5062 948 5112 eeterl.
999 5061 1043 5118 59.
1069 5067 1107 5108 nt
1136 5057 1204 5109 utile
1233 5066 1288 5122 est,
1318 5055 1392 5128 quod
1406 5061 1515 5128 praem]
1537 5060 1622 5112 Paris.
1645 5087 1682 5100 —
1699 5066 1732 5112 et
1750 5059 1800 5126 s'sl,
1819 5059 1891 5132 qaod

569 5155 666 5208 praec.
683 5137 751 5190 Vsa.
771 5163 806 5180 -
827 5133 867 5188 sd
883 5131 957 5205 quod
970 5147 1067 5203 praec.
1086 5135 1163 5187 iilos.
1184 5157 1220 5174 -·
1238 5133 1278 5185 cd
1295 5131 1342 5200 s'd,
1362 5133 1437 5204 quod
1451 5149 1547 5204 praec.
1566 5135 1644 5190 Base.
