<?xml version="1.0" encoding="UTF-8"?>
<!DOCTYPE html PUBLIC "-//W3C//DTD XHTML 1.0 Transitional//EN"
    "http://www.w3.org/TR/xhtml1/DTD/xhtml1-transitional.dtd">
<html xmlns="http://www.w3.org/1999/xhtml" xml:lang="en" lang="en">
 <head>
  <title>
</title>
<meta http-equiv="Content-Type" content="text/html;charset=utf-8" />
  <meta name='ocr-system' content='tesseract 3.04.00' />
  <meta name='ocr-capabilities' content='ocr_page ocr_carea ocr_par ocr_line ocrx_word'/>
</head>
<body>
  <div class='ocr_page' id='page_1' title='image "./operaquaesupers09halmgoog_0161.png"; bbox 0 0 4434 5959; ppageno 0'>
   <div class='ocr_carea' id='block_1_1' title="bbox 519 534 533 569">
    <p class='ocr_par' dir='ltr' id='par_1_1' title="bbox 519 534 533 569">
     <span class='ocr_line' id='line_1_1' title="bbox 519 534 533 569; baseline 0 0"><span class='ocrx_word' id='word_1_1' title='bbox 519 534 533 569; x_wconf 71' lang='grc' dir='ltr'><strong>ῑ</strong></span> 
     </span>
    </p>
   </div>
   <div class='ocr_carea' id='block_1_2' title="bbox 961 622 1665 726">
    <p class='ocr_par' dir='ltr' id='par_1_2' title="bbox 961 622 1665 726">
     <span class='ocr_line' id='line_1_2' title="bbox 961 622 1665 726; baseline -0.011 -33"><span class='ocrx_word' id='word_1_2' title='bbox 961 629 1052 693; x_wconf 88' lang='lat' dir='ltr'><strong>LIB.</strong></span> <span class='ocrx_word' id='word_1_3' title='bbox 1075 626 1125 692; x_wconf 90' lang='lat'>11.</span> <span class='ocrx_word' id='word_1_4' title='bbox 1373 722 1375 726; x_wconf 67' lang='lat'>,</span> <span class='ocrx_word' id='word_1_5' title='bbox 1605 622 1665 686; x_wconf 71' lang='lat'>145</span> 
     </span>
    </p>
   </div>
   <div class='ocr_carea' id='block_1_3' title="bbox 356 763 1691 1600">
    <p class='ocr_par' dir='ltr' id='par_1_3' title="bbox 356 763 1691 1298">
     <span class='ocr_line' id='line_1_3' title="bbox 360 763 1666 851; baseline -0.005 -22"><span class='ocrx_word' id='word_1_6' title='bbox 360 763 527 844; x_wconf 75' lang='lat' dir='ltr'>merione]</span> <span class='ocrx_word' id='word_1_7' title='bbox 568 765 658 831; x_wconf 80' lang='lat' dir='ltr'>Duas</span> <span class='ocrx_word' id='word_1_8' title='bbox 677 766 900 833; x_wconf 72' lang='lat' dir='ltr'>infirmationes</span> <span class='ocrx_word' id='word_1_9' title='bbox 921 790 961 831; x_wconf 81' lang='lat' dir='ltr'>ex</span> <span class='ocrx_word' id='word_1_10' title='bbox 976 780 1067 851; x_wconf 83' lang='lat' dir='ltr'>perte</span> <span class='ocrx_word' id='word_1_11' title='bbox 1088 766 1197 850; x_wconf 79' lang='lat' dir='ltr'>posuit</span> <span class='ocrx_word' id='word_1_12' title='bbox 1216 764 1406 848; x_wconf 88' lang='lat' dir='ltr'>petitorum,</span> <span class='ocrx_word' id='word_1_13' title='bbox 1429 764 1463 827; x_wconf 88' lang='lat' dir='ltr'>id</span> <span class='ocrx_word' id='word_1_14' title='bbox 1479 774 1544 839; x_wconf 91' lang='lat' dir='ltr'>est,</span> <span class='ocrx_word' id='word_1_15' title='bbox 1569 783 1666 847; x_wconf 79' lang='lat' dir='ltr'>agna·</span> 
     </span>
     <span class='ocr_line' id='line_1_4' title="bbox 358 861 1666 946; baseline -0.005 -23"><span class='ocrx_word' id='word_1_16' title='bbox 358 872 487 931; x_wconf 90' lang='lat' dir='ltr'>torum,</span> <span class='ocrx_word' id='word_1_17' title='bbox 510 872 623 923; x_wconf 84' lang='lat' dir='ltr'>contra</span> <span class='ocrx_word' id='word_1_18' title='bbox 644 881 734 923; x_wconf 82' lang='lat' dir='ltr'>sinam</span> <span class='ocrx_word' id='word_1_19' title='bbox 756 863 908 925; x_wconf 87' lang='lat' dir='ltr'>rationem</span> <span class='ocrx_word' id='word_1_20' title='bbox 930 884 1169 946; x_wconf 87' lang='lat' dir='ltr'>possessorum,</span> <span class='ocrx_word' id='word_1_21' title='bbox 1201 864 1263 925; x_wconf 91' lang='lat' dir='ltr'>hoc</span> <span class='ocrx_word' id='word_1_22' title='bbox 1283 872 1347 937; x_wconf 85' lang='lat' dir='ltr'>est,</span> <span class='ocrx_word' id='word_1_23' title='bbox 1382 861 1531 924; x_wconf 80' lang='lat' dir='ltr'>heredum</span> <span class='ocrx_word' id='word_1_24' title='bbox 1554 878 1666 919; x_wconf 88' lang='lat' dir='ltr'>sccun-</span> 
     </span>
     <span class='ocr_line' id='line_1_5' title="bbox 359 951 1666 1039; baseline -0.003 -24"><span class='ocrx_word' id='word_1_25' title='bbox 359 956 494 1027; x_wconf 84' lang='lat' dir='ltr'>dorum,</span> <span class='ocrx_word' id='word_1_26' title='bbox 525 957 611 1037; x_wconf 87' lang='lat' dir='ltr'>quod</span> <span class='ocrx_word' id='word_1_27' title='bbox 647 956 785 1018; x_wconf 79' lang='lat' dir='ltr'><strong>dicerent</strong></span> <span class='ocrx_word' id='word_1_28' title='bbox 813 958 901 1020; x_wconf 90' lang='lat' dir='ltr'>unius</span> <span class='ocrx_word' id='word_1_29' title='bbox 933 959 1084 1039; x_wconf 88' lang='lat' dir='ltr'>pecuniae</span> <span class='ocrx_word' id='word_1_30' title='bbox 1113 958 1220 1039; x_wconf 90' lang='lat' dir='ltr'>plures</span> <span class='ocrx_word' id='word_1_31' title='bbox 1253 958 1384 1019; x_wconf 89' lang='lat' dir='ltr'>heredes</span> <span class='ocrx_word' id='word_1_32' title='bbox 1406 951 1606 1016; x_wconf 82' lang='lat' dir='ltr'>dissimilibus</span> <span class='ocrx_word' id='word_1_33' title='bbox 1628 953 1666 1011; x_wconf 89' lang='lat' dir='ltr'>de</span> 
     </span>
     <span class='ocr_line' id='line_1_6' title="bbox 358 1043 1666 1132; baseline -0.005 -23"><span class='ocrx_word' id='word_1_34' title='bbox 358 1047 463 1110; x_wconf 87' lang='lat' dir='ltr'>causis</span> <span class='ocrx_word' id='word_1_35' title='bbox 491 1069 560 1110; x_wconf 87' lang='lat' dir='ltr'>esse</span> <span class='ocrx_word' id='word_1_36' title='bbox 587 1069 650 1111; x_wconf 91' lang='lat' dir='ltr'>non</span> <span class='ocrx_word' id='word_1_37' title='bbox 679 1070 795 1132; x_wconf 83' lang='lat' dir='ltr'>posse3</span> <span class='ocrx_word' id='word_1_38' title='bbox 831 1051 892 1115; x_wconf 88' lang='lat' dir='ltr'>erit</span> <span class='ocrx_word' id='word_1_39' title='bbox 920 1067 980 1115; x_wconf 74' lang='lat' dir='ltr'>tuns</span> <span class='ocrx_word' id='word_1_40' title='bbox 1011 1051 1201 1113; x_wconf 84' lang='lat' dir='ltr'>infirmatio:</span> <span class='ocrx_word' id='word_1_41' title='bbox 1229 1052 1309 1115; x_wconf 87' lang='lat' dir='ltr'>Non</span> <span class='ocrx_word' id='word_1_42' title='bbox 1339 1058 1390 1112; x_wconf 89' lang='lat' dir='ltr'>est</span> <span class='ocrx_word' id='word_1_43' title='bbox 1414 1067 1485 1109; x_wconf 86' lang='lat' dir='ltr'>una</span> <span class='ocrx_word' id='word_1_44' title='bbox 1501 1043 1666 1127; x_wconf 71' lang='lat' dir='ltr'>pecuniae</span> 
     </span>
     <span class='ocr_line' id='line_1_7' title="bbox 356 1137 1691 1227; baseline -0.004 -24"><span class='ocrx_word' id='word_1_45' title='bbox 356 1143 432 1203; x_wconf 88' lang='lat' dir='ltr'>item</span> <span class='ocrx_word' id='word_1_46' title='bbox 465 1143 547 1205; x_wconf 79' lang='lat' dir='ltr'>alis:</span> <span class='ocrx_word' id='word_1_47' title='bbox 584 1163 653 1205; x_wconf 86' lang='lat' dir='ltr'>esse</span> <span class='ocrx_word' id='word_1_48' title='bbox 682 1154 815 1226; x_wconf 90' lang='lat' dir='ltr'>possunt</span> <span class='ocrx_word' id='word_1_49' title='bbox 850 1143 941 1208; x_wconf 88' lang='lat' dir='ltr'>unius</span> <span class='ocrx_word' id='word_1_50' title='bbox 972 1144 1121 1227; x_wconf 84' lang='lat' dir='ltr'>pecuniae</span> <span class='ocrx_word' id='word_1_51' title='bbox 1149 1143 1345 1208; x_wconf 79' lang='lat' dir='ltr'>dissimilibus</span> <span class='ocrx_word' id='word_1_52' title='bbox 1368 1144 1406 1203; x_wconf 87' lang='lat' dir='ltr'>de</span> <span class='ocrx_word' id='word_1_53' title='bbox 1428 1139 1528 1203; x_wconf 77' lang='lat' dir='ltr'>caussis</span> <span class='ocrx_word' id='word_1_54' title='bbox 1550 1137 1691 1201; x_wconf 78' lang='lat' dir='ltr'>diversit</span> 
     </span>
     <span class='ocr_line' id='line_1_8' title="bbox 357 1234 503 1298; baseline 0.014 -2"><span class='ocrx_word' id='word_1_55' title='bbox 357 1234 503 1298; x_wconf 82' lang='lat' dir='ltr'>heredes.</span> 
     </span>
    </p>

    <p class='ocr_par' dir='ltr' id='par_1_4' title="bbox 360 1323 1666 1507">
     <span class='ocr_line' id='line_1_9' title="bbox 442 1323 1666 1414; baseline -0.005 -23"><span class='ocrx_word' id='word_1_56' title='bbox 442 1328 678 1394; x_wconf 85' lang='lat' dir='ltr'>Dissimilibus</span> <span class='ocrx_word' id='word_1_57' title='bbox 697 1330 881 1414; x_wconf 79' lang='lat' dir='ltr'>generibus</span> <span class='ocrx_word' id='word_1_58' title='bbox 894 1330 1034 1395; x_wconf 80' lang='lat' dir='ltr'>heredes</span> <span class='ocrx_word' id='word_1_59' title='bbox 1057 1331 1145 1412; x_wconf 88' lang='lat' dir='ltr'>esse]</span> <span class='ocrx_word' id='word_1_60' title='bbox 1186 1330 1232 1395; x_wconf 87' lang='lat' dir='ltr'>Ut</span> <span class='ocrx_word' id='word_1_61' title='bbox 1253 1327 1330 1393; x_wconf 81' lang='lat' dir='ltr'>elius</span> <span class='ocrx_word' id='word_1_62' title='bbox 1355 1335 1561 1403; x_wconf 85' lang='lat' dir='ltr'>testamento,</span> <span class='ocrx_word' id='word_1_63' title='bbox 1587 1323 1666 1387; x_wconf 87' lang='lat' dir='ltr'>alius</span> 
     </span>
     <span class='ocr_line' id='line_1_10' title="bbox 360 1422 757 1507; baseline 0.008 -23"><span class='ocrx_word' id='word_1_64' title='bbox 360 1422 451 1507; x_wconf 82' lang='lat' dir='ltr'>lege,</span> <span class='ocrx_word' id='word_1_65' title='bbox 476 1422 555 1484; x_wconf 92' lang='lat' dir='ltr'>alius</span> <span class='ocrx_word' id='word_1_66' title='bbox 578 1423 757 1507; x_wconf 85' lang='lat' dir='ltr'>agnatione.</span> 
     </span>
    </p>

    <p class='ocr_par' dir='ltr' id='par_1_5' title="bbox 442 1510 1666 1600">
     <span class='ocr_line' id='line_1_11' title="bbox 442 1510 1666 1600; baseline -0.007 -21"><span class='ocrx_word' id='word_1_67' title='bbox 442 1517 547 1579; x_wconf 87' lang='lat' dir='ltr'>Nunc</span> <span class='ocrx_word' id='word_1_68' title='bbox 566 1517 669 1579; x_wconf 83' lang='lat' dir='ltr'>liuius</span> <span class='ocrx_word' id='word_1_69' title='bbox 688 1515 826 1600; x_wconf 80' lang='lat' dir='ltr'>generis</span> <span class='ocrx_word' id='word_1_70' title='bbox 845 1528 1028 1598; x_wconf 82' lang='lat' dir='ltr'>praecepta</span> <span class='ocrx_word' id='word_1_71' title='bbox 1040 1514 1227 1596; x_wconf 81' lang='lat' dir='ltr'>uideamus]</span> <span class='ocrx_word' id='word_1_72' title='bbox 1269 1517 1460 1599; x_wconf 79' lang='lat' dir='ltr'>Exemplum</span> <span class='ocrx_word' id='word_1_73' title='bbox 1479 1510 1562 1575; x_wconf 85' lang='lat' dir='ltr'>dedit</span> <span class='ocrx_word' id='word_1_74' title='bbox 1582 1530 1666 1594; x_wconf 74' lang='lat' dir='ltr'>qusa-</span> 
     </span>
    </p>
   </div>
   <div class='ocr_carea' id='block_1_4' title="bbox 359 1607 1707 1694">
    <p class='ocr_par' dir='ltr' id='par_1_6' title="bbox 252 1607 1707 1694">
     <span class='ocr_line' id='line_1_12' title="bbox 359 1607 1707 1694; baseline -0.001 -22.074"><span class='ocrx_word' id='word_1_75' title='bbox 359 1607 469 1672; x_wconf 82' lang='lat' dir='ltr'>lt&#39;tntis</span> <span class='ocrx_word' id='word_1_76' title='bbox 490 1620 522 1673; x_wconf 91' lang='lat' dir='ltr'>et</span> <span class='ocrx_word' id='word_1_77' title='bbox 542 1610 744 1694; x_wconf 81' lang='lat' dir='ltr'>negotialis:</span> <span class='ocrx_word' id='word_1_78' title='bbox 778 1611 862 1672; x_wconf 90' lang='lat' dir='ltr'>dedit</span> <span class='ocrx_word' id='word_1_79' title='bbox 892 1620 923 1671; x_wconf 87' lang='lat' dir='ltr'>et</span> <span class='ocrx_word' id='word_1_80' title='bbox 943 1619 1164 1692; x_wconf 79' lang='lat' dir='ltr'>praeceptum,</span> <span class='ocrx_word' id='word_1_81' title='bbox 1201 1612 1362 1693; x_wconf 87' lang='lat' dir='ltr'>quomodo</span> <span class='ocrx_word' id='word_1_82' title='bbox 1387 1608 1526 1671; x_wconf 86' lang='lat' dir='ltr'>rationes</span> <span class='ocrx_word' id='word_1_83' title='bbox 1551 1607 1707 1671; x_wconf 82' lang='lat' dir='ltr'>multaett</span> 
     </span>
    </p>
   </div>
   <div class='ocr_carea' id='block_1_5' title="bbox 359 1702 1665 1787">
    <p class='ocr_par' dir='ltr' id='par_1_7' title="bbox 359 1702 1665 1787">
     <span class='ocr_line' id='line_1_13' title="bbox 359 1702 1665 1787; baseline -0.002 -25"><span class='ocrx_word' id='word_1_84' title='bbox 359 1719 429 1763; x_wconf 88' lang='lat' dir='ltr'>esse</span> <span class='ocrx_word' id='word_1_85' title='bbox 449 1716 595 1784; x_wconf 87' lang='lat' dir='ltr'>possent.</span> <span class='ocrx_word' id='word_1_86' title='bbox 639 1704 733 1765; x_wconf 83' lang='lat' dir='ltr'>Nunc</span> <span class='ocrx_word' id='word_1_87' title='bbox 746 1702 907 1787; x_wconf 83' lang='lat' dir='ltr'>subiungit</span> <span class='ocrx_word' id='word_1_88' title='bbox 927 1703 958 1764; x_wconf 93' lang='lat' dir='ltr'>in</span> <span class='ocrx_word' id='word_1_89' title='bbox 985 1704 1064 1765; x_wconf 81' lang='lat' dir='ltr'>hanc</span> <span class='ocrx_word' id='word_1_90' title='bbox 1087 1704 1293 1786; x_wconf 78' lang='lat' dir='ltr'>negotialem</span> <span class='ocrx_word' id='word_1_91' title='bbox 1315 1702 1533 1787; x_wconf 78' lang='lat' dir='ltr'>qualitatem,</span> <span class='ocrx_word' id='word_1_92' title='bbox 1557 1719 1665 1784; x_wconf 86' lang='lat' dir='ltr'>quem-</span> 
     </span>
    </p>
   </div>
   <div class='ocr_carea' id='block_1_6' title="bbox 252 1789 1160 1882">
    <p class='ocr_par' dir='ltr' id='par_1_8' title="bbox 252 1789 1160 1882">
     <span class='ocr_line' id='line_1_14' title="bbox 252 1789 1160 1882; baseline 0.006 -26"><span class='ocrx_word' id='word_1_93' title='bbox 252 1789 253 1808; x_wconf 58' lang='lat'><em>*</em></span> <span class='ocrx_word' id='word_1_94' title='bbox 361 1797 527 1858; x_wconf 78' lang='lat' dir='ltr'>admodum</span> <span class='ocrx_word' id='word_1_95' title='bbox 549 1807 581 1858; x_wconf 88' lang='lat' dir='ltr'>et</span> <span class='ocrx_word' id='word_1_96' title='bbox 602 1800 683 1859; x_wconf 81' lang='lat' dir='ltr'>stude</span> <span class='ocrx_word' id='word_1_97' title='bbox 701 1810 884 1882; x_wconf 84' lang='lat' dir='ltr'>argumenta</span> <span class='ocrx_word' id='word_1_98' title='bbox 907 1796 1056 1861; x_wconf 80' lang='lat' dir='ltr'>socianda</span> <span class='ocrx_word' id='word_1_99' title='bbox 1076 1809 1160 1861; x_wconf 91' lang='lat' dir='ltr'>sunt.</span> 
     </span>
    </p>
   </div>
   <div class='ocr_carea' id='block_1_7' title="bbox 359 1890 1708 4401">
    <p class='ocr_par' dir='ltr' id='par_1_9' title="bbox 445 1890 1200 1974">
     <span class='ocr_line' id='line_1_15' title="bbox 445 1890 1200 1974; baseline 0.005 -22"><span class='ocrx_word' id='word_1_100' title='bbox 445 1891 619 1973; x_wconf 82' lang='lat' dir='ltr'>Utrisque]</span> <span class='ocrx_word' id='word_1_101' title='bbox 661 1890 700 1954; x_wconf 91' lang='lat' dir='ltr'>Id</span> <span class='ocrx_word' id='word_1_102' title='bbox 721 1902 784 1964; x_wconf 88' lang='lat' dir='ltr'>est,</span> <span class='ocrx_word' id='word_1_103' title='bbox 806 1890 937 1971; x_wconf 86' lang='lat' dir='ltr'>petitori</span> <span class='ocrx_word' id='word_1_104' title='bbox 958 1902 990 1953; x_wconf 87' lang='lat' dir='ltr'>et</span> <span class='ocrx_word' id='word_1_105' title='bbox 1010 1892 1200 1974; x_wconf 83' lang='lat' dir='ltr'>possessori.</span> 
     </span>
    </p>

    <p class='ocr_par' dir='ltr' id='par_1_10' title="bbox 360 1983 1707 2162">
     <span class='ocr_line' id='line_1_16' title="bbox 444 1983 1665 2068; baseline -0.002 -21"><span class='ocrx_word' id='word_1_106' title='bbox 444 1986 527 2047; x_wconf 80' lang='lat' dir='ltr'>Aut&#39;</span> <span class='ocrx_word' id='word_1_107' title='bbox 538 1985 642 2046; x_wconf 85' lang='lat' dir='ltr'>etiam</span> <span class='ocrx_word' id='word_1_108' title='bbox 655 1983 831 2058; x_wconf 82' lang='lat' dir='ltr'>omnibns,</span> <span class='ocrx_word' id='word_1_109' title='bbox 854 1983 886 2046; x_wconf 88' lang='lat' dir='ltr'>si</span> <span class='ocrx_word' id='word_1_110' title='bbox 902 1986 1019 2066; x_wconf 84' lang='lat' dir='ltr'>plures</span> <span class='ocrx_word' id='word_1_111' title='bbox 1035 1985 1221 2068; x_wconf 75' lang='lat' dir='ltr'>ambigeret]</span> <span class='ocrx_word' id='word_1_112' title='bbox 1264 1985 1300 2050; x_wconf 89' lang='lat' dir='ltr'>Si</span> <span class='ocrx_word' id='word_1_113' title='bbox 1322 1986 1430 2067; x_wconf 86' lang='lat' dir='ltr'>plnres</span> <span class='ocrx_word' id='word_1_114' title='bbox 1445 1996 1555 2051; x_wconf 85' lang='lat' dir='ltr'>contra</span> <span class='ocrx_word' id='word_1_115' title='bbox 1570 2002 1665 2046; x_wconf 79' lang='lat' dir='ltr'>sinum</span> 
     </span>
     <span class='ocr_line' id='line_1_17' title="bbox 360 2075 1707 2162; baseline 0.003 -22"><span class='ocrx_word' id='word_1_116' title='bbox 360 2075 574 2158; x_wconf 73' lang='lat' dir='ltr'>possidentem</span> <span class='ocrx_word' id='word_1_117' title='bbox 597 2088 720 2159; x_wconf 80' lang='lat' dir='ltr'>petent:</span> <span class='ocrx_word' id='word_1_118' title='bbox 744 2088 778 2138; x_wconf 91' lang='lat' dir='ltr'>nt</span> <span class='ocrx_word' id='word_1_119' title='bbox 800 2096 863 2139; x_wconf 91' lang='lat' dir='ltr'>nou</span> <span class='ocrx_word' id='word_1_120' title='bbox 885 2080 964 2139; x_wconf 82' lang='lat' dir='ltr'>dirae</span> <span class='ocrx_word' id='word_1_121' title='bbox 986 2088 1091 2158; x_wconf 77' lang='lat' dir='ltr'>partes</span> <span class='ocrx_word' id='word_1_122' title='bbox 1113 2080 1195 2153; x_wconf 91' lang='lat' dir='ltr'>sint,</span> <span class='ocrx_word' id='word_1_123' title='bbox 1219 2082 1273 2142; x_wconf 89' lang='lat' dir='ltr'>sed</span> <span class='ocrx_word' id='word_1_124' title='bbox 1294 2082 1415 2162; x_wconf 87' lang='lat' dir='ltr'>plures.</span> <span class='ocrx_word' id='word_1_125' title='bbox 1677 2078 1707 2129; x_wconf 82' lang='lat'>¹⁵</span> 
     </span>
    </p>

    <p class='ocr_par' dir='ltr' id='par_1_11' title="bbox 360 2168 1666 2348">
     <span class='ocr_line' id='line_1_18' title="bbox 443 2168 1666 2255; baseline -0.004 -19"><span class='ocrx_word' id='word_1_126' title='bbox 443 2170 585 2236; x_wconf 85' lang='lat' dir='ltr'>Initium</span> <span class='ocrx_word' id='word_1_127' title='bbox 612 2193 696 2254; x_wconf 81' lang='lat' dir='ltr'>ergo</span> <span class='ocrx_word' id='word_1_128' title='bbox 722 2170 796 2233; x_wconf 84' lang='lat' dir='ltr'>eius</span> <span class='ocrx_word' id='word_1_129' title='bbox 824 2170 867 2232; x_wconf 82' lang='lat' dir='ltr'>ab</span> <span class='ocrx_word' id='word_1_130' title='bbox 895 2182 1020 2233; x_wconf 82' lang='lat' dir='ltr'>natura</span> <span class='ocrx_word' id='word_1_131' title='bbox 1048 2171 1186 2235; x_wconf 83' lang='lat' dir='ltr'>ductum</span> <span class='ocrx_word' id='word_1_132' title='bbox 1207 2172 1352 2255; x_wconf 85' lang='lat' dir='ltr'>uidetur]</span> <span class='ocrx_word' id='word_1_133' title='bbox 1408 2174 1451 2239; x_wconf 89' lang='lat' dir='ltr'>Ut</span> <span class='ocrx_word' id='word_1_134' title='bbox 1475 2180 1599 2235; x_wconf 83' lang='lat' dir='ltr'>constet</span> <span class='ocrx_word' id='word_1_135' title='bbox 1616 2168 1666 2231; x_wconf 87' lang='lat' dir='ltr'>ius</span> 
     </span>
     <span class='ocr_line' id='line_1_19' title="bbox 360 2262 1449 2348; baseline 0.003 -23"><span class='ocrx_word' id='word_1_136' title='bbox 360 2275 492 2337; x_wconf 87' lang='lat' dir='ltr'>natura,</span> <span class='ocrx_word' id='word_1_137' title='bbox 516 2285 592 2338; x_wconf 87' lang='lat' dir='ltr'>usu,</span> <span class='ocrx_word' id='word_1_138' title='bbox 616 2262 702 2348; x_wconf 85' lang='lat' dir='ltr'>lege.</span> <span class='ocrx_word' id='word_1_139' title='bbox 746 2263 893 2328; x_wconf 86' lang='lat' dir='ltr'>Omnium</span> <span class='ocrx_word' id='word_1_140' title='bbox 916 2273 1019 2325; x_wconf 89' lang='lat' dir='ltr'>autem</span> <span class='ocrx_word' id='word_1_141' title='bbox 1040 2265 1134 2325; x_wconf 89' lang='lat' dir='ltr'>trium</span> <span class='ocrx_word' id='word_1_142' title='bbox 1158 2268 1309 2346; x_wconf 84' lang='lat' dir='ltr'>supponit</span> <span class='ocrx_word' id='word_1_143' title='bbox 1330 2279 1449 2347; x_wconf 87' lang='lat' dir='ltr'>partes.</span> 
     </span>
    </p>

    <p class='ocr_par' dir='ltr' id='par_1_12' title="bbox 360 2349 1708 2627">
     <span class='ocr_line' id='line_1_20' title="bbox 442 2349 1667 2441; baseline 0.002 -24"><span class='ocrx_word' id='word_1_144' title='bbox 442 2349 621 2439; x_wconf 74' lang='lat' dir='ltr'>Qrsaednm</span> <span class='ocrx_word' id='word_1_145' title='bbox 641 2368 756 2420; x_wconf 85' lang='lat' dir='ltr'>autem</span> <span class='ocrx_word' id='word_1_146' title='bbox 776 2379 823 2419; x_wconf 84' lang='lat' dir='ltr'>ear</span> <span class='ocrx_word' id='word_1_147' title='bbox 848 2355 1006 2419; x_wconf 80' lang='lat' dir='ltr'>utilitatis</span> <span class='ocrx_word' id='word_1_148' title='bbox 1029 2356 1162 2419; x_wconf 85' lang='lat' dir='ltr'>ratione</span> <span class='ocrx_word' id='word_1_149' title='bbox 1192 2370 1254 2420; x_wconf 86' lang='lat' dir='ltr'>aut</span> <span class='ocrx_word' id='word_1_150' title='bbox 1273 2359 1456 2441; x_wconf 83' lang='lat' dir='ltr'>perspicua</span> <span class='ocrx_word' id='word_1_151' title='bbox 1483 2356 1579 2421; x_wconf 82' lang='lat' dir='ltr'>nobis</span> <span class='ocrx_word' id='word_1_152' title='bbox 1605 2366 1667 2420; x_wconf 72' lang='lat' dir='ltr'>asse</span> 
     </span>
     <span class='ocr_line' id='line_1_21' title="bbox 360 2447 1666 2533; baseline 0.003 -21"><span class='ocrx_word' id='word_1_153' title='bbox 360 2447 518 2529; x_wconf 70' lang='grc' dir='ltr'><strong><em>οόεσωα]</em></strong></span> <span class='ocrx_word' id='word_1_154' title='bbox 573 2450 734 2511; x_wconf 82' lang='lat' dir='ltr'>interdum</span> <span class='ocrx_word' id='word_1_155' title='bbox 766 2448 859 2512; x_wconf 85' lang='lat' dir='ltr'>etiam</span> <span class='ocrx_word' id='word_1_156' title='bbox 887 2449 1048 2531; x_wconf 82' lang='lat' dir='ltr'>sequimur</span> <span class='ocrx_word' id='word_1_157' title='bbox 1078 2452 1360 2528; x_wconf 86' lang='lat' dir='ltr'>consuetudinem,</span> <span class='ocrx_word' id='word_1_158' title='bbox 1396 2454 1459 2516; x_wconf 88' lang='lat' dir='ltr'>hoc</span> <span class='ocrx_word' id='word_1_159' title='bbox 1491 2463 1556 2527; x_wconf 88' lang='lat' dir='ltr'>est,</span> <span class='ocrx_word' id='word_1_160' title='bbox 1587 2454 1666 2533; x_wconf 87' lang='lat' dir='ltr'>quia</span> 
     </span>
     <span class='ocr_line' id='line_1_22' title="bbox 362 2542 1708 2627; baseline 0.001 -22"><span class='ocrx_word' id='word_1_161' title='bbox 362 2544 578 2615; x_wconf 79' lang='lat' dir='ltr'>eonsuetnd03</span> <span class='ocrx_word' id='word_1_162' title='bbox 601 2564 663 2605; x_wconf 91' lang='lat' dir='ltr'>nou</span> <span class='ocrx_word' id='word_1_163' title='bbox 687 2542 760 2627; x_wconf 91' lang='lat' dir='ltr'>quia</span> <span class='ocrx_word' id='word_1_164' title='bbox 781 2542 893 2605; x_wconf 89' lang='lat' dir='ltr'>scimus</span> <span class='ocrx_word' id='word_1_165' title='bbox 916 2542 991 2603; x_wconf 87' lang='lat' dir='ltr'>utile</span> <span class='ocrx_word' id='word_1_166' title='bbox 1013 2562 1098 2617; x_wconf 89' lang='lat' dir='ltr'>esse,</span> <span class='ocrx_word' id='word_1_167' title='bbox 1124 2546 1210 2626; x_wconf 91' lang='lat' dir='ltr'>quod</span> <span class='ocrx_word' id='word_1_168' title='bbox 1231 2544 1404 2627; x_wconf 81' lang='lat' dir='ltr'>sequimur.</span> <span class='ocrx_word' id='word_1_169' title='bbox 1676 2545 1708 2593; x_wconf 79' lang='lat'>²⁰</span> 
     </span>
    </p>

    <p class='ocr_par' dir='ltr' id='par_1_13' title="bbox 361 2633 1665 2903">
     <span class='ocr_line' id='line_1_23' title="bbox 443 2633 1665 2721; baseline 0.002 -23"><span class='ocrx_word' id='word_1_170' title='bbox 443 2638 525 2699; x_wconf 87' lang='lat' dir='ltr'>Post</span> <span class='ocrx_word' id='word_1_171' title='bbox 543 2648 657 2698; x_wconf 85' lang='lat' dir='ltr'>autem</span> <span class='ocrx_word' id='word_1_172' title='bbox 679 2635 871 2718; x_wconf 82' lang='lat' dir='ltr'>approbata</span> <span class='ocrx_word' id='word_1_173' title='bbox 890 2633 1057 2717; x_wconf 81' lang='lat' dir='ltr'>qrsaedam</span> <span class='ocrx_word' id='word_1_174' title='bbox 1070 2646 1132 2697; x_wconf 76' lang='lat' dir='ltr'>asu</span> <span class='ocrx_word' id='word_1_175' title='bbox 1146 2655 1169 2697; x_wconf 83' lang='lat' dir='ltr'><strong><em>a</em></strong></span> <span class='ocrx_word' id='word_1_176' title='bbox 1189 2638 1430 2700; x_wconf 80' lang='lat' dir='ltr'>conmsetudine</span> <span class='ocrx_word' id='word_1_177' title='bbox 1444 2650 1506 2701; x_wconf 84' lang='lat' dir='ltr'>aut</span> <span class='ocrx_word' id='word_1_178' title='bbox 1527 2659 1549 2701; x_wconf 86' lang='grc' dir='ltr'><strong><em>α</em></strong></span> <span class='ocrx_word' id='word_1_179' title='bbox 1570 2638 1665 2721; x_wconf 87' lang='lat' dir='ltr'>vern]</span> 
     </span>
     <span class='ocr_line' id='line_1_24' title="bbox 361 2728 1664 2817; baseline 0.004 -25"><span class='ocrx_word' id='word_1_180' title='bbox 361 2730 391 2792; x_wconf 78' lang='lat' dir='ltr'>A</span> <span class='ocrx_word' id='word_1_181' title='bbox 412 2729 658 2802; x_wconf 79' lang='lat' dir='ltr'>consuetudine3</span> <span class='ocrx_word' id='word_1_182' title='bbox 688 2728 834 2813; x_wconf 85' lang='lat' dir='ltr'>quonism</span> <span class='ocrx_word' id='word_1_183' title='bbox 856 2730 1051 2790; x_wconf 82' lang='lat' dir='ltr'>consiietudo</span> <span class='ocrx_word' id='word_1_184' title='bbox 1072 2741 1137 2791; x_wconf 87' lang='lat' dir='ltr'>est:</span> <span class='ocrx_word' id='word_1_185' title='bbox 1177 2740 1229 2791; x_wconf 85' lang='lat' dir='ltr'>aut</span> <span class='ocrx_word' id='word_1_186' title='bbox 1250 2750 1268 2793; x_wconf 89' lang='lat' dir='ltr'>a</span> <span class='ocrx_word' id='word_1_187' title='bbox 1290 2751 1387 2805; x_wconf 87' lang='lat' dir='ltr'>vero;</span> <span class='ocrx_word' id='word_1_188' title='bbox 1413 2732 1560 2817; x_wconf 81' lang='lat' dir='ltr'>quoniam</span> <span class='ocrx_word' id='word_1_189' title='bbox 1582 2734 1664 2797; x_wconf 85' lang='lat' dir='ltr'>ratio</span> 
     </span>
     <span class='ocr_line' id='line_1_25' title="bbox 362 2820 980 2903; baseline 0.002 -21"><span class='ocrx_word' id='word_1_190' title='bbox 362 2820 428 2884; x_wconf 87' lang='lat' dir='ltr'>eius</span> <span class='ocrx_word' id='word_1_191' title='bbox 451 2834 616 2903; x_wconf 82' lang='lat' dir='ltr'>perspecta</span> <span class='ocrx_word' id='word_1_192' title='bbox 639 2832 687 2883; x_wconf 91' lang='lat' dir='ltr'>est</span> <span class='ocrx_word' id='word_1_193' title='bbox 708 2832 739 2883; x_wconf 90' lang='lat' dir='ltr'>et</span> <span class='ocrx_word' id='word_1_194' title='bbox 762 2821 877 2883; x_wconf 87' lang='lat' dir='ltr'>utilitas</span> <span class='ocrx_word' id='word_1_195' title='bbox 900 2820 980 2883; x_wconf 86' lang='lat' dir='ltr'>visa.</span> 
     </span>
    </p>

    <p class='ocr_par' dir='ltr' id='par_1_14' title="bbox 447 2904 1252 2998">
     <span class='ocr_line' id='line_1_26' title="bbox 447 2904 1252 2998; baseline 0 -18"><span class='ocrx_word' id='word_1_196' title='bbox 447 2913 730 2995; x_wconf 82' lang='lat' dir='ltr'>Vindicationem]</span> <span class='ocrx_word' id='word_1_197' title='bbox 774 2916 842 2977; x_wconf 89' lang='lat' dir='ltr'>Pro</span> <span class='ocrx_word' id='word_1_198' title='bbox 865 2904 1017 2990; x_wconf 70' lang='lat' dir='ltr'>vindicta,</span> <span class='ocrx_word' id='word_1_199' title='bbox 1039 2936 1100 2998; x_wconf 92' lang='lat' dir='ltr'>pro</span> <span class='ocrx_word' id='word_1_200' title='bbox 1123 2915 1252 2981; x_wconf 81' lang='lat' dir='ltr'>stitione.</span> 
     </span>
    </p>

    <p class='ocr_par' dir='ltr' id='par_1_15' title="bbox 442 3006 1706 3094">
     <span class='ocr_line' id='line_1_27' title="bbox 442 3006 1706 3094; baseline 0.002 -20"><span class='ocrx_word' id='word_1_201' title='bbox 442 3010 503 3074; x_wconf 78' lang='lat' dir='ltr'>Ad</span> <span class='ocrx_word' id='word_1_202' title='bbox 522 3011 609 3070; x_wconf 84' lang='lat' dir='ltr'>hanc</span> <span class='ocrx_word' id='word_1_203' title='bbox 629 3006 907 3088; x_wconf 81' lang='lat' dir='ltr'>controversiam]</span> <span class='ocrx_word' id='word_1_204' title='bbox 951 3008 990 3071; x_wconf 92' lang='lat' dir='ltr'>ld</span> <span class='ocrx_word' id='word_1_205' title='bbox 1011 3020 1078 3084; x_wconf 90' lang='lat' dir='ltr'>est,</span> <span class='ocrx_word' id='word_1_206' title='bbox 1102 3030 1213 3072; x_wconf 88' lang='lat' dir='ltr'>causae</span> <span class='ocrx_word' id='word_1_207' title='bbox 1235 3030 1336 3094; x_wconf 86' lang='lat' dir='ltr'>genus</span> <span class='ocrx_word' id='word_1_208' title='bbox 1357 3010 1527 3075; x_wconf 78' lang='lat' dir='ltr'>iudiciale.</span> <span class='ocrx_word' id='word_1_209' title='bbox 1674 3008 1706 3058; x_wconf 82' lang='lat'>²⁵</span> 
     </span>
    </p>

    <p class='ocr_par' dir='ltr' id='par_1_16' title="bbox 361 3101 1666 3371">
     <span class='ocr_line' id='line_1_28' title="bbox 443 3101 1666 3187; baseline 0.002 -20"><span class='ocrx_word' id='word_1_210' title='bbox 443 3102 706 3167; x_wconf 73' lang='lat' dir='ltr'>consuetudinis</span> <span class='ocrx_word' id='word_1_211' title='bbox 741 3113 857 3165; x_wconf 83' lang='lat' dir='ltr'>autem</span> <span class='ocrx_word' id='word_1_212' title='bbox 894 3101 949 3163; x_wconf 81' lang='lat' dir='ltr'>ins</span> <span class='ocrx_word' id='word_1_213' title='bbox 982 3122 1055 3164; x_wconf 86' lang='lat' dir='ltr'>esse</span> <span class='ocrx_word' id='word_1_214' title='bbox 1091 3114 1238 3186; x_wconf 84' lang='lat' dir='ltr'>putatur</span> <span class='ocrx_word' id='word_1_215' title='bbox 1271 3104 1325 3178; x_wconf 76' lang='lat' dir='ltr'>id,</span> <span class='ocrx_word' id='word_1_216' title='bbox 1372 3106 1463 3187; x_wconf 84' lang='lat' dir='ltr'>quod</span> <span class='ocrx_word' id='word_1_217' title='bbox 1494 3107 1666 3169; x_wconf 80' lang='lat' dir='ltr'>voluntate</span> 
     </span>
     <span class='ocr_line' id='line_1_29' title="bbox 361 3195 1665 3278; baseline 0 -17"><span class='ocrx_word' id='word_1_218' title='bbox 361 3196 514 3261; x_wconf 86' lang='lat' dir='ltr'>omnium</span> <span class='ocrx_word' id='word_1_219' title='bbox 534 3196 607 3258; x_wconf 88' lang='lat' dir='ltr'>sine</span> <span class='ocrx_word' id='word_1_220' title='bbox 629 3196 703 3278; x_wconf 80' lang='lat' dir='ltr'>lege</span> <span class='ocrx_word' id='word_1_221' title='bbox 727 3206 875 3258; x_wconf 70' lang='lat' dir='ltr'>retemtas</span> <span class='ocrx_word' id='word_1_222' title='bbox 903 3195 1145 3277; x_wconf 76' lang='lat' dir='ltr'>comprobarit]</span> <span class='ocrx_word' id='word_1_223' title='bbox 1189 3195 1299 3259; x_wconf 81' lang='lat' dir='ltr'>Finitis</span> <span class='ocrx_word' id='word_1_224' title='bbox 1324 3197 1465 3278; x_wconf 85' lang='lat' dir='ltr'>partibus</span> <span class='ocrx_word' id='word_1_225' title='bbox 1490 3196 1552 3261; x_wconf 90' lang='lat' dir='ltr'>iuri</span> <span class='ocrx_word' id='word_1_226' title='bbox 1575 3212 1665 3261; x_wconf 88' lang='lat' dir='ltr'>natu·</span> 
     </span>
     <span class='ocr_line' id='line_1_30' title="bbox 362 3285 1359 3371; baseline 0 -18"><span class='ocrx_word' id='word_1_227' title='bbox 362 3290 421 3353; x_wconf 82' lang='lat' dir='ltr'>rali</span> <span class='ocrx_word' id='word_1_228' title='bbox 443 3289 633 3371; x_wconf 85' lang='lat' dir='ltr'>suppositis,</span> <span class='ocrx_word' id='word_1_229' title='bbox 658 3310 739 3351; x_wconf 82' lang='lat' dir='ltr'>ntinc</span> <span class='ocrx_word' id='word_1_230' title='bbox 760 3285 992 3351; x_wconf 85' lang='lat' dir='ltr'>consuetudinis</span> <span class='ocrx_word' id='word_1_231' title='bbox 1013 3288 1072 3351; x_wconf 88' lang='lat' dir='ltr'>iuri</span> <span class='ocrx_word' id='word_1_232' title='bbox 1093 3299 1201 3370; x_wconf 80' lang='lat' dir='ltr'>partes</span> <span class='ocrx_word' id='word_1_233' title='bbox 1223 3290 1359 3353; x_wconf 88' lang='lat' dir='ltr'>subiicit.</span> 
     </span>
    </p>

    <p class='ocr_par' dir='ltr' id='par_1_17' title="bbox 359 3379 1704 3651">
     <span class='ocr_line' id='line_1_31' title="bbox 445 3379 1663 3469; baseline 0.002 -20"><span class='ocrx_word' id='word_1_234' title='bbox 445 3383 629 3449; x_wconf 83' lang='lat' dir='ltr'>Voluntnte</span> <span class='ocrx_word' id='word_1_235' title='bbox 649 3380 801 3445; x_wconf 84' lang='lat' dir='ltr'>omnium</span> <span class='ocrx_word' id='word_1_236' title='bbox 820 3379 894 3442; x_wconf 88' lang='lat' dir='ltr'>sine</span> <span class='ocrx_word' id='word_1_237' title='bbox 914 3382 988 3463; x_wconf 81' lang='lat' dir='ltr'>lege</span> <span class='ocrx_word' id='word_1_238' title='bbox 1009 3394 1157 3445; x_wconf 80' lang='lat' dir='ltr'>uetustos</span> <span class='ocrx_word' id='word_1_239' title='bbox 1176 3384 1418 3469; x_wconf 74' lang='lat' dir='ltr'>comprobarit]</span> <span class='ocrx_word' id='word_1_240' title='bbox 1461 3386 1505 3452; x_wconf 84' lang='lat' dir='ltr'>Ut</span> <span class='ocrx_word' id='word_1_241' title='bbox 1526 3390 1663 3469; x_wconf 83' lang='lat' dir='ltr'>pruden-</span> 
     </span>
     <span class='ocr_line' id='line_1_32' title="bbox 359 3473 1704 3563; baseline 0.004 -24"><span class='ocrx_word' id='word_1_242' title='bbox 359 3473 434 3539; x_wconf 87' lang='lat' dir='ltr'>tium</span> <span class='ocrx_word' id='word_1_243' title='bbox 457 3475 560 3549; x_wconf 81' lang='lat' dir='ltr'>ratio,</span> <span class='ocrx_word' id='word_1_244' title='bbox 591 3476 777 3539; x_wconf 78' lang='lat' dir='ltr'>auctoritate</span> <span class='ocrx_word' id='word_1_245' title='bbox 798 3476 868 3535; x_wconf 79' lang='lat' dir='ltr'>data</span> <span class='ocrx_word' id='word_1_246' title='bbox 890 3474 1125 3550; x_wconf 78' lang='lat' dir='ltr'>consuetudini,</span> <span class='ocrx_word' id='word_1_247' title='bbox 1155 3477 1194 3539; x_wconf 90' lang='lat' dir='ltr'>de</span> <span class='ocrx_word' id='word_1_248' title='bbox 1215 3480 1439 3541; x_wconf 89' lang='lat' dir='ltr'>cousuetudine</span> <span class='ocrx_word' id='word_1_249' title='bbox 1462 3480 1493 3543; x_wconf 93' lang='lat' dir='ltr'>in</span> <span class='ocrx_word' id='word_1_250' title='bbox 1514 3495 1662 3563; x_wconf 88' lang='lat' dir='ltr'>posteros</span> <span class='ocrx_word' id='word_1_251' title='bbox 1674 3482 1704 3531; x_wconf 85' lang='lat'>³⁰</span> 
     </span>
     <span class='ocr_line' id='line_1_33' title="bbox 359 3567 618 3651; baseline -0.008 -20"><span class='ocrx_word' id='word_1_252' title='bbox 359 3567 480 3632; x_wconf 86' lang='lat' dir='ltr'>miserit</span> <span class='ocrx_word' id='word_1_253' title='bbox 501 3568 618 3651; x_wconf 85' lang='lat' dir='ltr'>legem.</span> 
     </span>
    </p>

    <p class='ocr_par' dir='ltr' id='par_1_18' title="bbox 359 3659 1663 3838">
     <span class='ocr_line' id='line_1_34' title="bbox 442 3659 1663 3750; baseline 0.003 -23"><span class='ocrx_word' id='word_1_254' title='bbox 442 3664 530 3727; x_wconf 84' lang='lat' dir='ltr'>Iura</span> <span class='ocrx_word' id='word_1_255' title='bbox 555 3672 634 3723; x_wconf 87' lang='lat' dir='ltr'>sunt</span> <span class='ocrx_word' id='word_1_256' title='bbox 658 3660 824 3745; x_wconf 82' lang='lat' dir='ltr'>quaedam</span> <span class='ocrx_word' id='word_1_257' title='bbox 856 3659 933 3743; x_wconf 85' lang='lat' dir='ltr'>ipso</span> <span class='ocrx_word' id='word_1_258' title='bbox 960 3662 1031 3725; x_wconf 85' lang='lat' dir='ltr'>inm</span> <span class='ocrx_word' id='word_1_259' title='bbox 1058 3672 1152 3725; x_wconf 86' lang='lat' dir='ltr'>certa</span> <span class='ocrx_word' id='word_1_260' title='bbox 1175 3675 1318 3746; x_wconf 81' lang='lat' dir='ltr'>propter</span> <span class='ocrx_word' id='word_1_261' title='bbox 1350 3666 1561 3750; x_wconf 82' lang='lat' dir='ltr'>uetustatem]</span> <span class='ocrx_word' id='word_1_262' title='bbox 1618 3670 1663 3733; x_wconf 88' lang='lat' dir='ltr'>Ut</span> 
     </span>
     <span class='ocr_line' id='line_1_35' title="bbox 359 3754 1522 3838; baseline 0.005 -22"><span class='ocrx_word' id='word_1_263' title='bbox 359 3766 453 3838; x_wconf 87' lang='lat' dir='ltr'>puta,</span> <span class='ocrx_word' id='word_1_264' title='bbox 478 3764 513 3815; x_wconf 92' lang='lat' dir='ltr'>ut</span> <span class='ocrx_word' id='word_1_265' title='bbox 534 3754 704 3817; x_wconf 81' lang='lat' dir='ltr'>maioribus</span> <span class='ocrx_word' id='word_1_266' title='bbox 726 3766 928 3838; x_wconf 79' lang='lat' dir='ltr'>assurgatur3</span> <span class='ocrx_word' id='word_1_267' title='bbox 958 3754 1005 3818; x_wconf 91' lang='lat' dir='ltr'>ius</span> <span class='ocrx_word' id='word_1_268' title='bbox 1027 3767 1075 3818; x_wconf 90' lang='lat' dir='ltr'>est</span> <span class='ocrx_word' id='word_1_269' title='bbox 1095 3756 1175 3831; x_wconf 86' lang='lat' dir='ltr'>hoc,</span> <span class='ocrx_word' id='word_1_270' title='bbox 1201 3760 1256 3821; x_wconf 88' lang='lat' dir='ltr'>sed</span> <span class='ocrx_word' id='word_1_271' title='bbox 1278 3760 1522 3823; x_wconf 82' lang='lat' dir='ltr'>consuetudinis.</span> 
     </span>
    </p>

    <p class='ocr_par' dir='ltr' id='par_1_19' title="bbox 359 3846 1702 4123">
     <span class='ocr_line' id='line_1_36' title="bbox 442 3846 1661 3936; baseline 0.005 -26"><span class='ocrx_word' id='word_1_272' title='bbox 442 3848 560 3911; x_wconf 81' lang='lat' dir='ltr'>Multo</span> <span class='ocrx_word' id='word_1_273' title='bbox 589 3846 743 3909; x_wconf 80' lang='lat' dir='ltr'>maxima</span> <span class='ocrx_word' id='word_1_274' title='bbox 767 3868 867 3929; x_wconf 82' lang='lat' dir='ltr'>pars,</span> <span class='ocrx_word' id='word_1_275' title='bbox 904 3868 1007 3931; x_wconf 83' lang='lat' dir='ltr'>quam</span> <span class='ocrx_word' id='word_1_276' title='bbox 1032 3860 1211 3929; x_wconf 86' lang='lat' dir='ltr'>praetores</span> <span class='ocrx_word' id='word_1_277' title='bbox 1243 3850 1375 3915; x_wconf 83' lang='lat' dir='ltr'>edicere</span> <span class='ocrx_word' id='word_1_278' title='bbox 1405 3853 1661 3936; x_wconf 85' lang='lat' dir='ltr'>consueverunt]</span> 
     </span>
     <span class='ocr_line' id='line_1_37' title="bbox 359 3940 1702 4031; baseline 0 -26"><span class='ocrx_word' id='word_1_279' title='bbox 359 3942 434 4005; x_wconf 78' lang='lat' dir='ltr'>Non</span> <span class='ocrx_word' id='word_1_280' title='bbox 464 3962 506 4003; x_wconf 85' lang='lat' dir='ltr'>ex</span> <span class='ocrx_word' id='word_1_281' title='bbox 536 3940 642 4027; x_wconf 86' lang='lat' dir='ltr'>legum</span> <span class='ocrx_word' id='word_1_282' title='bbox 671 3940 849 4023; x_wconf 78' lang='lat' dir='ltr'>praeceptis</span> <span class='ocrx_word' id='word_1_283' title='bbox 869 3952 899 4001; x_wconf 87' lang='lat' dir='ltr'>et</span> <span class='ocrx_word' id='word_1_284' title='bbox 928 3940 1138 4017; x_wconf 82' lang='lat' dir='ltr'>iussionibus,</span> <span class='ocrx_word' id='word_1_285' title='bbox 1174 3946 1231 4005; x_wconf 83' lang='lat' dir='ltr'>sed</span> <span class='ocrx_word' id='word_1_286' title='bbox 1252 3964 1293 4006; x_wconf 84' lang='lat' dir='ltr'>ex</span> <span class='ocrx_word' id='word_1_287' title='bbox 1315 3942 1556 4023; x_wconf 70' lang='lat' dir='ltr'>consuetudine,</span> <span class='ocrx_word' id='word_1_288' title='bbox 1581 3957 1702 4031; x_wconf 69' lang='lat' dir='ltr'>queste</span> 
     </span>
     <span class='ocr_line' id='line_1_38' title="bbox 361 4034 1179 4123; baseline 0.001 -27"><span class='ocrx_word' id='word_1_289' title='bbox 361 4046 563 4123; x_wconf 83' lang='lat' dir='ltr'>proponatur</span> <span class='ocrx_word' id='word_1_290' title='bbox 583 4056 600 4095; x_wconf 79' lang='lat' dir='ltr'>a</span> <span class='ocrx_word' id='word_1_291' title='bbox 621 4034 822 4117; x_wconf 88' lang='lat' dir='ltr'>praetoribus</span> <span class='ocrx_word' id='word_1_292' title='bbox 843 4056 883 4096; x_wconf 83' lang='lat' dir='ltr'>ex</span> <span class='ocrx_word' id='word_1_293' title='bbox 904 4034 990 4097; x_wconf 91' lang='lat' dir='ltr'>bono</span> <span class='ocrx_word' id='word_1_294' title='bbox 1012 4043 1043 4096; x_wconf 86' lang='lat' dir='ltr'>et</span> <span class='ocrx_word' id='word_1_295' title='bbox 1064 4054 1179 4117; x_wconf 87' lang='lat' dir='ltr'>aequo.</span> 
     </span>
    </p>

    <p class='ocr_par' dir='ltr' id='par_1_20' title="bbox 359 4125 1658 4306">
     <span class='ocr_line' id='line_1_39' title="bbox 441 4125 1658 4215; baseline 0.005 -27"><span class='ocrx_word' id='word_1_296' title='bbox 441 4132 531 4199; x_wconf 81' lang='lat' dir='ltr'>Par,</span> <span class='ocrx_word' id='word_1_297' title='bbox 568 4128 659 4213; x_wconf 82' lang='lat' dir='ltr'>quod</span> <span class='ocrx_word' id='word_1_298' title='bbox 689 4129 726 4191; x_wconf 88' lang='lat' dir='ltr'>in</span> <span class='ocrx_word' id='word_1_299' title='bbox 753 4148 869 4191; x_wconf 87' lang='lat' dir='ltr'>omnes</span> <span class='ocrx_word' id='word_1_300' title='bbox 902 4126 1076 4210; x_wconf 79' lang='lat' dir='ltr'>aequabile</span> <span class='ocrx_word' id='word_1_301' title='bbox 1101 4125 1167 4208; x_wconf 83' lang='lat' dir='ltr'>est]</span> <span class='ocrx_word' id='word_1_302' title='bbox 1210 4127 1254 4192; x_wconf 90' lang='lat' dir='ltr'>Ut</span> <span class='ocrx_word' id='word_1_303' title='bbox 1276 4130 1329 4213; x_wconf 88' lang='lat' dir='ltr'>qni</span> <span class='ocrx_word' id='word_1_304' title='bbox 1349 4130 1503 4213; x_wconf 86' lang='lat' dir='ltr'>proponit</span> <span class='ocrx_word' id='word_1_305' title='bbox 1524 4130 1658 4215; x_wconf 86' lang='lat' dir='ltr'>aliquid,</span> 
     </span>
     <span class='ocr_line' id='line_1_40' title="bbox 359 4219 1395 4306; baseline 0.001 -22"><span class='ocrx_word' id='word_1_306' title='bbox 359 4221 421 4285; x_wconf 89' lang='lat' dir='ltr'>tale</span> <span class='ocrx_word' id='word_1_307' title='bbox 443 4233 620 4304; x_wconf 83' lang='lat' dir='ltr'>proponat,</span> <span class='ocrx_word' id='word_1_308' title='bbox 644 4229 678 4283; x_wconf 90' lang='lat' dir='ltr'>ut</span> <span class='ocrx_word' id='word_1_309' title='bbox 700 4241 764 4304; x_wconf 90' lang='lat' dir='ltr'>quo</span> <span class='ocrx_word' id='word_1_310' title='bbox 785 4219 855 4282; x_wconf 86' lang='lat' dir='ltr'>iure</span> <span class='ocrx_word' id='word_1_311' title='bbox 877 4219 969 4281; x_wconf 90' lang='lat' dir='ltr'>alium</span> <span class='ocrx_word' id='word_1_312' title='bbox 990 4230 1113 4295; x_wconf 80' lang='lat' dir='ltr'>teneat,</span> <span class='ocrx_word' id='word_1_313' title='bbox 1137 4221 1254 4285; x_wconf 83' lang='lat' dir='ltr'>horse</span> <span class='ocrx_word' id='word_1_314' title='bbox 1275 4222 1395 4306; x_wconf 82' lang='lat' dir='ltr'>alliget.</span> 
     </span>
    </p>

    <p class='ocr_par' dir='ltr' id='par_1_21' title="bbox 443 4312 1660 4401">
     <span class='ocr_line' id='line_1_41' title="bbox 443 4312 1660 4401; baseline 0.002 -23"><span class='ocrx_word' id='word_1_315' title='bbox 443 4318 522 4381; x_wconf 81' lang='lat' dir='ltr'>Iam</span> <span class='ocrx_word' id='word_1_316' title='bbox 543 4312 797 4396; x_wconf 76' lang='lat' dir='ltr'>iurolegitima</span> <span class='ocrx_word' id='word_1_317' title='bbox 818 4312 1015 4396; x_wconf 81' lang='lat' dir='ltr'>exlegibus</span> <span class='ocrx_word' id='word_1_318' title='bbox 1044 4314 1204 4396; x_wconf 79' lang='lat' dir='ltr'>cognosci</span> <span class='ocrx_word' id='word_1_319' title='bbox 1225 4315 1404 4399; x_wconf 82' lang='lat' dir='ltr'>oportebit]</span> <span class='ocrx_word' id='word_1_320' title='bbox 1446 4318 1556 4393; x_wconf 84' lang='lat' dir='ltr'>Haec,</span> <span class='ocrx_word' id='word_1_321' title='bbox 1580 4340 1660 4401; x_wconf 84' lang='lat' dir='ltr'>quae</span> 
     </span>
    </p>
   </div>
   <div class='ocr_carea' id='block_1_8' title="bbox 252 4407 1700 4590">
    <p class='ocr_par' dir='ltr' id='par_1_22' title="bbox 252 4407 1700 4590">
     <span class='ocr_line' id='line_1_42' title="bbox 252 4407 1700 4494; baseline 0.004 -25"><span class='ocrx_word' id='word_1_322' title='bbox 252 4475 253 4478; x_wconf 8' lang='grc' dir='ltr'><strong>Ἴ</strong></span> <span class='ocrx_word' id='word_1_323' title='bbox 360 4427 454 4488; x_wconf 84' lang='lat' dir='ltr'>supra</span> <span class='ocrx_word' id='word_1_324' title='bbox 477 4408 669 4481; x_wconf 84' lang='lat' dir='ltr'>dictasunt,</span> <span class='ocrx_word' id='word_1_325' title='bbox 694 4408 732 4469; x_wconf 91' lang='lat' dir='ltr'>de</span> <span class='ocrx_word' id='word_1_326' title='bbox 754 4407 977 4469; x_wconf 89' lang='lat' dir='ltr'>consuetudine</span> <span class='ocrx_word' id='word_1_327' title='bbox 999 4417 1129 4469; x_wconf 85' lang='lat' dir='ltr'>tractata</span> <span class='ocrx_word' id='word_1_328' title='bbox 1151 4420 1239 4472; x_wconf 86' lang='lat' dir='ltr'>sunt:</span> <span class='ocrx_word' id='word_1_329' title='bbox 1263 4430 1344 4471; x_wconf 75' lang='lat' dir='ltr'>niuno</span> <span class='ocrx_word' id='word_1_330' title='bbox 1365 4432 1460 4494; x_wconf 88' lang='lat' dir='ltr'>quum</span> <span class='ocrx_word' id='word_1_331' title='bbox 1483 4425 1660 4491; x_wconf 87' lang='lat' dir='ltr'>superesset</span> <span class='ocrx_word' id='word_1_332' title='bbox 1670 4416 1700 4466; x_wconf 78' lang='lat'>⁴⁰</span> 
     </span>
     <span class='ocr_line' id='line_1_43' title="bbox 252 4497 1660 4590; baseline 0.007 -30"><span class='ocrx_word' id='word_1_333' title='bbox 252 4497 253 4522; x_wconf 33' lang='lat' dir='ltr'>i</span> <span class='ocrx_word' id='word_1_334' title='bbox 359 4498 406 4562; x_wconf 86' lang='lat' dir='ltr'>ius</span> <span class='ocrx_word' id='word_1_335' title='bbox 428 4500 621 4585; x_wconf 79' lang='lat' dir='ltr'>legitimum,</span> <span class='ocrx_word' id='word_1_336' title='bbox 652 4498 864 4585; x_wconf 82' lang='lat' dir='ltr'>coguitionem</span> <span class='ocrx_word' id='word_1_337' title='bbox 900 4499 1028 4563; x_wconf 87' lang='lat' dir='ltr'>eiusad</span> <span class='ocrx_word' id='word_1_338' title='bbox 1056 4520 1112 4563; x_wconf 90' lang='lat' dir='ltr'>eos</span> <span class='ocrx_word' id='word_1_339' title='bbox 1139 4501 1316 4579; x_wconf 76' lang='lat' dir='ltr'>transtulit,</span> <span class='ocrx_word' id='word_1_340' title='bbox 1356 4502 1410 4588; x_wconf 89' lang='lat' dir='ltr'>qui</span> <span class='ocrx_word' id='word_1_341' title='bbox 1431 4502 1570 4590; x_wconf 85' lang='lat' dir='ltr'>legitima</span> <span class='ocrx_word' id='word_1_342' title='bbox 1593 4507 1660 4570; x_wconf 87' lang='lat' dir='ltr'>iura</span> 
     </span>
    </p>
   </div>
   <div class='ocr_carea' id='block_1_9' title="bbox 357 4590 515 4656">
    <p class='ocr_par' dir='ltr' id='par_1_23' title="bbox 357 4590 515 4656">
     <span class='ocr_line' id='line_1_44' title="bbox 357 4590 515 4656; baseline 0.013 -3"><span class='ocrx_word' id='word_1_343' title='bbox 357 4590 515 4656; x_wconf 80' lang='lat' dir='ltr'>iecerunt.</span> 
     </span>
    </p>
   </div>
   <div class='ocr_carea' id='block_1_10' title="bbox 360 4772 1659 5226">
    <p class='ocr_par' dir='ltr' id='par_1_24' title="bbox 360 4772 1659 4996">
     <span class='ocr_line' id='line_1_45' title="bbox 449 4772 1659 4850; baseline 0.009 -27"><span class='ocrx_word' id='word_1_344' title='bbox 449 4778 475 4831; x_wconf 79' lang='lat'>6.</span> <span class='ocrx_word' id='word_1_345' title='bbox 495 4778 561 4825; x_wconf 87' lang='lat' dir='ltr'>ltern</span> <span class='ocrx_word' id='word_1_346' title='bbox 579 4774 656 4825; x_wconf 78' lang='lat' dir='ltr'>adia:</span> <span class='ocrx_word' id='word_1_347' title='bbox 687 4790 746 4824; x_wconf 83' lang='lat' dir='ltr'>esse</span> <span class='ocrx_word' id='word_1_348' title='bbox 761 4781 878 4840; x_wconf 74' lang='lat' dir='ltr'>possiunt</span> <span class='ocrx_word' id='word_1_349' title='bbox 896 4775 977 4823; x_wconf 76' lang='lat' dir='ltr'>renim</span> <span class='ocrx_word' id='word_1_350' title='bbox 991 4775 1124 4842; x_wconf 74' lang='lat' dir='ltr'>pecientes</span> <span class='ocrx_word' id='word_1_351' title='bbox 1144 4808 1151 4824; x_wconf 92' lang='lat'><strong>.</strong></span> <span class='ocrx_word' id='word_1_352' title='bbox 1172 4808 1180 4825; x_wconf 89' lang='lat'><strong>.</strong></span> <span class='ocrx_word' id='word_1_353' title='bbox 1202 4811 1209 4827; x_wconf 92' lang='lat'><strong>.</strong></span> <span class='ocrx_word' id='word_1_354' title='bbox 1230 4772 1338 4825; x_wconf 76' lang='lat' dir='ltr'>diversi</span> <span class='ocrx_word' id='word_1_355' title='bbox 1356 4772 1478 4845; x_wconf 77' lang='lat' dir='ltr'>heredes]</span> <span class='ocrx_word' id='word_1_356' title='bbox 1509 4776 1659 4850; x_wconf 74' lang='lat' dir='ltr'>legebatur</span> 
     </span>
     <span class='ocr_line' id='line_1_46' title="bbox 360 4847 1656 4925; baseline 0.008 -27"><span class='ocrx_word' id='word_1_357' title='bbox 360 4862 453 4903; x_wconf 78' lang='lat' dir='ltr'>entes:</span> <span class='ocrx_word' id='word_1_358' title='bbox 473 4847 544 4899; x_wconf 85' lang='lat' dir='ltr'>Item</span> <span class='ocrx_word' id='word_1_359' title='bbox 562 4848 620 4899; x_wconf 81' lang='lat' dir='ltr'>atra</span> <span class='ocrx_word' id='word_1_360' title='bbox 639 4864 698 4899; x_wconf 86' lang='lat' dir='ltr'>em</span> <span class='ocrx_word' id='word_1_361' title='bbox 712 4855 845 4918; x_wconf 77' lang='lat' dir='ltr'>possunt,</span> <span class='ocrx_word' id='word_1_362' title='bbox 871 4852 953 4898; x_wconf 73' lang='lat' dir='ltr'>unless</span> <span class='ocrx_word' id='word_1_363' title='bbox 967 4851 1118 4916; x_wconf 76' lang='lat' dir='ltr'>perseniae,-</span> <span class='ocrx_word' id='word_1_364' title='bbox 1136 4862 1204 4919; x_wconf 80' lang='lat' dir='ltr'>quse</span> <span class='ocrx_word' id='word_1_365' title='bbox 1225 4847 1296 4901; x_wconf 81' lang='lat' dir='ltr'>mala</span> <span class='ocrx_word' id='word_1_366' title='bbox 1316 4854 1500 4925; x_wconf 83' lang='lat' dir='ltr'>interpunctio</span> <span class='ocrx_word' id='word_1_367' title='bbox 1511 4852 1656 4909; x_wconf 80' lang='lat' dir='ltr'>hulusloei</span> 
     </span>
     <span class='ocr_line' id='line_1_47' title="bbox 360 4920 1047 4996; baseline 0 -21"><span class='ocrx_word' id='word_1_368' title='bbox 360 4936 466 4975; x_wconf 81' lang='lat' dir='ltr'>tensum</span> <span class='ocrx_word' id='word_1_369' title='bbox 485 4940 542 4975; x_wconf 88' lang='lat' dir='ltr'>non</span> <span class='ocrx_word' id='word_1_370' title='bbox 562 4922 737 4977; x_wconf 72' lang='lat' dir='ltr'>mediocriter</span> <span class='ocrx_word' id='word_1_371' title='bbox 757 4920 941 4996; x_wconf 81' lang='lat' dir='ltr'>perturbsbsr.</span> <span class='ocrx_word' id='word_1_372' title='bbox 961 4920 1047 4975; x_wconf 65' lang='lat' dir='ltr'>Cirr.</span> 
     </span>
    </p>

    <p class='ocr_par' dir='ltr' id='par_1_25' title="bbox 433 4995 816 5069">
     <span class='ocr_line' id='line_1_48' title="bbox 433 4995 816 5069; baseline 0.003 -19"><span class='ocrx_word' id='word_1_373' title='bbox 433 5002 475 5057; x_wconf 75' lang='lat'>15.</span> <span class='ocrx_word' id='word_1_374' title='bbox 494 5014 532 5050; x_wconf 75' lang='grc' dir='ltr'>ω</span> <span class='ocrx_word' id='word_1_375' title='bbox 547 5006 646 5069; x_wconf 74' lang='lat' dir='ltr'>patrant</span> <span class='ocrx_word' id='word_1_376' title='bbox 667 4995 736 5051; x_wconf 84' lang='lat' dir='ltr'>eod.</span> <span class='ocrx_word' id='word_1_377' title='bbox 757 5000 816 5051; x_wconf 81' lang='lat' dir='ltr'>Bas.</span> 
     </span>
    </p>

    <p class='ocr_par' dir='ltr' id='par_1_26' title="bbox 431 5072 1318 5226">
     <span class='ocr_line' id='line_1_49' title="bbox 431 5072 1318 5141; baseline 0 -13"><span class='ocrx_word' id='word_1_378' title='bbox 431 5078 476 5133; x_wconf 73' lang='grc'>51.</span> <span class='ocrx_word' id='word_1_379' title='bbox 495 5077 604 5125; x_wconf 73' lang='lat' dir='ltr'>miserit</span> <span class='ocrx_word' id='word_1_380' title='bbox 623 5074 723 5141; x_wconf 66' lang='lat' dir='ltr'>legem]</span> <span class='ocrx_word' id='word_1_381' title='bbox 744 5072 840 5124; x_wconf 81' lang='lat' dir='ltr'>Fuitne</span> <span class='ocrx_word' id='word_1_382' title='bbox 860 5074 998 5135; x_wconf 81' lang='lat' dir='ltr'>emiserit,</span> <span class='ocrx_word' id='word_1_383' title='bbox 1016 5086 1051 5123; x_wconf 80' lang='lat' dir='ltr'>an</span> <span class='ocrx_word' id='word_1_384' title='bbox 1069 5076 1188 5123; x_wconf 81' lang='lat' dir='ltr'>sciverit</span> <span class='ocrx_word' id='word_1_385' title='bbox 1203 5072 1245 5127; x_wconf 71' lang='lat' dir='ltr'>L?</span> <span class='ocrx_word' id='word_1_386' title='bbox 1265 5072 1318 5127; x_wconf 77' lang='lat'>01.</span> 
     </span>
     <span class='ocr_line' id='line_1_50' title="bbox 432 5146 1111 5226; baseline 0.004 -30"><span class='ocrx_word' id='word_1_387' title='bbox 432 5150 477 5205; x_wconf 72' lang='lat'>35.</span> <span class='ocrx_word' id='word_1_388' title='bbox 495 5147 671 5213; x_wconf 74' lang='lat' dir='ltr'>tussionibus]</span> <span class='ocrx_word' id='word_1_389' title='bbox 694 5151 755 5200; x_wconf 75' lang='lat' dir='ltr'>Asc.</span> <span class='ocrx_word' id='word_1_390' title='bbox 774 5174 813 5188; x_wconf 90' lang='lat'>-</span> <span class='ocrx_word' id='word_1_391' title='bbox 830 5150 960 5226; x_wconf 72' lang='lat' dir='ltr'>tensionis</span> <span class='ocrx_word' id='word_1_392' title='bbox 973 5146 1044 5201; x_wconf 78' lang='lat' dir='ltr'>ceu.</span> <span class='ocrx_word' id='word_1_393' title='bbox 1058 5146 1111 5200; x_wconf 82' lang='lat' dir='ltr'>On.</span> 
     </span>
    </p>
   </div>
   <div class='ocr_carea' id='block_1_11' title="bbox 440 5224 1370 5291">
    <p class='ocr_par' dir='ltr' id='par_1_27' title="bbox 440 5224 1370 5291">
     <span class='ocr_line' id='line_1_51' title="bbox 440 5224 1370 5291; baseline -0.008 0"><span class='ocrx_word' id='word_1_394' title='bbox 440 5248 563 5291; x_wconf 62' lang='lat' dir='ltr'>tenemus</span> <span class='ocrx_word' id='word_1_395' title='bbox 577 5250 599 5291; x_wconf 73' lang='lat' dir='ltr'>u</span> <span class='ocrx_word' id='word_1_396' title='bbox 614 5250 657 5289; x_wconf 71' lang='lat' dir='ltr'>cu.</span> <span class='ocrx_word' id='word_1_397' title='bbox 678 5250 724 5289; x_wconf 78' lang='lat' dir='ltr'>vu.</span> <span class='ocrx_word' id='word_1_398' title='bbox 740 5248 765 5288; x_wconf 80' lang='lat' dir='ltr'>v.</span> <span class='ocrx_word' id='word_1_399' title='bbox 778 5250 798 5289; x_wconf 88' lang='lat'>1.</span> <span class='ocrx_word' id='word_1_400' title='bbox 1253 5244 1257 5251; x_wconf 89' lang='grc'><strong>’</strong></span> <span class='ocrx_word' id='word_1_401' title='bbox 1332 5224 1370 5285; x_wconf 87' lang='grc'>10</span> 
     </span>
    </p>
   </div>
   <div class='ocr_carea' id='block_1_12' title="bbox 0 0 2222 5956">
    <p class='ocr_par' dir='ltr' id='par_1_28' title="bbox 0 0 2222 5956">
     <span class='ocr_line' id='line_1_52' title="bbox 0 0 2222 5956; baseline 0 0"><span class='ocrx_word' id='word_1_402' title='bbox 0 0 2222 5956; x_wconf 95' lang='lat' dir='ltr'> </span> 
     </span>
    </p>
   </div>
  </div>
 </body>
</html>
