<?xml version="1.0" encoding="UTF-8"?>
<!DOCTYPE html PUBLIC "-//W3C//DTD XHTML 1.0 Transitional//EN"
    "http://www.w3.org/TR/xhtml1/DTD/xhtml1-transitional.dtd">
<html xmlns="http://www.w3.org/1999/xhtml" xml:lang="en" lang="en">
 <head>
  <title>
</title>
<meta http-equiv="Content-Type" content="text/html;charset=utf-8" />
  <meta name='ocr-system' content='tesseract 3.04.00' />
  <meta name='ocr-capabilities' content='ocr_page ocr_carea ocr_par ocr_line ocrx_word'/>
</head>
<body>
  <div class='ocr_page' id='page_1' title='image "./operaquaesupers09halmgoog_0146.png"; bbox 0 0 4434 5959; ppageno 0'>
   <div class='ocr_carea' id='block_1_1' title="bbox 546 592 1318 659">
    <p class='ocr_par' dir='ltr' id='par_1_1' title="bbox 546 592 1318 659">
     <span class='ocr_line' id='line_1_1' title="bbox 546 592 1318 659; baseline 0.001 -3"><span class='ocrx_word' id='word_1_1' title='bbox 546 594 608 656; x_wconf 79' lang='lat' dir='ltr'>tto</span> <span class='ocrx_word' id='word_1_2' title='bbox 1031 592 1318 659; x_wconf 74' lang='lat' dir='ltr'>victoututts</span> 
     </span>
    </p>
   </div>
   <div class='ocr_carea' id='block_1_2' title="bbox 465 729 1923 4062">
    <p class='ocr_par' dir='ltr' id='par_1_2' title="bbox 465 729 1923 2115">
     <span class='ocr_line' id='line_1_2' title="bbox 544 729 1852 813; baseline -0.001 -17"><span class='ocrx_word' id='word_1_3' title='bbox 544 732 625 796; x_wconf 88' lang='lat' dir='ltr'>niam</span> <span class='ocrx_word' id='word_1_4' title='bbox 648 731 708 795; x_wconf 89' lang='lat' dir='ltr'>iam</span> <span class='ocrx_word' id='word_1_5' title='bbox 729 731 760 796; x_wconf 89' lang='lat' dir='ltr'>in</span> <span class='ocrx_word' id='word_1_6' title='bbox 781 730 865 796; x_wconf 91' lang='lat' dir='ltr'>libro</span> <span class='ocrx_word' id='word_1_7' title='bbox 888 730 992 813; x_wconf 91' lang='lat' dir='ltr'>primo</span> <span class='ocrx_word' id='word_1_8' title='bbox 1013 742 1143 795; x_wconf 86' lang='lat' dir='ltr'>tractata</span> <span class='ocrx_word' id='word_1_9' title='bbox 1167 742 1255 795; x_wconf 82' lang='lat' dir='ltr'>sum:</span> <span class='ocrx_word' id='word_1_10' title='bbox 1289 754 1325 794; x_wconf 87' lang='lat' dir='ltr'>ac</span> <span class='ocrx_word' id='word_1_11' title='bbox 1346 729 1419 795; x_wconf 88' lang='lat' dir='ltr'>dicit</span> <span class='ocrx_word' id='word_1_12' title='bbox 1439 730 1469 794; x_wconf 92' lang='lat' dir='ltr'>in</span> <span class='ocrx_word' id='word_1_13' title='bbox 1491 732 1852 797; x_wconf 83' lang='lat' dir='ltr'>coniecturam·ornnia</span> 
     </span>
     <span class='ocr_line' id='line_1_3' title="bbox 544 824 1855 911; baseline -0.002 -22"><span class='ocrx_word' id='word_1_14' title='bbox 544 848 659 911; x_wconf 89' lang='lat' dir='ltr'>genera</span> <span class='ocrx_word' id='word_1_15' title='bbox 687 825 845 901; x_wconf 87' lang='lat' dir='ltr'>incidere,</span> <span class='ocrx_word' id='word_1_16' title='bbox 878 847 942 887; x_wconf 93' lang='lat' dir='ltr'>non</span> <span class='ocrx_word' id='word_1_17' title='bbox 972 846 1080 888; x_wconf 88' lang='lat' dir='ltr'>omnes</span> <span class='ocrx_word' id='word_1_18' title='bbox 1108 838 1234 907; x_wconf 89' lang='lat' dir='ltr'>partes,</span> <span class='ocrx_word' id='word_1_19' title='bbox 1274 836 1307 887; x_wconf 92' lang='lat' dir='ltr'>ut</span> <span class='ocrx_word' id='word_1_20' title='bbox 1330 824 1573 888; x_wconf 90' lang='lat' dir='ltr'>incontinentia</span> <span class='ocrx_word' id='word_1_21' title='bbox 1601 825 1738 909; x_wconf 81' lang='lat' dir='ltr'>negotii,</span> <span class='ocrx_word' id='word_1_22' title='bbox 1776 838 1855 887; x_wconf 88' lang='lat' dir='ltr'>ante</span> 
     </span>
     <span class='ocr_line' id='line_1_4' title="bbox 543 915 1853 1002; baseline -0.001 -21"><span class='ocrx_word' id='word_1_23' title='bbox 543 915 724 1002; x_wconf 76' lang='lat' dir='ltr'>negotium,</span> <span class='ocrx_word' id='word_1_24' title='bbox 762 918 793 999; x_wconf 84' lang='lat' dir='ltr'>in</span> <span class='ocrx_word' id='word_1_25' title='bbox 820 917 973 999; x_wconf 86' lang='lat' dir='ltr'>negotio,</span> <span class='ocrx_word' id='word_1_26' title='bbox 1012 928 1084 997; x_wconf 90' lang='lat' dir='ltr'>post</span> <span class='ocrx_word' id='word_1_27' title='bbox 1120 917 1298 1001; x_wconf 78' lang='lat' dir='ltr'>negotium,</span> <span class='ocrx_word' id='word_1_28' title='bbox 1335 916 1417 979; x_wconf 87' lang='lat' dir='ltr'>lacta</span> <span class='ocrx_word' id='word_1_29' title='bbox 1446 917 1547 980; x_wconf 91' lang='lat' dir='ltr'>omnia</span> <span class='ocrx_word' id='word_1_30' title='bbox 1578 917 1607 978; x_wconf 90' lang='lat' dir='ltr'>in</span> <span class='ocrx_word' id='word_1_31' title='bbox 1636 918 1853 999; x_wconf 72' lang='lat' dir='ltr'>suspicionem</span> 
     </span>
     <span class='ocr_line' id='line_1_5' title="bbox 543 1009 1854 1094; baseline -0.002 -19"><span class='ocrx_word' id='word_1_32' title='bbox 543 1034 712 1075; x_wconf 83' lang='lat' dir='ltr'>vocemus:</span> <span class='ocrx_word' id='word_1_33' title='bbox 735 1011 808 1073; x_wconf 92' lang='lat' dir='ltr'>item</span> <span class='ocrx_word' id='word_1_34' title='bbox 827 1012 857 1074; x_wconf 91' lang='lat' dir='ltr'>in</span> <span class='ocrx_word' id='word_1_35' title='bbox 874 1012 1017 1094; x_wconf 79' lang='lat' dir='ltr'>gestione</span> <span class='ocrx_word' id='word_1_36' title='bbox 1033 1009 1171 1094; x_wconf 87' lang='lat' dir='ltr'>negotii,</span> <span class='ocrx_word' id='word_1_37' title='bbox 1198 1011 1319 1084; x_wconf 80' lang='lat' dir='ltr'>locirm,</span> <span class='ocrx_word' id='word_1_38' title='bbox 1339 1021 1482 1089; x_wconf 89' lang='lat' dir='ltr'>tempus,</span> <span class='ocrx_word' id='word_1_39' title='bbox 1506 1010 1722 1087; x_wconf 81' lang='lat' dir='ltr'>occasionem,</span> <span class='ocrx_word' id='word_1_40' title='bbox 1745 1012 1854 1074; x_wconf 80' lang='lat' dir='ltr'>iacul-</span> 
     </span>
     <span class='ocr_line' id='line_1_6' title="bbox 517 1102 1852 1182; baseline 0.001 -16"><span class='ocrx_word' id='word_1_41' title='bbox 517 1118 641 1167; x_wconf 73' lang='lat' dir='ltr'>atates:</span> <span class='ocrx_word' id='word_1_42' title='bbox 679 1106 837 1167; x_wconf 81' lang='lat' dir='ltr'>demodo</span> <span class='ocrx_word' id='word_1_43' title='bbox 871 1102 1102 1177; x_wconf 79' lang='lat' dir='ltr'>conticescens,</span> <span class='ocrx_word' id='word_1_44' title='bbox 1138 1104 1223 1182; x_wconf 81' lang='lat' dir='ltr'>quod</span> <span class='ocrx_word' id='word_1_45' title='bbox 1256 1102 1301 1163; x_wconf 89' lang='lat' dir='ltr'>rei</span> <span class='ocrx_word' id='word_1_46' title='bbox 1329 1102 1509 1165; x_wconf 74' lang='lat' dir='ltr'>manifestae</span> <span class='ocrx_word' id='word_1_47' title='bbox 1538 1102 1599 1165; x_wconf 89' lang='lat' dir='ltr'>cti</span> <span class='ocrx_word' id='word_1_48' title='bbox 1647 1104 1852 1168; x_wconf 77' lang='lat' dir='ltr'>consessione</span> 
     </span>
     <span class='ocr_line' id='line_1_7' title="bbox 540 1125 1850 1279; baseline 0 -22"><span class='ocrx_word' id='word_1_49' title='bbox 540 1197 666 1259; x_wconf 89' lang='lat' dir='ltr'>habitae</span> <span class='ocrx_word' id='word_1_50' title='bbox 685 1198 796 1259; x_wconf 87' lang='lat' dir='ltr'>modus</span> <span class='ocrx_word' id='word_1_51' title='bbox 811 1216 934 1277; x_wconf 89' lang='lat' dir='ltr'>semper</span> <span class='ocrx_word' id='word_1_52' title='bbox 957 1206 1016 1258; x_wconf 90' lang='lat' dir='ltr'>est.</span> <span class='ocrx_word' id='word_1_53' title='bbox 1041 1199 1119 1260; x_wconf 87' lang='lat' dir='ltr'>item</span> <span class='ocrx_word' id='word_1_54' title='bbox 1135 1196 1274 1270; x_wconf 87' lang='lat' dir='ltr'>adiuncta</span> <span class='ocrx_word' id='word_1_55' title='bbox 1299 1194 1428 1279; x_wconf 88' lang='lat' dir='ltr'>negotio</span> <span class='ocrx_word' id='word_1_56' title='bbox 1447 1196 1494 1257; x_wconf 87' lang='lat' dir='ltr'>rel</span> <span class='ocrx_word' id='word_1_57' title='bbox 1518 1125 1634 1257; x_wconf 59' lang='lat' dir='ltr'>maioia</span> <span class='ocrx_word' id='word_1_58' title='bbox 1651 1196 1700 1257; x_wconf 87' lang='lat' dir='ltr'>vel</span> <span class='ocrx_word' id='word_1_59' title='bbox 1724 1195 1850 1259; x_wconf 88' lang='lat' dir='ltr'>minora</span> 
     </span>
     <span class='ocr_line' id='line_1_8' title="bbox 541 1287 1850 1372; baseline -0.001 -21"><span class='ocrx_word' id='word_1_60' title='bbox 541 1290 592 1352; x_wconf 87' lang='lat' dir='ltr'>vel</span> <span class='ocrx_word' id='word_1_61' title='bbox 612 1290 699 1371; x_wconf 88' lang='lat' dir='ltr'>paria</span> <span class='ocrx_word' id='word_1_62' title='bbox 723 1290 772 1351; x_wconf 81' lang='lat' dir='ltr'>vel</span> <span class='ocrx_word' id='word_1_63' title='bbox 795 1288 905 1351; x_wconf 80' lang='lat' dir='ltr'>similia</span> <span class='ocrx_word' id='word_1_64' title='bbox 927 1291 1122 1372; x_wconf 79' lang='lat' dir='ltr'>maximeque</span> <span class='ocrx_word' id='word_1_65' title='bbox 1144 1298 1272 1349; x_wconf 87' lang='lat' dir='ltr'>eventus</span> <span class='ocrx_word' id='word_1_66' title='bbox 1301 1287 1515 1349; x_wconf 84' lang='lat' dir='ltr'>coniecturae</span> <span class='ocrx_word' id='word_1_67' title='bbox 1537 1290 1678 1369; x_wconf 77' lang='lat' dir='ltr'>prodest.</span> <span class='ocrx_word' id='word_1_68' title='bbox 1722 1288 1850 1366; x_wconf 82' lang='lat' dir='ltr'>Qrtarta</span> 
     </span>
     <span class='ocr_line' id='line_1_9' title="bbox 541 1380 1850 1467; baseline -0.002 -24"><span class='ocrx_word' id='word_1_69' title='bbox 541 1380 632 1443; x_wconf 90' lang='lat' dir='ltr'>etiam</span> <span class='ocrx_word' id='word_1_70' title='bbox 653 1402 744 1462; x_wconf 89' lang='lat' dir='ltr'>pars,</span> <span class='ocrx_word' id='word_1_71' title='bbox 768 1401 848 1466; x_wconf 86' lang='lat' dir='ltr'>quae</span> <span class='ocrx_word' id='word_1_72' title='bbox 870 1394 990 1467; x_wconf 87' lang='lat' dir='ltr'>gestum</span> <span class='ocrx_word' id='word_1_73' title='bbox 1006 1382 1166 1464; x_wconf 81' lang='lat' dir='ltr'>negotium</span> <span class='ocrx_word' id='word_1_74' title='bbox 1184 1380 1404 1460; x_wconf 87' lang='lat' dir='ltr'>consequitur,</span> <span class='ocrx_word' id='word_1_75' title='bbox 1429 1383 1466 1441; x_wconf 87' lang='lat' dir='ltr'>ad</span> <span class='ocrx_word' id='word_1_76' title='bbox 1483 1382 1711 1442; x_wconf 84' lang='lat' dir='ltr'>coniecturam</span> <span class='ocrx_word' id='word_1_77' title='bbox 1727 1380 1850 1441; x_wconf 78' lang='lat' dir='ltr'>tribuet</span> 
     </span>
     <span class='ocr_line' id='line_1_10' title="bbox 465 1471 1846 1557; baseline -0.003 -18"><span class='ocrx_word' id='word_1_78' title='bbox 465 1530 469 1539; x_wconf 90' lang='lat'><em>.</em></span> <span class='ocrx_word' id='word_1_79' title='bbox 540 1485 740 1557; x_wconf 80' lang='lat' dir='ltr'>argumenta3</span> <span class='ocrx_word' id='word_1_80' title='bbox 764 1474 818 1537; x_wconf 89' lang='lat' dir='ltr'>nbi</span> <span class='ocrx_word' id='word_1_81' title='bbox 833 1474 993 1556; x_wconf 87' lang='lat' dir='ltr'>quaeritur</span> <span class='ocrx_word' id='word_1_82' title='bbox 1008 1474 1079 1548; x_wconf 79' lang='lat' dir='ltr'>lex,</span> <span class='ocrx_word' id='word_1_83' title='bbox 1118 1475 1331 1549; x_wconf 87' lang='lat' dir='ltr'>cousuetudo,</span> <span class='ocrx_word' id='word_1_84' title='bbox 1365 1471 1487 1554; x_wconf 85' lang='lat' dir='ltr'>pactio,</span> <span class='ocrx_word' id='word_1_85' title='bbox 1512 1494 1607 1548; x_wconf 78' lang='lat' dir='ltr'>tastis,</span> <span class='ocrx_word' id='word_1_86' title='bbox 1642 1472 1846 1536; x_wconf 87' lang='lat' dir='ltr'>exercitatio.</span> 
     </span>
     <span class='ocr_line' id='line_1_11' title="bbox 499 1558 1923 1651; baseline 0.002 -26"><span class='ocrx_word' id='word_1_87' title='bbox 499 1569 649 1651; x_wconf 68' lang='lat' dir='ltr'>tulitque</span> <span class='ocrx_word' id='word_1_88' title='bbox 671 1570 749 1633; x_wconf 87' lang='lat' dir='ltr'>haee</span> <span class='ocrx_word' id='word_1_89' title='bbox 774 1578 846 1628; x_wconf 83' lang='lat' dir='ltr'>stant</span> <span class='ocrx_word' id='word_1_90' title='bbox 867 1567 1015 1629; x_wconf 84' lang='lat' dir='ltr'>attributa</span> <span class='ocrx_word' id='word_1_91' title='bbox 1041 1568 1192 1649; x_wconf 81' lang='lat' dir='ltr'>negotio:</span> <span class='ocrx_word' id='word_1_92' title='bbox 1215 1588 1254 1629; x_wconf 86' lang='lat' dir='ltr'>ex</span> <span class='ocrx_word' id='word_1_93' title='bbox 1281 1566 1393 1649; x_wconf 84' lang='lat' dir='ltr'>quilurs</span> <span class='ocrx_word' id='word_1_94' title='bbox 1415 1558 1508 1649; x_wconf 86' lang='lat' dir='ltr'>quum</span> <span class='ocrx_word' id='word_1_95' title='bbox 1532 1566 1656 1628; x_wconf 82' lang='lat' dir='ltr'>ducitur</span> <span class='ocrx_word' id='word_1_96' title='bbox 1677 1587 1848 1649; x_wconf 86' lang='lat' dir='ltr'>argumen·</span> <span class='ocrx_word' id='word_1_97' title='bbox 1911 1592 1923 1615; x_wconf 67' lang='lat' dir='ltr'>s</span> 
     </span>
     <span class='ocr_line' id='line_1_12' title="bbox 540 1658 1846 1743; baseline -0.001 -23"><span class='ocrx_word' id='word_1_98' title='bbox 540 1672 623 1733; x_wconf 87' lang='lat' dir='ltr'>turn,</span> <span class='ocrx_word' id='word_1_99' title='bbox 646 1659 795 1742; x_wconf 89' lang='lat' dir='ltr'>impletur</span> <span class='ocrx_word' id='word_1_100' title='bbox 812 1659 1043 1743; x_wconf 81' lang='lat' dir='ltr'>argumentatio</span> <span class='ocrx_word' id='word_1_101' title='bbox 1063 1679 1102 1721; x_wconf 83' lang='lat' dir='ltr'>ex</span> <span class='ocrx_word' id='word_1_102' title='bbox 1122 1659 1265 1741; x_wconf 82' lang='lat' dir='ltr'>negotio.</span> <span class='ocrx_word' id='word_1_103' title='bbox 1311 1658 1474 1721; x_wconf 83' lang='lat' dir='ltr'>Invenitur</span> <span class='ocrx_word' id='word_1_104' title='bbox 1496 1669 1595 1720; x_wconf 76' lang='lat' dir='ltr'>atatem</span> <span class='ocrx_word' id='word_1_105' title='bbox 1612 1658 1846 1741; x_wconf 79' lang='lat' dir='ltr'>argumentatio</span> 
     </span>
     <span class='ocr_line' id='line_1_13' title="bbox 539 1751 1848 1836; baseline -0.001 -23"><span class='ocrx_word' id='word_1_106' title='bbox 539 1764 720 1833; x_wconf 80' lang='lat' dir='ltr'>practerea,</span> <span class='ocrx_word' id='word_1_107' title='bbox 748 1772 828 1836; x_wconf 86' lang='lat' dir='ltr'>quae</span> <span class='ocrx_word' id='word_1_108' title='bbox 853 1753 1061 1815; x_wconf 88' lang='lat' dir='ltr'>communiter</span> <span class='ocrx_word' id='word_1_109' title='bbox 1082 1766 1222 1814; x_wconf 81' lang='lat' dir='ltr'>saturatur</span> <span class='ocrx_word' id='word_1_110' title='bbox 1244 1772 1282 1813; x_wconf 87' lang='lat' dir='ltr'>ex</span> <span class='ocrx_word' id='word_1_111' title='bbox 1303 1751 1461 1813; x_wconf 87' lang='lat' dir='ltr'>attributis</span> <span class='ocrx_word' id='word_1_112' title='bbox 1474 1751 1605 1832; x_wconf 88' lang='lat' dir='ltr'>negotio</span> <span class='ocrx_word' id='word_1_113' title='bbox 1632 1764 1663 1814; x_wconf 90' lang='lat' dir='ltr'>et</span> <span class='ocrx_word' id='word_1_114' title='bbox 1683 1752 1848 1815; x_wconf 84' lang='lat' dir='ltr'>attributis</span> 
     </span>
     <span class='ocr_line' id='line_1_14' title="bbox 538 1844 1845 1929; baseline -0.003 -21"><span class='ocrx_word' id='word_1_115' title='bbox 538 1866 714 1929; x_wconf 86' lang='lat' dir='ltr'>personae:</span> <span class='ocrx_word' id='word_1_116' title='bbox 751 1856 785 1907; x_wconf 91' lang='lat' dir='ltr'>ut</span> <span class='ocrx_word' id='word_1_117' title='bbox 806 1844 953 1907; x_wconf 87' lang='lat' dir='ltr'>attributa</span> <span class='ocrx_word' id='word_1_118' title='bbox 977 1866 1132 1927; x_wconf 85' lang='lat' dir='ltr'>personae</span> <span class='ocrx_word' id='word_1_119' title='bbox 1155 1866 1217 1906; x_wconf 92' lang='lat' dir='ltr'>non</span> <span class='ocrx_word' id='word_1_120' title='bbox 1241 1844 1314 1905; x_wconf 88' lang='lat' dir='ltr'>mihi</span> <span class='ocrx_word' id='word_1_121' title='bbox 1337 1859 1522 1925; x_wconf 88' lang='lat' dir='ltr'>personam,</span> <span class='ocrx_word' id='word_1_122' title='bbox 1559 1845 1620 1906; x_wconf 90' lang='lat' dir='ltr'>hoc</span> <span class='ocrx_word' id='word_1_123' title='bbox 1645 1856 1709 1916; x_wconf 90' lang='lat' dir='ltr'>est,</span> <span class='ocrx_word' id='word_1_124' title='bbox 1748 1844 1845 1905; x_wconf 82' lang='lat' dir='ltr'>vitam</span> 
     </span>
     <span class='ocr_line' id='line_1_15' title="bbox 506 1935 1846 2019; baseline -0.001 -20"><span class='ocrx_word' id='word_1_125' title='bbox 506 2009 509 2015; x_wconf 26' lang='lat'><strong>¹</strong></span> <span class='ocrx_word' id='word_1_126' title='bbox 539 1939 738 2019; x_wconf 87' lang='lat' dir='ltr'>praeteritam</span> <span class='ocrx_word' id='word_1_127' title='bbox 761 1937 894 2001; x_wconf 87' lang='lat' dir='ltr'>bominis</span> <span class='ocrx_word' id='word_1_128' title='bbox 916 1939 1094 2012; x_wconf 81' lang='lat' dir='ltr'>declarent,</span> <span class='ocrx_word' id='word_1_129' title='bbox 1119 1939 1175 1999; x_wconf 90' lang='lat' dir='ltr'>sed</span> <span class='ocrx_word' id='word_1_130' title='bbox 1197 1938 1259 1999; x_wconf 92' lang='lat' dir='ltr'>hoc</span> <span class='ocrx_word' id='word_1_131' title='bbox 1281 1937 1401 1999; x_wconf 82' lang='lat' dir='ltr'>lacinus</span> <span class='ocrx_word' id='word_1_132' title='bbox 1417 1939 1613 2017; x_wconf 84' lang='lat' dir='ltr'>approbent,</span> <span class='ocrx_word' id='word_1_133' title='bbox 1637 1938 1723 2019; x_wconf 86' lang='lat' dir='ltr'>quod</span> <span class='ocrx_word' id='word_1_134' title='bbox 1740 1935 1846 1998; x_wconf 88' lang='lat' dir='ltr'>inten-</span> 
     </span>
     <span class='ocr_line' id='line_1_16' title="bbox 496 2030 1761 2115; baseline 0 -24"><span class='ocrx_word' id='word_1_135' title='bbox 496 2033 641 2094; x_wconf 81' lang='lat' dir='ltr'>tsditur:</span> <span class='ocrx_word' id='word_1_136' title='bbox 665 2032 744 2094; x_wconf 92' lang='lat' dir='ltr'>sicut</span> <span class='ocrx_word' id='word_1_137' title='bbox 765 2032 986 2104; x_wconf 81' lang='lat' dir='ltr'>declarabunt,</span> <span class='ocrx_word' id='word_1_138' title='bbox 1012 2052 1091 2115; x_wconf 85' lang='lat' dir='ltr'>qrrae</span> <span class='ocrx_word' id='word_1_139' title='bbox 1114 2039 1357 2112; x_wconf 88' lang='lat' dir='ltr'>supponuntur,</span> <span class='ocrx_word' id='word_1_140' title='bbox 1382 2030 1537 2110; x_wconf 84' lang='lat' dir='ltr'>exempla.</span> <span class='ocrx_word' id='word_1_141' title='bbox 1758 2035 1761 2041; x_wconf 86' lang='lat'>&#39;</span> 
     </span>
    </p>

    <p class='ocr_par' dir='ltr' id='par_1_3' title="bbox 536 2121 1844 2298">
     <span class='ocr_line' id='line_1_17' title="bbox 619 2121 1844 2207; baseline -0.002 -20"><span class='ocrx_word' id='word_1_142' title='bbox 619 2124 836 2207; x_wconf 80' lang='lat' dir='ltr'>Suspiciones</span> <span class='ocrx_word' id='word_1_143' title='bbox 857 2123 1037 2204; x_wconf 84' lang='lat' dir='ltr'>ducentur]</span> <span class='ocrx_word' id='word_1_144' title='bbox 1065 2124 1103 2186; x_wconf 92' lang='lat' dir='ltr'>Id</span> <span class='ocrx_word' id='word_1_145' title='bbox 1125 2135 1190 2198; x_wconf 90' lang='lat' dir='ltr'>est,</span> <span class='ocrx_word' id='word_1_146' title='bbox 1214 2122 1393 2186; x_wconf 86' lang='lat' dir='ltr'>coniectura</span> <span class='ocrx_word' id='word_1_147' title='bbox 1414 2122 1557 2205; x_wconf 88' lang='lat' dir='ltr'>capietur</span> <span class='ocrx_word' id='word_1_148' title='bbox 1570 2142 1610 2185; x_wconf 87' lang='lat' dir='ltr'>ex</span> <span class='ocrx_word' id='word_1_149' title='bbox 1625 2121 1723 2205; x_wconf 87' lang='lat' dir='ltr'>ipsius</span> <span class='ocrx_word' id='word_1_150' title='bbox 1738 2122 1844 2187; x_wconf 91' lang='lat' dir='ltr'>omni-</span> 
     </span>
     <span class='ocr_line' id='line_1_18' title="bbox 536 2216 775 2298; baseline 0 -19"><span class='ocrx_word' id='word_1_151' title='bbox 536 2217 595 2279; x_wconf 86' lang='lat' dir='ltr'>bus</span> <span class='ocrx_word' id='word_1_152' title='bbox 618 2216 775 2298; x_wconf 87' lang='lat' dir='ltr'>partibus.</span> 
     </span>
    </p>

    <p class='ocr_par' dir='ltr' id='par_1_4' title="bbox 535 2304 1844 2485">
     <span class='ocr_line' id='line_1_19' title="bbox 617 2304 1844 2391; baseline -0.003 -18"><span class='ocrx_word' id='word_1_153' title='bbox 617 2312 678 2373; x_wconf 81' lang='lat' dir='ltr'>Ex</span> <span class='ocrx_word' id='word_1_154' title='bbox 698 2308 853 2372; x_wconf 84' lang='lat' dir='ltr'>omnibus</span> <span class='ocrx_word' id='word_1_155' title='bbox 873 2309 1030 2390; x_wconf 85' lang='lat' dir='ltr'>partibus</span> <span class='ocrx_word' id='word_1_156' title='bbox 1046 2306 1311 2391; x_wconf 75' lang='lat' dir='ltr'>pertentatum]</span> <span class='ocrx_word' id='word_1_157' title='bbox 1341 2308 1385 2371; x_wconf 90' lang='lat' dir='ltr'>Ut</span> <span class='ocrx_word' id='word_1_158' title='bbox 1407 2326 1470 2369; x_wconf 91' lang='lat' dir='ltr'>non</span> <span class='ocrx_word' id='word_1_159' title='bbox 1493 2304 1586 2370; x_wconf 87' lang='lat' dir='ltr'>mixta</span> <span class='ocrx_word' id='word_1_160' title='bbox 1608 2305 1670 2370; x_wconf 88' lang='lat' dir='ltr'>sint</span> <span class='ocrx_word' id='word_1_161' title='bbox 1690 2307 1844 2371; x_wconf 89' lang='lat' dir='ltr'>attributa</span> 
     </span>
     <span class='ocr_line' id='line_1_20' title="bbox 535 2399 1842 2485; baseline 0.001 -23"><span class='ocrx_word' id='word_1_162' title='bbox 535 2420 709 2481; x_wconf 85' lang='lat' dir='ltr'>personae,</span> <span class='ocrx_word' id='word_1_163' title='bbox 733 2403 787 2462; x_wconf 90' lang='lat' dir='ltr'>sed</span> <span class='ocrx_word' id='word_1_164' title='bbox 809 2410 928 2463; x_wconf 89' lang='lat' dir='ltr'>tantum</span> <span class='ocrx_word' id='word_1_165' title='bbox 950 2400 1100 2463; x_wconf 53' lang='lat' dir='ltr'>sola&#39;sint</span> <span class='ocrx_word' id='word_1_166' title='bbox 1122 2402 1206 2465; x_wconf 84' lang='lat' dir='ltr'>sacta</span> <span class='ocrx_word' id='word_1_167' title='bbox 1226 2401 1257 2464; x_wconf 89' lang='lat' dir='ltr'>in</span> <span class='ocrx_word' id='word_1_168' title='bbox 1279 2399 1350 2483; x_wconf 92' lang='lat' dir='ltr'>ipso</span> <span class='ocrx_word' id='word_1_169' title='bbox 1370 2400 1502 2485; x_wconf 86' lang='lat' dir='ltr'>negotio</span> <span class='ocrx_word' id='word_1_170' title='bbox 1525 2403 1576 2465; x_wconf 84' lang='lat' dir='ltr'>vel</span> <span class='ocrx_word' id='word_1_171' title='bbox 1598 2402 1721 2466; x_wconf 87' lang='lat' dir='ltr'>actione</span> <span class='ocrx_word' id='word_1_172' title='bbox 1742 2402 1842 2465; x_wconf 88' lang='lat' dir='ltr'>totius</span> 
     </span>
    </p>

    <p class='ocr_par' dir='ltr' id='par_1_5' title="bbox 493 2494 817 2577">
     <span class='ocr_line' id='line_1_21' title="bbox 493 2494 817 2577; baseline -0.003 -18"><span class='ocrx_word' id='word_1_173' title='bbox 493 2512 525 2561; x_wconf 80' lang='lat' dir='ltr'>tt</span> <span class='ocrx_word' id='word_1_174' title='bbox 536 2494 655 2577; x_wconf 84' lang='lat' dir='ltr'>negotii</span> <span class='ocrx_word' id='word_1_175' title='bbox 676 2495 817 2575; x_wconf 86' lang='lat' dir='ltr'>impleta.</span> 
     </span>
    </p>

    <p class='ocr_par' dir='ltr' id='par_1_6' title="bbox 533 2583 1842 2855">
     <span class='ocr_line' id='line_1_22' title="bbox 617 2583 1842 2677; baseline -0.002 -25"><span class='ocrx_word' id='word_1_176' title='bbox 617 2589 692 2652; x_wconf 87' lang='lat' dir='ltr'>Hoc</span> <span class='ocrx_word' id='word_1_177' title='bbox 707 2608 792 2669; x_wconf 83' lang='lat' dir='ltr'>ergo</span> <span class='ocrx_word' id='word_1_178' title='bbox 813 2587 849 2649; x_wconf 88' lang='lat' dir='ltr'>in</span> <span class='ocrx_word' id='word_1_179' title='bbox 869 2608 993 2671; x_wconf 78' lang='lat' dir='ltr'>genere</span> <span class='ocrx_word' id='word_1_180' title='bbox 1009 2586 1217 2670; x_wconf 82' lang='lat' dir='ltr'>spectabitur</span> <span class='ocrx_word' id='word_1_181' title='bbox 1237 2589 1350 2664; x_wconf 89' lang='lat' dir='ltr'>locus,</span> <span class='ocrx_word' id='word_1_182' title='bbox 1374 2597 1525 2669; x_wconf 86' lang='lat' dir='ltr'>tempus,</span> <span class='ocrx_word' id='word_1_183' title='bbox 1549 2587 1700 2663; x_wconf 80' lang='lat' dir='ltr'>occasio,</span> <span class='ocrx_word' id='word_1_184' title='bbox 1713 2583 1842 2677; x_wconf 79' lang='lat' dir='ltr'>sacril-</span> 
     </span>
     <span class='ocr_line' id='line_1_23' title="bbox 533 2678 1842 2764; baseline 0.002 -22"><span class='ocrx_word' id='word_1_185' title='bbox 533 2680 603 2760; x_wconf 87' lang='lat' dir='ltr'>tas]</span> <span class='ocrx_word' id='word_1_186' title='bbox 647 2680 783 2742; x_wconf 89' lang='lat' dir='ltr'>Modum</span> <span class='ocrx_word' id='word_1_187' title='bbox 812 2680 844 2743; x_wconf 91' lang='lat' dir='ltr'>in</span> <span class='ocrx_word' id='word_1_188' title='bbox 873 2680 1068 2742; x_wconf 85' lang='lat' dir='ltr'>coniectura</span> <span class='ocrx_word' id='word_1_189' title='bbox 1096 2700 1159 2743; x_wconf 88' lang='lat' dir='ltr'>non</span> <span class='ocrx_word' id='word_1_190' title='bbox 1188 2680 1313 2762; x_wconf 86' lang='lat' dir='ltr'>posuit,</span> <span class='ocrx_word' id='word_1_191' title='bbox 1350 2679 1423 2764; x_wconf 89' lang='lat' dir='ltr'>quia</span> <span class='ocrx_word' id='word_1_192' title='bbox 1452 2678 1483 2741; x_wconf 90' lang='lat' dir='ltr'>in</span> <span class='ocrx_word' id='word_1_193' title='bbox 1510 2679 1651 2744; x_wconf 87' lang='lat' dir='ltr'>laeinore</span> <span class='ocrx_word' id='word_1_194' title='bbox 1676 2680 1842 2745; x_wconf 85' lang='lat' dir='ltr'>conlessio</span> 
     </span>
     <span class='ocr_line' id='line_1_24' title="bbox 534 2772 856 2855; baseline -0.003 -20"><span class='ocrx_word' id='word_1_195' title='bbox 534 2793 658 2855; x_wconf 86' lang='lat' dir='ltr'>semper</span> <span class='ocrx_word' id='word_1_196' title='bbox 679 2772 856 2853; x_wconf 88' lang='lat' dir='ltr'>inspicitur.</span> 
     </span>
    </p>

    <p class='ocr_par' dir='ltr' id='par_1_7' title="bbox 617 2856 1842 2953">
     <span class='ocr_line' id='line_1_25' title="bbox 617 2863 1842 2953; baseline 0.002 -24"><span class='ocrx_word' id='word_1_197' title='bbox 617 2869 704 2929; x_wconf 81' lang='lat' dir='ltr'>Sunt</span> <span class='ocrx_word' id='word_1_198' title='bbox 720 2876 834 2927; x_wconf 87' lang='lat' dir='ltr'>autem</span> <span class='ocrx_word' id='word_1_199' title='bbox 848 2865 983 2948; x_wconf 81' lang='lat' dir='ltr'>aliquae</span> <span class='ocrx_word' id='word_1_200' title='bbox 998 2866 1220 2949; x_wconf 74' lang='lat' dir='ltr'>aruspicionea,</span> <span class='ocrx_word' id='word_1_201' title='bbox 1244 2886 1331 2949; x_wconf 82' lang='lat' dir='ltr'>quae</span> <span class='ocrx_word' id='word_1_202' title='bbox 1346 2863 1569 2928; x_wconf 85' lang='lat' dir='ltr'>communiter</span> <span class='ocrx_word' id='word_1_203' title='bbox 1579 2876 1613 2929; x_wconf 82' lang='lat' dir='ltr'>et</span> <span class='ocrx_word' id='word_1_204' title='bbox 1625 2890 1672 2931; x_wconf 84' lang='lat' dir='ltr'>ese</span> <span class='ocrx_word' id='word_1_205' title='bbox 1685 2868 1842 2953; x_wconf 83' lang='lat' dir='ltr'>negotio-</span> 
     </span>
    </p>

    <p class='ocr_par' dir='ltr' id='par_1_8' title="bbox 490 2959 1842 3413">
     <span class='ocr_line' id='line_1_26' title="bbox 490 2959 1841 3044; baseline 0.001 -23"><span class='ocrx_word' id='word_1_206' title='bbox 490 2980 524 3028; x_wconf 80' lang='lat'>25</span> <span class='ocrx_word' id='word_1_207' title='bbox 533 2980 611 3021; x_wconf 81' lang='lat' dir='ltr'>nam</span> <span class='ocrx_word' id='word_1_208' title='bbox 625 2969 658 3020; x_wconf 89' lang='lat' dir='ltr'>et</span> <span class='ocrx_word' id='word_1_209' title='bbox 671 2980 718 3019; x_wconf 75' lang='lat' dir='ltr'>ex</span> <span class='ocrx_word' id='word_1_210' title='bbox 726 2978 955 3039; x_wconf 83' lang='lat' dir='ltr'>personarum</span> <span class='ocrx_word' id='word_1_211' title='bbox 969 2959 1247 3023; x_wconf 83' lang='lat' dir='ltr'>attributionibus</span> <span class='ocrx_word' id='word_1_212' title='bbox 1261 2959 1457 3038; x_wconf 83' lang='lat' dir='ltr'>sumasntur]</span> <span class='ocrx_word' id='word_1_213' title='bbox 1499 2960 1720 3023; x_wconf 83' lang='lat' dir='ltr'>Coniecturae</span> <span class='ocrx_word' id='word_1_214' title='bbox 1743 2982 1841 3044; x_wconf 86' lang='lat' dir='ltr'>argu-</span> 
     </span>
     <span class='ocr_line' id='line_1_27' title="bbox 532 3048 1841 3138; baseline -0.001 -23"><span class='ocrx_word' id='word_1_215' title='bbox 532 3063 632 3115; x_wconf 88' lang='lat' dir='ltr'>menta</span> <span class='ocrx_word' id='word_1_216' title='bbox 652 3063 826 3133; x_wconf 88' lang='lat' dir='ltr'>suggerunt</span> <span class='ocrx_word' id='word_1_217' title='bbox 848 3072 960 3125; x_wconf 86' lang='lat' dir='ltr'>causa,</span> <span class='ocrx_word' id='word_1_218' title='bbox 990 3073 1144 3133; x_wconf 88' lang='lat' dir='ltr'>persona,</span> <span class='ocrx_word' id='word_1_219' title='bbox 1175 3052 1312 3115; x_wconf 79' lang='lat' dir='ltr'>lactum:</span> <span class='ocrx_word' id='word_1_220' title='bbox 1349 3052 1457 3134; x_wconf 87' lang='lat' dir='ltr'>utique</span> <span class='ocrx_word' id='word_1_221' title='bbox 1480 3048 1552 3114; x_wconf 87' lang='lat' dir='ltr'>ideo</span> <span class='ocrx_word' id='word_1_222' title='bbox 1573 3050 1648 3129; x_wconf 91' lang='lat' dir='ltr'>tria,</span> <span class='ocrx_word' id='word_1_223' title='bbox 1681 3054 1752 3138; x_wconf 83' lang='lat' dir='ltr'>quia</span> <span class='ocrx_word' id='word_1_224' title='bbox 1775 3055 1841 3117; x_wconf 89' lang='lat' dir='ltr'>sin·</span> 
     </span>
     <span class='ocr_line' id='line_1_28' title="bbox 532 3143 1839 3227; baseline 0.004 -23"><span class='ocrx_word' id='word_1_225' title='bbox 532 3145 619 3227; x_wconf 76' lang='lat' dir='ltr'>gerla.</span> <span class='ocrx_word' id='word_1_226' title='bbox 673 3143 745 3205; x_wconf 86' lang='lat' dir='ltr'>Suis</span> <span class='ocrx_word' id='word_1_227' title='bbox 775 3143 871 3226; x_wconf 85' lang='lat' dir='ltr'>igitur</span> <span class='ocrx_word' id='word_1_228' title='bbox 899 3144 1074 3208; x_wconf 86' lang='lat' dir='ltr'>rationibus</span> <span class='ocrx_word' id='word_1_229' title='bbox 1099 3164 1212 3219; x_wconf 89' lang='lat' dir='ltr'>causa,</span> <span class='ocrx_word' id='word_1_230' title='bbox 1248 3144 1312 3207; x_wconf 83' lang='lat' dir='ltr'>asiis</span> <span class='ocrx_word' id='word_1_231' title='bbox 1342 3164 1477 3225; x_wconf 87' lang='lat' dir='ltr'>persona</span> <span class='ocrx_word' id='word_1_232' title='bbox 1505 3143 1595 3207; x_wconf 90' lang='lat' dir='ltr'>etiam</span> <span class='ocrx_word' id='word_1_233' title='bbox 1625 3148 1839 3227; x_wconf 87' lang='lat' dir='ltr'>approbatur.</span> 
     </span>
     <span class='ocr_line' id='line_1_29' title="bbox 532 3234 1842 3323; baseline 0.002 -24"><span class='ocrx_word' id='word_1_234' title='bbox 532 3234 656 3300; x_wconf 84' lang='lat' dir='ltr'>Eodem</span> <span class='ocrx_word' id='word_1_235' title='bbox 667 3239 762 3299; x_wconf 79' lang='lat' dir='ltr'>niodo</span> <span class='ocrx_word' id='word_1_236' title='bbox 770 3237 884 3299; x_wconf 87' lang='lat' dir='ltr'>lactum</span> <span class='ocrx_word' id='word_1_237' title='bbox 896 3258 904 3299; x_wconf 74' lang='grc' dir='ltr'><strong><em>ε</em></strong></span> <span class='ocrx_word' id='word_1_238' title='bbox 917 3240 1002 3320; x_wconf 83' lang='lat' dir='ltr'>qssod</span> <span class='ocrx_word' id='word_1_239' title='bbox 1012 3260 1106 3321; x_wconf 75' lang='lat' dir='ltr'>quaram</span> <span class='ocrx_word' id='word_1_240' title='bbox 1116 3237 1236 3323; x_wconf 90' lang='lat' dir='ltr'>singula</span> <span class='ocrx_word' id='word_1_241' title='bbox 1246 3239 1309 3301; x_wconf 89' lang='lat' dir='ltr'>suis</span> <span class='ocrx_word' id='word_1_242' title='bbox 1318 3236 1491 3299; x_wconf 86' lang='lat' dir='ltr'>rationibus</span> <span class='ocrx_word' id='word_1_243' title='bbox 1498 3258 1597 3317; x_wconf 88' lang='lat' dir='ltr'>perse</span> <span class='ocrx_word' id='word_1_244' title='bbox 1605 3238 1842 3303; x_wconf 79' lang='lat' dir='ltr'>insanientum</span> 
     </span>
     <span class='ocr_line' id='line_1_30' title="bbox 532 3330 1840 3413; baseline 0.003 -24"><span class='ocrx_word' id='word_1_245' title='bbox 532 3330 622 3390; x_wconf 84' lang='lat' dir='ltr'>iidem</span> <span class='ocrx_word' id='word_1_246' title='bbox 653 3340 829 3410; x_wconf 84' lang='lat' dir='ltr'>praestent,</span> <span class='ocrx_word' id='word_1_247' title='bbox 869 3332 980 3392; x_wconf 90' lang='lat' dir='ltr'>merito</span> <span class='ocrx_word' id='word_1_248' title='bbox 1013 3334 1051 3393; x_wconf 89' lang='lat' dir='ltr'>ad</span> <span class='ocrx_word' id='word_1_249' title='bbox 1081 3330 1302 3413; x_wconf 85' lang='lat' dir='ltr'>probationem</span> <span class='ocrx_word' id='word_1_250' title='bbox 1335 3330 1535 3393; x_wconf 87' lang='lat' dir='ltr'>coniecturae</span> <span class='ocrx_word' id='word_1_251' title='bbox 1564 3330 1680 3412; x_wconf 85' lang='lat' dir='ltr'>triplex</span> <span class='ocrx_word' id='word_1_252' title='bbox 1707 3330 1840 3395; x_wconf 87' lang='lat' dir='ltr'>materia</span> 
     </span>
    </p>

    <p class='ocr_par' dir='ltr' id='par_1_9' title="bbox 491 3422 1840 3877">
     <span class='ocr_line' id='line_1_31' title="bbox 491 3422 1839 3507; baseline 0.002 -27"><span class='ocrx_word' id='word_1_253' title='bbox 491 3448 523 3496; x_wconf 57' lang='grc' dir='ltr'>ῃ)</span> <span class='ocrx_word' id='word_1_254' title='bbox 533 3422 720 3484; x_wconf 88' lang='lat' dir='ltr'>collocatur.</span> <span class='ocrx_word' id='word_1_255' title='bbox 765 3422 880 3485; x_wconf 89' lang='lat' dir='ltr'>Monet</span> <span class='ocrx_word' id='word_1_256' title='bbox 902 3436 1004 3486; x_wconf 90' lang='lat' dir='ltr'>tamen</span> <span class='ocrx_word' id='word_1_257' title='bbox 1025 3424 1127 3497; x_wconf 88' lang='lat' dir='ltr'>ratio,</span> <span class='ocrx_word' id='word_1_258' title='bbox 1162 3426 1225 3486; x_wconf 80' lang='lat' dir='ltr'>dato</span> <span class='ocrx_word' id='word_1_259' title='bbox 1246 3422 1427 3505; x_wconf 74' lang='lat' dir='ltr'>(personam</span> <span class='ocrx_word' id='word_1_260' title='bbox 1449 3423 1568 3485; x_wconf 86' lang='lat' dir='ltr'>seilicet</span> <span class='ocrx_word' id='word_1_261' title='bbox 1591 3435 1682 3507; x_wconf 90' lang='lat' dir='ltr'>atque</span> <span class='ocrx_word' id='word_1_262' title='bbox 1706 3423 1839 3501; x_wconf 74' lang='lat' dir='ltr'>lacteam)</span> 
     </span>
     <span class='ocr_line' id='line_1_32' title="bbox 532 3513 1837 3601; baseline 0.002 -26"><span class='ocrx_word' id='word_1_263' title='bbox 532 3516 572 3575; x_wconf 89' lang='lat' dir='ltr'>ad</span> <span class='ocrx_word' id='word_1_264' title='bbox 602 3535 692 3574; x_wconf 79' lang='lat' dir='ltr'>sarram</span> <span class='ocrx_word' id='word_1_265' title='bbox 722 3514 814 3576; x_wconf 80' lang='lat' dir='ltr'>iidem</span> <span class='ocrx_word' id='word_1_266' title='bbox 846 3536 941 3595; x_wconf 88' lang='lat' dir='ltr'>posse</span> <span class='ocrx_word' id='word_1_267' title='bbox 972 3513 1170 3579; x_wconf 86' lang='lat' dir='ltr'>consociari:</span> <span class='ocrx_word' id='word_1_268' title='bbox 1209 3527 1241 3578; x_wconf 92' lang='lat' dir='ltr'>ut</span> <span class='ocrx_word' id='word_1_269' title='bbox 1274 3538 1315 3578; x_wconf 82' lang='lat' dir='ltr'>ex</span> <span class='ocrx_word' id='word_1_270' title='bbox 1345 3528 1481 3599; x_wconf 73' lang='lat' dir='ltr'>tattoque</span> <span class='ocrx_word' id='word_1_271' title='bbox 1520 3518 1666 3579; x_wconf 83' lang='lat' dir='ltr'>materiae</span> <span class='ocrx_word' id='word_1_272' title='bbox 1699 3536 1837 3601; x_wconf 84' lang='lat' dir='ltr'>genere,</span> 
     </span>
     <span class='ocr_line' id='line_1_33' title="bbox 532 3604 1838 3692; baseline 0.001 -24"><span class='ocrx_word' id='word_1_273' title='bbox 532 3605 751 3687; x_wconf 85' lang='lat' dir='ltr'>negotiorum,</span> <span class='ocrx_word' id='word_1_274' title='bbox 775 3604 893 3681; x_wconf 89' lang='lat' dir='ltr'>idest,</span> <span class='ocrx_word' id='word_1_275' title='bbox 916 3606 1093 3682; x_wconf 83' lang='lat' dir='ltr'>sactorum,</span> <span class='ocrx_word' id='word_1_276' title='bbox 1124 3619 1155 3670; x_wconf 91' lang='lat' dir='ltr'>et</span> <span class='ocrx_word' id='word_1_277' title='bbox 1177 3628 1383 3688; x_wconf 88' lang='lat' dir='ltr'>personarum</span> <span class='ocrx_word' id='word_1_278' title='bbox 1406 3609 1482 3671; x_wconf 81' lang='lat' dir='ltr'>tides</span> <span class='ocrx_word' id='word_1_279' title='bbox 1504 3610 1717 3671; x_wconf 86' lang='lat' dir='ltr'>coniecturae</span> <span class='ocrx_word' id='word_1_280' title='bbox 1739 3629 1838 3692; x_wconf 73' lang='lat' dir='ltr'>quiae·</span> 
     </span>
     <span class='ocr_line' id='line_1_34' title="bbox 531 3697 1840 3787; baseline 0.002 -28"><span class='ocrx_word' id='word_1_281' title='bbox 531 3697 685 3761; x_wconf 87' lang='lat' dir='ltr'>stionibus</span> <span class='ocrx_word' id='word_1_282' title='bbox 708 3698 871 3760; x_wconf 74' lang='lat' dir='ltr'>afferatur.</span> <span class='ocrx_word' id='word_1_283' title='bbox 915 3700 989 3761; x_wconf 91' lang='lat' dir='ltr'>Hoc</span> <span class='ocrx_word' id='word_1_284' title='bbox 1017 3712 1052 3761; x_wconf 90' lang='grc' dir='ltr'>ιιι</span> <span class='ocrx_word' id='word_1_285' title='bbox 1072 3700 1194 3762; x_wconf 75' lang='lat' dir='ltr'>facilius</span> <span class='ocrx_word' id='word_1_286' title='bbox 1217 3700 1271 3761; x_wconf 84' lang='lat' dir='ltr'>liat</span> <span class='ocrx_word' id='word_1_287' title='bbox 1292 3700 1515 3787; x_wconf 87' lang='lat' dir='ltr'>intellectuque</span> <span class='ocrx_word' id='word_1_288' title='bbox 1538 3701 1696 3783; x_wconf 90' lang='lat' dir='ltr'>capiatur,</span> <span class='ocrx_word' id='word_1_289' title='bbox 1728 3700 1840 3763; x_wconf 86' lang='lat' dir='ltr'>memi-</span> 
     </span>
     <span class='ocr_line' id='line_1_35' title="bbox 530 3788 1839 3877; baseline 0.003 -27"><span class='ocrx_word' id='word_1_290' title='bbox 530 3788 614 3852; x_wconf 86' lang='lat' dir='ltr'>nisse</span> <span class='ocrx_word' id='word_1_291' title='bbox 636 3792 785 3852; x_wconf 88' lang='lat' dir='ltr'>debemus</span> <span class='ocrx_word' id='word_1_292' title='bbox 806 3790 955 3853; x_wconf 89' lang='lat' dir='ltr'>attributa</span> <span class='ocrx_word' id='word_1_293' title='bbox 970 3793 1131 3873; x_wconf 88' lang='lat' dir='ltr'>personis,</span> <span class='ocrx_word' id='word_1_294' title='bbox 1155 3814 1236 3877; x_wconf 71' lang='lat' dir='ltr'>garae</span> <span class='ocrx_word' id='word_1_295' title='bbox 1260 3793 1367 3876; x_wconf 89' lang='lat' dir='ltr'>utique</span> <span class='ocrx_word' id='word_1_296' title='bbox 1382 3814 1476 3877; x_wconf 89' lang='lat' dir='ltr'>quum</span> <span class='ocrx_word' id='word_1_297' title='bbox 1492 3805 1586 3868; x_wconf 90' lang='lat' dir='ltr'>sunt,</span> <span class='ocrx_word' id='word_1_298' title='bbox 1610 3792 1709 3877; x_wconf 87' lang='lat' dir='ltr'>ipsam</span> <span class='ocrx_word' id='word_1_299' title='bbox 1727 3793 1839 3855; x_wconf 86' lang='lat' dir='ltr'>viden·</span> 
     </span>
    </p>

    <p class='ocr_par' dir='ltr' id='par_1_10' title="bbox 489 3884 1838 4062">
     <span class='ocr_line' id='line_1_36' title="bbox 489 3884 1838 3967; baseline 0.003 -25"><span class='ocrx_word' id='word_1_300' title='bbox 489 3892 582 3959; x_wconf 77' lang='lat' dir='ltr'>35tirr</span> <span class='ocrx_word' id='word_1_301' title='bbox 611 3886 789 3963; x_wconf 87' lang='lat' dir='ltr'>approbare</span> <span class='ocrx_word' id='word_1_302' title='bbox 818 3902 1007 3963; x_wconf 78' lang='lat' dir='ltr'>personam:</span> <span class='ocrx_word' id='word_1_303' title='bbox 1043 3906 1136 3967; x_wconf 88' lang='lat' dir='ltr'>quam</span> <span class='ocrx_word' id='word_1_304' title='bbox 1164 3902 1258 3967; x_wconf 82' lang='lat' dir='ltr'>qtrttm</span> <span class='ocrx_word' id='word_1_305' title='bbox 1289 3884 1516 3966; x_wconf 87' lang='lat' dir='ltr'>probaverint,</span> <span class='ocrx_word' id='word_1_306' title='bbox 1552 3886 1611 3949; x_wconf 86' lang='lat' dir='ltr'>iam</span> <span class='ocrx_word' id='word_1_307' title='bbox 1634 3884 1838 3949; x_wconf 89' lang='lat' dir='ltr'>coniecturae</span> 
     </span>
     <span class='ocr_line' id='line_1_37' title="bbox 529 3971 1838 4062; baseline 0.005 -30"><span class='ocrx_word' id='word_1_308' title='bbox 529 3971 620 4038; x_wconf 88' lang='lat' dir='ltr'>loeus</span> <span class='ocrx_word' id='word_1_309' title='bbox 638 3986 702 4049; x_wconf 83' lang='lat' dir='ltr'>est;</span> <span class='ocrx_word' id='word_1_310' title='bbox 735 3996 753 4039; x_wconf 87' lang='lat' dir='ltr'>a</span> <span class='ocrx_word' id='word_1_311' title='bbox 776 3975 830 4037; x_wconf 89' lang='lat' dir='ltr'>tali</span> <span class='ocrx_word' id='word_1_312' title='bbox 848 3974 919 4039; x_wconf 81' lang='lat' dir='ltr'>viro</span> <span class='ocrx_word' id='word_1_313' title='bbox 944 3976 994 4053; x_wconf 90' lang='lat' dir='ltr'>id,</span> <span class='ocrx_word' id='word_1_314' title='bbox 1028 3981 1116 4062; x_wconf 90' lang='lat' dir='ltr'>quod</span> <span class='ocrx_word' id='word_1_315' title='bbox 1138 3978 1324 4054; x_wconf 87' lang='lat' dir='ltr'>intenditur,</span> <span class='ocrx_word' id='word_1_316' title='bbox 1354 3980 1476 4043; x_wconf 85' lang='lat' dir='ltr'>facinus</span> <span class='ocrx_word' id='word_1_317' title='bbox 1497 4001 1561 4042; x_wconf 89' lang='lat' dir='ltr'>non</span> <span class='ocrx_word' id='word_1_318' title='bbox 1582 3979 1724 4061; x_wconf 89' lang='lat' dir='ltr'>potuisse</span> <span class='ocrx_word' id='word_1_319' title='bbox 1746 3999 1838 4042; x_wconf 88' lang='lat' dir='ltr'>com·</span> 
     </span>
    </p>
   </div>
   <div class='ocr_carea' id='block_1_3' title="bbox 525 4156 1839 5184">
    <p class='ocr_par' dir='ltr' id='par_1_11' title="bbox 527 4156 1839 4382">
     <span class='ocr_line' id='line_1_38' title="bbox 603 4156 1839 4231; baseline 0.003 -24"><span class='ocrx_word' id='word_1_320' title='bbox 603 4164 630 4214; x_wconf 78' lang='lat'>2.</span> <span class='ocrx_word' id='word_1_321' title='bbox 649 4161 680 4207; x_wconf 82' lang='lat' dir='ltr'>tn</span> <span class='ocrx_word' id='word_1_322' title='bbox 697 4160 869 4209; x_wconf 80' lang='lat' dir='ltr'>continentia</span> <span class='ocrx_word' id='word_1_323' title='bbox 886 4156 1008 4229; x_wconf 73' lang='lat' dir='ltr'>negatis]</span> <span class='ocrx_word' id='word_1_324' title='bbox 1028 4156 1129 4223; x_wconf 81' lang='lat' dir='ltr'>idest,</span> <span class='ocrx_word' id='word_1_325' title='bbox 1149 4162 1177 4211; x_wconf 89' lang='lat' dir='ltr'>ln</span> <span class='ocrx_word' id='word_1_326' title='bbox 1198 4163 1243 4224; x_wconf 88' lang='lat' dir='ltr'>iis,</span> <span class='ocrx_word' id='word_1_327' title='bbox 1262 4174 1330 4229; x_wconf 81' lang='lat' dir='ltr'>quae</span> <span class='ocrx_word' id='word_1_328' title='bbox 1349 4174 1413 4212; x_wconf 87' lang='lat' dir='ltr'>sunt</span> <span class='ocrx_word' id='word_1_329' title='bbox 1432 4176 1495 4213; x_wconf 87' lang='lat' dir='ltr'>aum</span> <span class='ocrx_word' id='word_1_330' title='bbox 1515 4164 1575 4231; x_wconf 89' lang='lat' dir='ltr'>ipso</span> <span class='ocrx_word' id='word_1_331' title='bbox 1596 4163 1707 4229; x_wconf 78' lang='lat' dir='ltr'>negotio</span> <span class='ocrx_word' id='word_1_332' title='bbox 1731 4156 1839 4211; x_wconf 81' lang='lat' dir='ltr'>indivi-</span> 
     </span>
     <span class='ocr_line' id='line_1_39' title="bbox 527 4229 1839 4308; baseline 0.002 -24"><span class='ocrx_word' id='word_1_333' title='bbox 527 4230 580 4284; x_wconf 84' lang='lat' dir='ltr'>dae</span> <span class='ocrx_word' id='word_1_334' title='bbox 598 4246 626 4284; x_wconf 88' lang='lat' dir='ltr'>et</span> <span class='ocrx_word' id='word_1_335' title='bbox 646 4229 817 4295; x_wconf 80' lang='lat' dir='ltr'>immediate,</span> <span class='ocrx_word' id='word_1_336' title='bbox 846 4247 876 4285; x_wconf 88' lang='lat' dir='ltr'>ut</span> <span class='ocrx_word' id='word_1_337' title='bbox 900 4236 940 4284; x_wconf 86' lang='lat' dir='ltr'>ita</span> <span class='ocrx_word' id='word_1_338' title='bbox 962 4230 1074 4305; x_wconf 85' lang='lat' dir='ltr'>loquar,</span> <span class='ocrx_word' id='word_1_339' title='bbox 1105 4239 1269 4287; x_wconf 74' lang='lat' dir='ltr'>mutuante:</span> <span class='ocrx_word' id='word_1_340' title='bbox 1301 4238 1343 4287; x_wconf 85' lang='lat' dir='ltr'>sic</span> <span class='ocrx_word' id='word_1_341' title='bbox 1372 4232 1442 4287; x_wconf 83' lang='lat' dir='ltr'>dixit</span> <span class='ocrx_word' id='word_1_342' title='bbox 1461 4248 1561 4308; x_wconf 83' lang='lat' dir='ltr'>supra,</span> <span class='ocrx_word' id='word_1_343' title='bbox 1588 4238 1762 4286; x_wconf 84' lang='lat' dir='ltr'>continentia</span> <span class='ocrx_word' id='word_1_344' title='bbox 1785 4229 1839 4307; x_wconf 83' lang='grc' dir='ltr'>(τὰ</span> 
     </span>
     <span class='ocr_line' id='line_1_40' title="bbox 528 4307 980 4382; baseline 0.007 -25"><span class='ocrx_word' id='word_1_345' title='bbox 528 4311 653 4382; x_wconf 62' lang='grc' dir='ltr'>συνεχῆ)</span> <span class='ocrx_word' id='word_1_346' title='bbox 670 4323 731 4358; x_wconf 84' lang='lat' dir='ltr'>aum</span> <span class='ocrx_word' id='word_1_347' title='bbox 750 4310 873 4373; x_wconf 78' lang='lat' dir='ltr'>negotio.</span> <span class='ocrx_word' id='word_1_348' title='bbox 893 4307 980 4360; x_wconf 74' lang='lat' dir='ltr'>Care.</span> 
     </span>
    </p>

    <p class='ocr_par' dir='ltr' id='par_1_12' title="bbox 602 4378 1199 4437">
     <span class='ocr_line' id='line_1_41' title="bbox 602 4378 1199 4437; baseline 0.005 -5"><span class='ocrx_word' id='word_1_349' title='bbox 602 4384 629 4437; x_wconf 90' lang='grc'>9.</span> <span class='ocrx_word' id='word_1_350' title='bbox 648 4408 684 4421; x_wconf 94' lang='grc'><strong>-</strong></span> <span class='ocrx_word' id='word_1_351' title='bbox 702 4379 868 4432; x_wconf 79' lang='lat' dir='ltr'>consrsetredn</span> <span class='ocrx_word' id='word_1_352' title='bbox 886 4379 934 4431; x_wconf 80' lang='lat' dir='ltr'>vel</span> <span class='ocrx_word' id='word_1_353' title='bbox 951 4383 1027 4432; x_wconf 81' lang='lat' dir='ltr'>actio</span> <span class='ocrx_word' id='word_1_354' title='bbox 1045 4378 1117 4433; x_wconf 86' lang='lat' dir='ltr'>cod.</span> <span class='ocrx_word' id='word_1_355' title='bbox 1136 4382 1199 4435; x_wconf 84' lang='lat' dir='ltr'>Ba&#39;s.</span> 
     </span>
    </p>

    <p class='ocr_par' dir='ltr' id='par_1_13' title="bbox 602 4453 1495 4522">
     <span class='ocr_line' id='line_1_42' title="bbox 602 4453 1495 4522; baseline -0.002 -13"><span class='ocrx_word' id='word_1_356' title='bbox 602 4460 647 4509; x_wconf 77' lang='lat'>12.</span> <span class='ocrx_word' id='word_1_357' title='bbox 665 4460 693 4505; x_wconf 86' lang='lat' dir='ltr'>et</span> <span class='ocrx_word' id='word_1_358' title='bbox 712 4454 870 4522; x_wconf 81' lang='lat' dir='ltr'>attributis]</span> <span class='ocrx_word' id='word_1_359' title='bbox 889 4453 958 4509; x_wconf 80' lang='lat' dir='ltr'>eoa.</span> <span class='ocrx_word' id='word_1_360' title='bbox 980 4456 1041 4508; x_wconf 84' lang='lat' dir='ltr'>Bar.</span> <span class='ocrx_word' id='word_1_361' title='bbox 1063 4456 1125 4509; x_wconf 76' lang='lat' dir='ltr'>Aac.</span> <span class='ocrx_word' id='word_1_362' title='bbox 1150 4484 1182 4498; x_wconf 89' lang='lat'>·-</span> <span class='ocrx_word' id='word_1_363' title='bbox 1203 4474 1240 4506; x_wconf 74' lang='lat' dir='ltr'>ex</span> <span class='ocrx_word' id='word_1_364' title='bbox 1258 4464 1330 4511; x_wconf 82' lang='lat' dir='ltr'>attr.</span> <span class='ocrx_word' id='word_1_365' title='bbox 1349 4457 1420 4509; x_wconf 84' lang='lat' dir='ltr'>Cett.</span> <span class='ocrx_word' id='word_1_366' title='bbox 1442 4455 1495 4509; x_wconf 84' lang='lat' dir='ltr'>On.</span> 
     </span>
    </p>

    <p class='ocr_par' dir='ltr' id='par_1_14' title="bbox 525 4526 1838 4753">
     <span class='ocr_line' id='line_1_43' title="bbox 603 4526 1838 4602; baseline 0.004 -24"><span class='ocrx_word' id='word_1_367' title='bbox 603 4535 647 4586; x_wconf 82' lang='lat'>15.</span> <span class='ocrx_word' id='word_1_368' title='bbox 665 4546 734 4598; x_wconf 80' lang='lat' dir='ltr'>quae</span> <span class='ocrx_word' id='word_1_369' title='bbox 750 4537 957 4599; x_wconf 76' lang='lat' dir='ltr'>stepponuntur,</span> <span class='ocrx_word' id='word_1_370' title='bbox 977 4531 1114 4600; x_wconf 70' lang='lat' dir='ltr'>exempla]</span> <span class='ocrx_word' id='word_1_371' title='bbox 1135 4528 1246 4583; x_wconf 85' lang='lat' dir='ltr'>Editum</span> <span class='ocrx_word' id='word_1_372' title='bbox 1264 4547 1321 4583; x_wconf 80' lang='lat' dir='ltr'>erat</span> <span class='ocrx_word' id='word_1_373' title='bbox 1344 4530 1490 4600; x_wconf 72' lang='lat' dir='ltr'>exemplo:</span> <span class='ocrx_word' id='word_1_374' title='bbox 1509 4526 1560 4581; x_wconf 82' lang='lat' dir='ltr'>sstl</span> <span class='ocrx_word' id='word_1_375' title='bbox 1576 4526 1656 4581; x_wconf 69' lang='lat' dir='ltr'>facile</span> <span class='ocrx_word' id='word_1_376' title='bbox 1676 4528 1745 4583; x_wconf 81' lang='lat' dir='ltr'>milri</span> <span class='ocrx_word' id='word_1_377' title='bbox 1768 4548 1838 4602; x_wconf 83' lang='lat' dir='ltr'>per-</span> 
     </span>
     <span class='ocr_line' id='line_1_44' title="bbox 527 4601 1838 4677; baseline 0.002 -23"><span class='ocrx_word' id='word_1_378' title='bbox 527 4602 628 4654; x_wconf 84' lang='lat' dir='ltr'>suadeo</span> <span class='ocrx_word' id='word_1_379' title='bbox 650 4601 794 4675; x_wconf 68' lang='lat' dir='ltr'>legendnm</span> <span class='ocrx_word' id='word_1_380' title='bbox 817 4619 875 4655; x_wconf 86' lang='lat' dir='ltr'>esse</span> <span class='ocrx_word' id='word_1_381' title='bbox 894 4603 1030 4675; x_wconf 73' lang='lat' dir='ltr'>exempla.</span> <span class='ocrx_word' id='word_1_382' title='bbox 1058 4606 1127 4656; x_wconf 83' lang='lat' dir='ltr'>Nam</span> <span class='ocrx_word' id='word_1_383' title='bbox 1149 4619 1175 4656; x_wconf 88' lang='lat' dir='ltr'>et</span> <span class='ocrx_word' id='word_1_384' title='bbox 1195 4605 1285 4677; x_wconf 90' lang='lat' dir='ltr'>paullo</span> <span class='ocrx_word' id='word_1_385' title='bbox 1305 4603 1376 4657; x_wconf 83' lang='lat' dir='ltr'>inira</span> <span class='ocrx_word' id='word_1_386' title='bbox 1395 4602 1463 4657; x_wconf 87' lang='lat' dir='ltr'>dicit</span> <span class='ocrx_word' id='word_1_387' title='bbox 1478 4602 1659 4659; x_wconf 80' lang='lat' dir='ltr'>Victorinus:</span> <span class='ocrx_word' id='word_1_388' title='bbox 1674 4610 1838 4675; x_wconf 77' lang='lat' dir='ltr'>praeceptis</span> 
     </span>
     <span class='ocr_line' id='line_1_45' title="bbox 525 4675 1567 4753; baseline 0.006 -27"><span class='ocrx_word' id='word_1_389' title='bbox 525 4675 652 4747; x_wconf 71' lang='lat' dir='ltr'>euanpta</span> <span class='ocrx_word' id='word_1_390' title='bbox 670 4684 835 4748; x_wconf 67' lang='lat' dir='ltr'>supponere.</span> <span class='ocrx_word' id='word_1_391' title='bbox 853 4678 941 4731; x_wconf 75' lang='lat' dir='ltr'>Care.</span> <span class='ocrx_word' id='word_1_392' title='bbox 980 4678 1118 4747; x_wconf 77' lang='lat' dir='ltr'>(exempla</span> <span class='ocrx_word' id='word_1_393' title='bbox 1138 4678 1219 4731; x_wconf 86' lang='lat' dir='ltr'>babet</span> <span class='ocrx_word' id='word_1_394' title='bbox 1240 4677 1307 4732; x_wconf 82' lang='lat' dir='ltr'>eod.</span> <span class='ocrx_word' id='word_1_395' title='bbox 1327 4682 1389 4737; x_wconf 82' lang='lat' dir='ltr'>Bas.</span> <span class='ocrx_word' id='word_1_396' title='bbox 1409 4676 1475 4753; x_wconf 83' lang='lat' dir='ltr'>Oa.)</span> <span class='ocrx_word' id='word_1_397' title='bbox 1563 4686 1567 4697; x_wconf 94' lang='lat'>&#39;</span> 
     </span>
    </p>

    <p class='ocr_par' dir='ltr' id='par_1_15' title="bbox 601 4749 1236 4828">
     <span class='ocr_line' id='line_1_46' title="bbox 601 4749 1236 4828; baseline 0.009 -28"><span class='ocrx_word' id='word_1_398' title='bbox 601 4752 646 4809; x_wconf 83' lang='lat'>16.</span> <span class='ocrx_word' id='word_1_399' title='bbox 665 4754 763 4822; x_wconf 79' lang='lat' dir='ltr'>ipsius]</span> <span class='ocrx_word' id='word_1_400' title='bbox 786 4749 836 4803; x_wconf 87' lang='lat' dir='ltr'>Cd.</span> <span class='ocrx_word' id='word_1_401' title='bbox 856 4752 918 4808; x_wconf 80' lang='lat' dir='ltr'>Bas.</span> <span class='ocrx_word' id='word_1_402' title='bbox 939 4782 972 4795; x_wconf 93' lang='lat'><em>-</em></span> <span class='ocrx_word' id='word_1_403' title='bbox 993 4757 1061 4823; x_wconf 79' lang='lat' dir='ltr'>ipsis</span> <span class='ocrx_word' id='word_1_404' title='bbox 1080 4751 1149 4804; x_wconf 82' lang='lat' dir='ltr'>iidd.</span> <span class='ocrx_word' id='word_1_405' title='bbox 1170 4750 1236 4828; x_wconf 85' lang='lat' dir='ltr'>Oa.)</span> 
     </span>
    </p>

    <p class='ocr_par' dir='ltr' id='par_1_16' title="bbox 526 4824 1838 4972">
     <span class='ocr_line' id='line_1_47' title="bbox 601 4824 1838 4901; baseline 0 -22"><span class='ocrx_word' id='word_1_406' title='bbox 601 4832 645 4879; x_wconf 79' lang='lat'>21.</span> <span class='ocrx_word' id='word_1_407' title='bbox 664 4824 715 4885; x_wconf 71' lang='lat' dir='ltr'>hoc</span> <span class='ocrx_word' id='word_1_408' title='bbox 733 4826 814 4893; x_wconf 70' lang='lat' dir='ltr'>ergo]</span> <span class='ocrx_word' id='word_1_409' title='bbox 845 4826 877 4877; x_wconf 93' lang='lat' dir='ltr'>ln</span> <span class='ocrx_word' id='word_1_410' title='bbox 905 4824 1025 4880; x_wconf 86' lang='lat' dir='ltr'>editione</span> <span class='ocrx_word' id='word_1_411' title='bbox 1051 4824 1202 4879; x_wconf 83' lang='lat' dir='ltr'>Basilsenri</span> <span class='ocrx_word' id='word_1_412' title='bbox 1228 4828 1341 4901; x_wconf 80' lang='lat' dir='ltr'>legitur:</span> <span class='ocrx_word' id='word_1_413' title='bbox 1374 4826 1425 4880; x_wconf 76' lang='lat' dir='ltr'>tac</span> <span class='ocrx_word' id='word_1_414' title='bbox 1444 4832 1535 4891; x_wconf 80' lang='lat' dir='ltr'>enim,-</span> <span class='ocrx_word' id='word_1_415' title='bbox 1566 4824 1613 4881; x_wconf 87' lang='lat' dir='ltr'>sed</span> <span class='ocrx_word' id='word_1_416' title='bbox 1634 4826 1723 4895; x_wconf 78' lang='lat' dir='ltr'>male,</span> <span class='ocrx_word' id='word_1_417' title='bbox 1754 4842 1786 4881; x_wconf 85' lang='lat' dir='ltr'>nt</span> <span class='ocrx_word' id='word_1_418' title='bbox 1804 4844 1838 4879; x_wconf 77' lang='lat' dir='ltr'>en</span> 
     </span>
     <span class='ocr_line' id='line_1_48' title="bbox 526 4899 1795 4972; baseline 0.006 -21"><span class='ocrx_word' id='word_1_419' title='bbox 526 4903 586 4971; x_wconf 88' lang='lat' dir='ltr'>ipso</span> <span class='ocrx_word' id='word_1_420' title='bbox 606 4901 741 4957; x_wconf 78' lang='lat' dir='ltr'>Cicerone</span> <span class='ocrx_word' id='word_1_421' title='bbox 760 4914 844 4972; x_wconf 85' lang='lat' dir='ltr'>patet.</span> <span class='ocrx_word' id='word_1_422' title='bbox 865 4899 952 4957; x_wconf 80' lang='lat' dir='ltr'>Casa.</span> <span class='ocrx_word' id='word_1_423' title='bbox 989 4900 1092 4967; x_wconf 78' lang='lat' dir='ltr'>(Etiam</span> <span class='ocrx_word' id='word_1_424' title='bbox 1114 4902 1181 4953; x_wconf 84' lang='lat' dir='ltr'>cod.</span> <span class='ocrx_word' id='word_1_425' title='bbox 1202 4902 1262 4959; x_wconf 80' lang='lat' dir='ltr'>Bar.</span> <span class='ocrx_word' id='word_1_426' title='bbox 1282 4907 1364 4955; x_wconf 82' lang='lat' dir='ltr'>enirn.</span> <span class='ocrx_word' id='word_1_427' title='bbox 1382 4904 1449 4970; x_wconf 84' lang='lat' dir='ltr'>Os.)</span> <span class='ocrx_word' id='word_1_428' title='bbox 1791 4916 1795 4931; x_wconf 85' lang='lat'><strong>¹</strong></span> 
     </span>
    </p>

    <p class='ocr_par' dir='ltr' id='par_1_17' title="bbox 600 4972 1184 5045">
     <span class='ocr_line' id='line_1_49' title="bbox 600 4972 1184 5045; baseline 0.003 -19"><span class='ocrx_word' id='word_1_429' title='bbox 600 4979 646 5031; x_wconf 80' lang='lat' dir='ltr'>2&#39;t.</span> <span class='ocrx_word' id='word_1_430' title='bbox 664 4990 701 5026; x_wconf 74' lang='grc' dir='ltr'>ω</span> <span class='ocrx_word' id='word_1_431' title='bbox 719 4973 829 5043; x_wconf 79' lang='lat' dir='ltr'>aliquae</span> <span class='ocrx_word' id='word_1_432' title='bbox 848 4974 921 5025; x_wconf 81' lang='lat' dir='ltr'>aliae</span> <span class='ocrx_word' id='word_1_433' title='bbox 939 4992 1013 5045; x_wconf 62' lang='grc' dir='ltr'>τωρ.</span> <span class='ocrx_word' id='word_1_434' title='bbox 1034 4972 1102 5029; x_wconf 82' lang='lat' dir='ltr'>eod.</span> <span class='ocrx_word' id='word_1_435' title='bbox 1122 4976 1184 5029; x_wconf 89' lang='lat' dir='ltr'>Bas.</span> 
     </span>
    </p>

    <p class='ocr_par' dir='ltr' id='par_1_18' title="bbox 599 5047 1140 5119">
     <span class='ocr_line' id='line_1_50' title="bbox 599 5047 1140 5119; baseline 0.006 -21"><span class='ocrx_word' id='word_1_436' title='bbox 599 5054 644 5109; x_wconf 76' lang='grc'>55.</span> <span class='ocrx_word' id='word_1_437' title='bbox 665 5076 698 5091; x_wconf 86' lang='grc'>-</span> <span class='ocrx_word' id='word_1_438' title='bbox 717 5066 798 5119; x_wconf 80' lang='lat' dir='ltr'>qauem</span> <span class='ocrx_word' id='word_1_439' title='bbox 816 5049 970 5119; x_wconf 74' lang='lat' dir='ltr'>improb.</span> <span class='ocrx_word' id='word_1_440' title='bbox 989 5047 1057 5103; x_wconf 83' lang='lat' dir='ltr'>eod.</span> <span class='ocrx_word' id='word_1_441' title='bbox 1078 5052 1140 5102; x_wconf 80' lang='lat' dir='ltr'>list.</span> 
     </span>
    </p>

    <p class='ocr_par' dir='ltr' id='par_1_19' title="bbox 598 5121 963 5184">
     <span class='ocr_line' id='line_1_51' title="bbox 598 5121 963 5184; baseline 0.008 -10"><span class='ocrx_word' id='word_1_442' title='bbox 598 5126 644 5184; x_wconf 78' lang='lat'>56.</span> <span class='ocrx_word' id='word_1_443' title='bbox 666 5150 702 5167; x_wconf 90' lang='lat'>-</span> <span class='ocrx_word' id='word_1_444' title='bbox 719 5140 790 5175; x_wconf 82' lang='lat' dir='ltr'>varo</span> <span class='ocrx_word' id='word_1_445' title='bbox 808 5121 878 5177; x_wconf 86' lang='lat' dir='ltr'>Cod.</span> <span class='ocrx_word' id='word_1_446' title='bbox 899 5124 963 5177; x_wconf 83' lang='lat' dir='ltr'>Bne.</span> 
     </span>
    </p>
   </div>
   <div class='ocr_carea' id='block_1_4' title="bbox 0 0 2222 5959">
    <p class='ocr_par' dir='ltr' id='par_1_20' title="bbox 0 0 2222 5959">
     <span class='ocr_line' id='line_1_52' title="bbox 0 0 2222 5959; baseline 0 5"><span class='ocrx_word' id='word_1_447' title='bbox 0 0 2222 5959; x_wconf 95' lang='lat' dir='ltr'> </span> 
     </span>
    </p>
   </div>
  </div>
 </body>
</html>
