4434 5959
550 615 612 680 170
980 719 984 728 Ι
1059 621 1345 689 victotttutts

549 754 647 827 rama*
662 783 725 828 nott
747 764 832 846 tptod
857 762 916 825 alia
938 775 1104 846 praecepta
1128 785 1196 826 csse
1217 763 1338 846 possint
1363 762 1582 827 deliberativae
1604 775 1635 827 et
1654 767 1854 828 demonstra-

549 856 651 931 tivae,
675 877 765 941 quam
786 856 902 919 luerint
920 877 1014 938 supra
1040 858 1071 919 in
1093 857 1246 920 irtdt'cr'alt'
1273 877 1389 938 genere
1411 858 1570 919 dumtaxat
1592 858 1622 920 in
1649 858 1855 922 constitutio·

550 950 653 1013 uibus.
698 950 777 1012 llam
808 948 879 1029 pari
907 952 1001 1012 modo
1029 949 1228 1023 coniectura,
1264 949 1332 1012 linis
1355 962 1386 1012 et
1408 961 1532 1014 ceterae
1555 949 1799 1014 constitutiones
1821 962 1856 1014 et

551 1041 655 1104 omnia
677 1060 791 1124 genera
822 1040 1108 1104 controversiarum
1133 1053 1297 1106 versantur
1318 1043 1348 1104 in
1371 1041 1578 1106 deliberativo
1601 1053 1631 1106 et
1653 1045 1855 1106 demonstra·

526 1133 637 1207 silvo,
674 1136 930 1218 quemadmodum
959 1133 990 1195 in
1019 1135 1166 1199 iudiciali.
1210 1137 1300 1200 Unde
1329 1157 1393 1200 non
1421 1136 1483 1199 alio
1512 1138 1605 1200 modo
1627 1135 1757 1198 dicenda
1780 1147 1856 1199 sunt

549 1226 580 1290 in
602 1226 737 1290 iudiciali
759 1239 790 1291 et
811 1227 873 1291 alio
894 1226 926 1288 in
947 1227 1078 1300 ceteris;
1107 1230 1163 1291 sed
1185 1231 1291 1292 eadem
1313 1228 1434 1292 dicendi
1456 1228 1571 1312 ubique
1592 1239 1761 1310 praecepta
1784 1249 1856 1292 ser-

550 1321 725 1383 vabuntura
758 1341 866 1383 verum
888 1319 998 1393 ctiam,
1037 1321 1201 1405 qnoniam,
1238 1320 1323 1385 utin
1351 1321 1453 1403 primo
1484 1321 1566 1386 libro
1589 1321 1712 1393 docuit,
1748 1322 1855 1382 ethic

551 1415 716 1487 admouet,
739 1412 817 1476 lines
838 1431 912 1477 suos
934 1424 1039 1478 certos
1061 1415 1173 1478 habent
1196 1435 1311 1500 genera
1334 1414 1391 1478 ista
1408 1414 1718 1488 controversiarum,
1742 1433 1855 1476 neces-

550 1504 636 1570 sario
658 1499 889 1588 propterd‘tues
910 1505 968 1568 alia
991 1509 1140 1590 quaedam
1163 1519 1330 1590 praecepta
1359 1521 1391 1571 et
1411 1508 1470 1571 alia
1494 1511 1643 1590 quaedam
1666 1517 1855 1591 argumenta

511 1603 542 1653 ¹⁰
552 1601 700 1662 tradenda
723 1611 815 1683 sunt:
840 1598 878 1662 de
900 1600 1012 1683 quihus
1034 1620 1115 1662 nune
1136 1601 1293 1663 tractabit.
1337 1600 1447 1664 Finem
1469 1603 1564 1665 habet
1584 1600 1736 1664 iudicialis
1758 1621 1855 1663 eausa

552 1693 758 1776 aequitatem
789 1693 989 1756 deliberativa
1019 1693 1109 1755 linem
1141 1695 1234 1756 habet
1256 1693 1435 1766 utilitatem,
1467 1703 1501 1756 ut
1531 1694 1696 1759 Aristoteli
1727 1694 1854 1777 placen

541 1799 587 1862 ¹nt
608 1785 777 1861 Ciceroni,
802 1787 964 1848 utilitatem
987 1798 1017 1849 et
1039 1788 1253 1850 honestatem:
1277 1789 1518 1850 demonstrativa
1534 1787 1624 1849 linem
1639 1789 1733 1850 babet
1752 1788 1855 1848 hone·

552 1889 674 1942 statem.
717 1881 809 1963 Ergo
831 1889 964 1960 propter
985 1879 1061 1942 lines
1084 1879 1171 1964 quasi
1186 1880 1242 1943 alia
1260 1892 1440 1965 argumenta
1455 1891 1526 1942 sunt
1542 1879 1730 1943 neccssaria.
1754 1879 1856 1942 Aliud

553 1973 633 2036 enim
655 1971 745 2054 cogit
766 1972 796 2034 in
819 1983 954 2034 tractatu
974 1983 1101 2052 praeter
1118 1973 1371 2036 constitutionem
1388 1972 1560 2056 utramlibet
1574 1973 1647 2046 ille,
1670 1973 1723 2057 qui
1744 1973 1855 2056 aequi-

512 2069 643 2127 litatem
667 2064 753 2154 eupit
773 2063 928 2126 iudicibus
949 2066 1160 2147 persuadere:
1191 2061 1273 2127 alind
1294 2065 1365 2139 ille,
1397 2066 1449 2149 qui
1472 2069 1637 2129 ostendere
1658 2065 1746 2147 cupit
1768 2063 1855 2127 utili-

552 2169 648 2220 tatem
679 2167 711 2218 et
738 2159 955 2220 honestatem:
991 2156 1092 2232 aliud,
1131 2156 1185 2243 qui
1213 2161 1379 2222 ostendere
1413 2160 1479 2222 vult
1502 2161 1705 2223 honestatem.
1762 2159 1854 2222 Unde

551 2249 649 2331 ipsius
672 2247 810 2312 utilitatis
834 2260 867 2312 et
891 2249 1064 2313 honestatis
1085 2262 1253 2333 praecepta
1273 2253 1372 2314 danda
1396 2263 1483 2326 sunt,
1515 2271 1594 2334 quae
1626 2249 1855 2314 deliberativae

553 2363 666 2406 causae
693 2341 840 2405 videntur
867 2353 900 2405 et
932 2342 1193 2407 demonstrativae
1222 2355 1354 2426 propter
1382 2345 1459 2409 lines
1489 2344 1639 2426 proprios
1660 2341 1852 2406 convenire:

553 2446 585 2497 et
606 2446 731 2516 poterat
751 2436 875 2519 quidem
905 2457 1084 2519 supponere
1114 2437 1256 2518 exempla
1283 2437 1502 2500 deliberativae
1528 2459 1585 2519 pet·
1613 2437 1750 2519 singulas
1775 2457 1855 2498 con-

512 2526 745 2603 eostittttiooes,
784 2530 845 2590 boc
865 2539 935 2604 est,
960 2541 994 2592 ut
1024 2531 1154 2592 doceret
1174 2529 1310 2592 incidere
1338 2530 1367 2592 io
1389 2530 1590 2593 deliberativa
1619 2530 1851 2604 coniecturam,

552 2621 644 2684 linem
676 2631 708 2683 et
738 2621 872 2703 reliquas
901 2621 1157 2696 constitutionem
1199 2621 1269 2684 item
1299 2621 1368 2703 pari
1397 2624 1491 2686 modo
1518 2622 1549 2684 in
1579 2622 1852 2686 demonstrativa:

552 2713 775 2797 sedquoniam
797 2735 848 2778 res
870 2728 977 2796 aperta
999 2726 1064 2790 est,
1088 2715 1192 2778 dicere
1214 2713 1396 2797 praeteriit3
1419 2735 1457 2778 tte
1478 2737 1543 2778 rent
1559 2713 1631 2778 satis
1647 2717 1763 2778 claram
1779 2719 1854 2778 dnm

554 2809 741 2890 apertiorem
764 2829 823 2888 per
843 2809 986 2894 eretnpla
1008 2808 1076 2872 vult
1096 2810 1244 2883 reddere,
1267 2807 1485 2872 obscuriorem
1507 2809 1723 2890 exemplorum
1747 2809 1855 2871 diver·

554 2903 644 2965 nitate
663 2901 802 2964 fecisset.

511 3003 543 3051 2⁵
635 2997 763 3060 Rerum
789 2995 1056 3078 expetendomtm
1077 2995 1147 3058 tria
1173 3006 1412 3078 generarunt.
1469 2997 1538 3058 Pur
1557 3005 1670 3057 atatem
1691 3015 1856 3057 numento

553 3088 768 3151 uitandarum
788 3111 835 3150 ex
854 3089 1030 3151 contrario
1048 3087 1160 3170 porte]
1218 3087 1449 3152 Deliberativae
1472 3107 1582 3150 causae
1604 3099 1635 3150 ct
1656 3089 1854 3150 demonstra-

552 3183 635 3244 tivae
657 3182 734 3244 lines
755 3201 823 3244 esse
844 3181 923 3243 dixit
944 3181 1018 3245 utile
1040 3192 1071 3243 et
1093 3183 1269 3244 honestum.
1313 3182 1434 3242 Verum
1451 3191 1497 3242 est
1512 3179 1656 3263 quiddam
1672 3183 1852 3255 honestum,

554 3277 641 3358 quod
661 3295 773 3355 purum
795 3275 896 3337 solum
918 3286 948 3337 et
969 3295 1027 3356 per
1048 3295 1082 3337 se
1097 3275 1261 3336 honestum
1277 3283 1342 3334 est:
1366 3272 1447 3335 aliud
1464 3293 1542 3335 vero
1558 3276 1741 3347 honestum,
1765 3275 1855 3357 quod

554 3369 648 3430 hahet
670 3367 796 3429 mixtam
818 3367 999 3441 utilitatem3
1033 3370 1119 3449 quod
1139 3365 1259 3430 idcirco
1283 3367 1444 3428 honestum
1460 3351 1595 3441 dieitur,
1633 3365 1704 3450 quia
1728 3387 1855 3446 semper

513 3459 585 3522 stin
608 3459 764 3540 copulatis
785 3461 879 3522 rebus
900 3480 1013 3523 nomen
1035 3481 1053 3521 a
1074 3459 1197 3522 meliori
1217 3471 1308 3541 parte
1329 3457 1545 3540 componitur;
1578 3470 1613 3521 nt
1634 3459 1856 3522 demonstrati·
1894 3463 1897 3468 '

554 3573 627 3617 vam
647 3573 770 3615 eausam
787 3574 880 3636 qttnm
901 3552 1111 3636 intelligamus
1131 3555 1250 3616 hahere
1271 3553 1392 3614 laudem
1414 3562 1444 3615 ct
1466 3551 1747 3634 vituperationem,
1783 3551 1855 3636 qui·

554 3648 623 3708 dam
635 3657 736 3708 tamen
750 3647 829 3709 hanc
840 3647 968 3708 eandem
981 3665 1130 3708 cattsama
1144 3656 1232 3728 parte
1246 3646 1375 3710 meliore
1390 3646 1495 3724 (sicuti
1506 3646 1651 3724 diximus)
1663 3646 1856 3708 laudativam

554 3760 622 3802 esse
643 3739 801 3804 dixerunt.
847 3741 939 3824 Ergo
961 3761 1055 3823 quum
1077 3741 1240 3808 honestum
1263 3759 1344 3800 nunc
1365 3759 1423 3819 per
1444 3759 1477 3800 se
1499 3739 1599 3801 solum
1623 3739 1680 3810 sit,
1712 3757 1795 3800 nunc
1814 3735 1856 3800 sit

554 3831 658 3908 aliud,
690 3834 776 3917 quod
795 3833 934 3897 iunctum
955 3844 1002 3895 est
1023 3843 1054 3895 et
1075 3831 1220 3908 utilitati,
1257 3842 1358 3894 tamen
1387 3830 1477 3894 etiam
1499 3833 1561 3895 hoc
1582 3831 1705 3896 honesti
1727 3829 1856 3894 nomine

553 4111 580 4165 ι.
646 4041 673 4098 3.
692 4041 861 4108 conuertere]
889 4037 952 4093 Sive
982 4047 1076 4092 scarus
1103 4039 1314 4106 coniecturalis,
1341 4044 1527 4110 quaestionem
1555 4037 1622 4092 lacti
1646 4039 1734 4094 solent
1754 4039 1855 4114 appel-

582 4129 619 4166 re.
637 4116 723 4168 Cara.

628 4187 700 4242 lbid.
711 4185 800 4261 finis]
833 4187 893 4241 ttoe
912 4203 970 4254 cst,
1000 4196 1095 4240 status
1113 4184 1291 4260 definitivus,
1318 4187 1366 4242 nbi
1392 4187 1425 4243 de
1449 4207 1478 4242 re
1503 4186 1655 4242 definienda
1681 4203 1710 4242 et
1729 4203 1808 4244 certo
1827 4193 1859 4242 in

553 4267 664 4317 nomine
684 4261 842 4336 appellanda
861 4268 1072 4317 controversiam
1091 4278 1211 4317 metent.
1231 4264 1318 4320 carr.

646 4337 672 4394 is.
692 4347 845 4390 versantur
862 4342 892 4388 t'a
911 4339 1103 4407 deliberativo]
1129 4337 1231 4391 Eadem
1251 4353 1291 4392 ert
1310 4336 1475 4411 Quintiliani
1494 4341 1645 4404 sententia,
1678 4351 1709 4390 ιιι
1728 4353 1805 4412 patet
1824 4356 1859 4392 ex

555 4411 617 4467 Lib.
638 4419 664 4474 5.
684 4427 744 4485 cap.
763 4415 790 4470 6.
810 4412 844 4464 ab
864 4415 925 4468 init.
946 4415 1033 4467 Cara.

647 4491 674 4544 5.
693 4487 829 4556 iuddcialt]
862 4487 930 4543 cod.
956 4489 1017 4543 Bas.
1037 4515 1072 4534 -·
1090 4487 1265 4540 iudicialibus
1282 4485 1351 4543 Edd.
1387 4488 1457 4542 'l'tttn
1477 4485 1547 4542 cod.
1569 4489 1645 4542 Bam:
1665 4515 1703 4530 ·-
1720 4487 1782 4541 Nee
1802 4503 1860 4538 noer

554 4581 582 4616 a.
601 4581 636 4614 m.
658 4561 710 4616 Oa.

648 4640 675 4692 7.
694 4642 836 4707 quenulam,
855 4644 886 4687 nt
903 4641 932 4704 tm
947 4640 1039 4705 primo
1054 4637 1127 4688 libro
1141 4637 1235 4688 deerrat
1252 4641 1317 4706 ceu]
1339 4638 1372 4689 ltt
1391 4633 1566 4710 praecedenti
1582 4633 1701 4688 editione
1716 4653 1860 4707 perperam

555 4711 709 4785 legebatur:
735 4716 864 4781 qtrnut'om
884 4715 914 4762 iu
933 4716 1025 4782 primo
1046 4711 1118 4763 libro
1143 4711 1252 4776 docuit,
1283 4721 1310 4762 et
1345 4711 1388 4762 lu'c
1413 4712 1541 4764 admonet
1559 4710 1636 4782 finer
1665 4727 1730 4761 suos
1756 4719 1860 4764 certos.

554 4786 665 4838 Habeat
686 4801 791 4855 genera
820 4789 876 4836 isio
905 4791 1179 4851 controversiarum,
1211 4791 1365 4838 necessarie
1385 4795 1501 4858 propter
1523 4785 1620 4858 fines,
1647 4786 1704 4836 aliu
1724 4785 1861 4854 quaedum

550 4868 702 4933 praecepta
726 4877 796 4923 eet..
827 4859 873 4912 ubi
894 4857 1013 4913 delectus
1043 4861 1193 4932 particulae
1219 4869 1249 4912 ut
1272 4877 1300 4914 et
1320 4861 1390 4914 mala
1411 4865 1594 4934 interpunctio
1623 4865 1707 4913 totiut
1727 4857 1782 4912 lere
1802 4860 1860 4912 lori

553 4941 718 4992 sententiam
738 4932 942 5008 perturbabant.
962 4937 1048 4990 Care.
1067 4936 1166 5003 (hbeat
1184 4943 1218 4987 ιιι
1235 4940 1319 4990 etiam
1332 4953 1346 4986 a
1360 4937 1428 4992 Ced.
1442 4938 1506 4990 Bas.
1521 4932 1861 5006 contrementium)

631 5018 673 5065 lo.
693 5037 728 5051 ·-
748 5016 856 5061 tractat
876 5009 942 5063 [iod.
962 5011 1023 5063 Bas.
1674 5059 1677 5072 ,

628 5088 674 5144 32.
693 5083 881 5151 laudativam]
905 5089 950 5136 Sic
970 5090 1053 5136 etiam
1073 5085 1172 5138 Graeci
1193 5083 1289 5139 dicunt
1308 5081 1557 5163 ἐγκωμιαστικόν.
1576 5084 1664 5138 Care.

629 5163 675 5219 ti.
695 5167 724 5212 ec
742 5162 862 5214 accoron·
880 5157 948 5213 eod.
968 5160 1030 5214 unt.
1050 5187 1086 5208 -
1106 5179 1143 5212 a
1162 5161 1285 5216 centrata
1304 5161 1373 5215 tide.
1393 5161 1448 5220 οι.
1536 5155 1550 5208 -ἷ
