4434 5959
551 566 613 632 2⁰8
995 569 1038 636 C.
1060 571 1215 639 IULIUS
1237 570 1417 638 VICTOR

550 706 629 781 sint,
654 707 794 792 quaestio
809 718 909 772 tamen
931 731 995 775 non
1017 710 1203 794 exlegibus
1232 709 1382 786 nascitur,
1404 712 1461 775 sed
1483 731 1523 776 ex
1545 709 1682 776 criminis
1704 713 1857 796 proprie·

551 812 634 875 tate;
656 814 687 864 et
708 803 744 864 fit
766 813 864 865 status
885 803 1041 879 finitivus,
1065 805 1119 888 qui
1138 817 1184 866 est
1203 825 1298 882 unias,
1318 805 1402 886 ⁶sicut
1422 816 1511 868 retro
1527 805 1676 880 didicisti,
1699 827 1739 868 ex
1753 806 1857 870 ratio·

551 894 673 956 ualibus
690 894 836 959 statibus.
881 896 1000 961 Contra
1015 908 1047 960 et
1062 898 1178 980 legales
1197 895 1415 981 quaestiones,
1439 898 1581 979 quamvis
1606 898 1857 961 tnriltaeextrin·

455 1039 461 1045 .
552 1009 641 1050 sectas
663 989 830 1052 rationales
852 991 1072 1054 altercationes
1094 992 1336 1064 admoveantur,
1374 1009 1508 1071 pugnam
1539 1000 1638 1050 tamen
1670 1003 1700 1052 et
1722 1004 1858 1053 conten-

527 1078 667 1141 ⁵tionem
690 1101 730 1143 ex
758 1082 834 1162 ipsis
862 1083 984 1163 legibus
1013 1094 1138 1166 gerunt.
1197 1083 1262 1154 Ut,
1298 1081 1350 1142 vir
1368 1078 1488 1170 fortia
1515 1082 1706 1162 praemium
1736 1095 1860 1165 petala

504 1250 507 1256 Δ
539 1171 696 1262 sortiter
724 1175 862 1258 quidum
876 1173 977 1261 fecit
1003 1187 1035 1237 el
1063 1175 1150 1258 petit
1176 1186 1318 1236 mortem
1339 1174 1432 1236 cinis.
1492 1174 1554 1236 Hic
1577 1175 1634 1238 etsi
1657 1177 1857 1241 ratiocinatio

552 1264 736 1328 adhibeatur
766 1267 981 1341 extrinsecus,
1016 1266 1200 1348 disceptatio
1234 1278 1334 1327 tamen
1362 1266 1461 1330 omnis
1483 1267 1616 1330 numinis
1638 1268 1669 1330 in
1693 1270 1772 1352 legis
1797 1289 1858 1330 vo-

551 1356 668 1418 luntate
680 1358 839 1432 consistit;
863 1373 893 1421 et
906 1361 941 1420 lit
956 1372 1053 1422 status
1067 1359 1176 1440 scripti
1186 1370 1215 1420 et
1226 1359 1413 1432 voluntatis,
1430 1360 1482 1444 qui
1497 1372 1543 1421 cst
1556 1374 1586 1422 et
1599 1381 1677 1422 tantis
1689 1383 1728 1423 ex
1741 1361 1856 1444 legali·

552 1450 610 1511 bus
619 1449 762 1513 statibus.
806 1453 887 1514 Post
904 1453 982 1513 haec
998 1451 1243 1526 meminerimus,
1260 1451 1334 1514 alias
1354 1472 1421 1514 esse
1438 1453 1669 1516 controversias
1682 1453 1854 1533 simplices,

512 1542 626 1604 statius
638 1541 832 1609 coniunctas.
855 1544 1035 1626 Simplices,
1051 1557 1114 1608 tres
1127 1557 1223 1607 status
1239 1547 1373 1620 habere;
1396 1545 1426 1608 id
1442 1558 1509 1621 est,
1541 1561 1592 1608 aut
1605 1547 1779 1636 nonjeci,
1804 1557 1859 1608 ant

552 1654 620 1696 non
644 1635 823 1726 hocfeci,
857 1648 908 1699 aut
936 1638 1010 1700 inre
1030 1636 1133 1727 seri,
1168 1650 1199 1700 et
1224 1651 1342 1701 cetera.
1401 1636 1593 1703 Coniunctas
1624 1660 1702 1701 vero
1724 1639 1857 1700 totidem

552 1737 653 1809 status
675 1729 858 1813 plerumque
881 1729 1021 1811 recipere
1043 1751 1159 1812 posse,
1184 1741 1263 1812 quot
1284 1729 1346 1791 siut
1367 1731 1494 1793 crimina
1511 1730 1562 1792 vel
1577 1731 1711 1812 species.
1756 1732 1858 1794 Velut

553 1842 646 1902 quum
670 1823 721 1883 nni
742 1844 799 1885 reo
823 1822 916 1885 iurilta
939 1823 1156 1898 intenduntur,
1196 1834 1227 1884 et
1248 1821 1330 1884 aliud
1351 1834 1463 1906 negat,
1501 1823 1584 1885 aliud
1605 1823 1734 1898 delinit,
1773 1823 1859 1886 aliud

552 1913 621 1976 iure
652 1913 767 1976 sactum
798 1915 977 1989 contendit,
1016 1927 1047 1978 et
1078 1929 1203 1991 cetera,
1234 1927 1330 1996 prout
1363 1937 1454 1977 causa
1488 1915 1708 1997 postulaverit.
1759 1917 1858 1979 Aliud

512 2018 656 2084 tenattem
678 2008 806 2070 interest
828 2009 910 2071 inter
930 2008 1085 2090 simplices
1108 2020 1140 2070 et
1162 2009 1350 2090 compositas
1373 2009 1626 2082 cointroversias;
1662 2012 1751 2092 quod
1768 2031 1859 2070 com-

554 2100 692 2182 positae,
716 2100 835 2161 sublata
858 2123 916 2162 arua
938 2122 973 2162 re
994 2112 1047 2163 aut
1068 2101 1229 2183 pluribus,
1261 2112 1382 2162 manent
1403 2113 1525 2175 taureis,
1547 2101 1732 2182 simplicium
1756 2103 1858 2164 omnis

554 2191 712 2256 contentio
734 2203 843 2255 contra
866 2215 956 2255 tinam
978 2215 1044 2255 rem
1067 2193 1220 2257 consistit.
1264 2195 1308 2257 Et
1330 2193 1400 2256 ideo
1424 2216 1517 2277 qttirm
1543 2194 1652 2257 incidit
1679 2197 1857 2278 composita

554 2285 665 2362 eausa,
690 2283 796 2348 licebit
817 2307 884 2348 eam
906 2287 951 2349 sie
972 2297 1107 2349 tractare
1131 2286 1220 2370 quasi
1240 2287 1348 2368 plnres
1373 2308 1493 2350 causas.

929 2480 994 2569 tv.
1027 2462 1067 2559 §j
1083 2484 1114 2544 1.
1151 2482 1213 2546 nn
1235 2481 1490 2547 o1v1s10un.

512 2660 545 2710 ro
639 2639 813 2719 Quoniam,
844 2643 1102 2723 quemadmodum
1128 2639 1229 2722 possis
1251 2637 1416 2703 dinoscere
1438 2651 1569 2715 statum,
1598 2643 1777 2724 plenissime
1799 2645 1858 2709 tibi

555 2733 702 2800 traditum
720 2745 786 2806 est,
817 2734 960 2815 protinus
981 2745 1113 2814 accepto
1133 2735 1267 2794 themate
1287 2753 1362 2795 cura
1378 2733 1578 2814 perspicere,
1609 2737 1698 2800 cuius
1720 2740 1795 2821 quid
1815 2741 1860 2803 sit

555 2831 666 2893 stattls.
710 2828 836 2890 Habent
851 2827 930 2890 enim
944 2827 1058 2911 singuli
1073 2829 1225 2908 quandam
1246 2828 1285 2888 ad
1307 2826 1502 2888 dividendum
1519 2829 1660 2912 regulam
1678 2833 1857 2914 propriam,

553 2922 627 2986 licet
650 2920 723 3002 ‚sint
747 2921 812 2982 eius
844 2920 994 3002 pleraque
1023 2919 1218 2992 communia;
1255 2920 1310 2982 illo
1339 2923 1423 3003 quod
1452 2920 1483 2981 in
1516 2921 1600 2984 omui
1633 2933 1717 2987 statu
1742 2927 1857 2990 divisio

554 3015 670 3078 rectius
690 3013 833 3077 ordietur
853 3033 870 3075 a
893 3014 1091 3096 generalibus
1112 3012 1368 3098 quaestiouibus,
1398 3033 1477 3096 quae
1501 3013 1533 3076 in
1554 3037 1740 3100 tanaquaque
1762 3039 1860 3080 causa

510 3126 544 3176 2⁵
555 3109 717 3192 generales
738 3126 806 3170 esse
827 3107 1005 3188 potuerint:
1030 3117 1095 3169 eta
1118 3106 1316 3189 generalibus
1340 3107 1492 3189 gradatim
1515 3109 1703 3172 descendunt
1724 3115 1763 3172 ad
1784 3133 1860 3191 spe-

554 3201 668 3276 ciales,
692 3201 808 3275 idest,
839 3201 878 3262 ad
898 3219 1009 3262 causae
1031 3200 1190 3281 proprias.
1234 3201 1405 3264 Generales
1426 3211 1519 3278 suut,
1549 3222 1627 3284 quae
1650 3223 1713 3266 non
1737 3204 1768 3265 in
1791 3206 1859 3284 ipsa

553 3307 672 3359 tautrnn
693 3311 783 3356 causa
801 3292 929 3354 tractari
947 3304 1098 3372 possunt,
1127 3295 1182 3355 sed
1203 3295 1318 3356 liabent
1341 3293 1456 3376 aliquid
1478 3315 1642 3358 commune
1665 3317 1734 3358 cuin
1758 3298 1860 3380 pluri-

553 3390 632 3452 bus:
661 3399 716 3463 ut,
749 3407 796 3448 an
821 3385 893 3448 veri
925 3385 1037 3448 simile
1066 3384 1126 3448 eit-
1144 3407 1167 3446 α
1194 3386 1295 3450 divite
1317 3387 1534 3474 tyrannidem
1552 3387 1724 3477 affectari.
1783 3393 1859 3454 Hoc

555 3481 636 3543 euim
663 3502 725 3544 non
754 3480 785 3543 iu
812 3482 870 3541 hac
895 3491 1013 3564 tantum
1036 3499 1147 3554 causa,
1186 3480 1242 3540 sed
1269 3481 1445 3564 ubicunque
1476 3483 1561 3542 dives
1591 3502 1663 3542 reus
1695 3484 1858 3545 affectatae

512 3591 544 3642 ao
557 3573 777 3637 dominationis
798 3572 913 3646 luerit,
947 3570 1099 3653 disputari
1121 3582 1239 3651 potest.
1282 3572 1404 3636 Deinde
1427 3573 1584 3655 sequitur,
1607 3595 1653 3636 nn
1672 3597 1776 3658 quum
1797 3579 1859 3638 lta-

554 3669 631 3732 beot
655 3686 818 3748 magnum
843 3687 956 3729 aecum
984 3685 1133 3726 manum.
1185 3665 1275 3726 Haec
1303 3687 1430 3750 quoque
1457 3667 1612 3748 generalis
1642 3669 1768 3748 quidem
1792 3681 1857 3744 est,

554 3761 751 3844 aliquatenus
787 3771 891 3822 tamen
918 3758 979 3828 iam
1008 3757 1151 3839 devergit
1180 3759 1218 3819 ad
1249 3761 1403 3839 speciem:
1441 3761 1606 3823 nonenim
1630 3761 1774 3824 omnibus
1795 3763 1860 3825 reis

554 3857 619 3932 boc
639 3853 719 3916 idem
742 3852 837 3917 obiici
858 3863 975 3932 potest.
1016 3853 1070 3914 Ex
1091 3851 1149 3909 bac
1169 3851 1352 3934 pervenitur
1374 3855 1413 3916 ad
1432 3853 1619 3933 specialem,
1643 3853 1674 3914 id
1691 3865 1757 3926 est,
1781 3876 1861 3935 pro·

554 3947 655 4032 priam
677 3947 850 4029 praesentis
872 3943 996 4008 iudicii:
1019 3963 1065 4005 an
1086 3964 1189 4025 quum
1211 3944 1385 4010 abdicatos
1405 3967 1519 4008 aecum
1539 3948 1672 4010 lrabeat.
1718 3948 1766 4010 lta
1788 3970 1861 4011 sen·

511 4042 611 4110 assim
633 4039 741 4104 defluit
763 4039 952 4122 generalitas
973 4039 1012 4098 ad
1032 4035 1187 4116 speciem,
1223 4037 1342 4113 idest,
1375 4043 1414 4102 ad
1436 4038 1474 4104 ab
1494 4036 1694 4128 κρινόμενον.
1739 4041 1860 4103 Eadem

554 4134 637 4199 ratio
659 4146 705 4197 est
734 4132 895 4195 divisionis
923 4129 1005 4194 etin
1035 4129 1149 4190 ceteris
1172 4133 1316 4194 omuibus
1338 4134 1483 4196 statibus.
1542 4133 1726 4198 Intuendum
1755 4145 1861 4196 tamen

555 4239 620 4303 est,
654 4249 693 4290 nc
721 4224 811 4288 nimis
839 4225 1042 4288 immoremur
1063 4221 1261 4303 generalibus
1293 4225 1545 4308 quaestionibus,
1582 4227 1639 4289 sed
1660 4227 1861 4307 praecipuam

554 4311 810 4404 congressionem
831 4320 871 4381 ad
891 4337 1003 4379 causae
1024 4312 1173 4394 proprias
1188 4317 1386 4382 conseramus
1402 4320 1534 4400 species.
1578 4318 1761 4399 Disputatio
1777 4320 1862 4382 euim

556 4412 747 4498 generalium
770 4415 850 4493 apud
874 4410 995 4474 animos
1028 4405 1163 4470 iudicum
1186 4413 1386 4490 praeparabit
1415 4413 1629 4475 tantummodo
1651 4410 1788 4485 aditum,
1827 4423 1863 4474 ut

511 4506 654 4590 tomagia
673 4508 873 4587 ›pereitadere
902 4502 1025 4586 possis,
1059 4520 1154 4584 qutun
1187 4505 1225 4564 de
1250 4505 1437 4585 specialibus
1466 4503 1650 4586 disputabis.
1708 4503 1862 4567 Ceterum

555 4598 655 4663 omnis
677 4620 789 4662 carrsae
816 4599 947 4660 firmitas
968 4598 998 4660 in
1027 4595 1071 4686 aqi
1093 4599 1270 4686 κρινομένῳ
1298 4619 1360 4660 non
1394 4610 1442 4661 est
1462 4599 1566 4679 specie
1588 4595 1691 4660 indicii
1714 4599 1861 4679 propria.

556 4690 619 4757 Cui
641 4692 698 4755 etsi
720 4693 882 4775 generales
904 4691 1045 4754 nonnihil
1066 4699 1221 4770 prosunt,
1258 4689 1316 4753 nisi
1344 4701 1445 4754 tannen
1474 4711 1543 4755 citra
1566 4709 1683 4752 sumina
1706 4689 1863 4754 industria

555 4783 707 4865 speciales
727 4783 847 4848 frier-int
868 4785 1064 4857 elaboratae,
1090 4782 1207 4844 frustra
1230 4781 1272 4844 sit
1291 4783 1322 4845 iu
1338 4783 1534 4866 generalibus
1550 4801 1645 4864 opera
1662 4798 1865 4864 consumpta.

556 4878 635 4942 Sunt
656 4888 688 4939 et
709 4876 878 4940 incidentes
900 4875 1118 4960 quaestiones,
1156 4876 1211 4935 sed
1237 4887 1269 4938 et
1291 4875 1490 4939 incidentium
1514 4875 1703 4951 incidentes,
1742 4875 1863 4952 idest,

626 5104 667 5153 to.
686 5105 834 5152 Vocabulum
853 5111 904 5164 tres
924 5111 961 5152 eet
978 5111 1116 5164 corruptum
1134 5103 1158 5150 in
1176 5105 1236 5152 (lud.
1275 5102 1316 5154 23.
1335 5103 1389 5170 illo]
1403 5107 1438 5152 lta
1455 5107 1516 5154 cod.
1537 5105 1597 5152 Num
1615 5119 1659 5164 pro
1677 5103 1724 5152 eei
