4434 5959
533 600 575 665 ss
1043 599 1329 669 vlesousnos
1354 576 1362 592 '

533 738 813 817 considerandum,
850 753 885 806 ut
912 741 992 805 scias
1020 754 1052 807 et
1078 740 1112 805 in
1144 737 1336 809 contrarium
1366 758 1461 821 posse
1483 737 1640 811 converti.
1684 739 1844 811 Deinde,

533 832 652 919 inquit,
676 835 759 919 quid
785 858 832 923 eor
859 848 986 898 natura
1006 836 1080 898 eius
1100 836 1233 901 euenire
1254 836 1355 915 vulgo
1372 836 1498 899 soleat.
1532 854 1577 894 an
1602 833 1784 898 insolenter
1809 843 1845 895 et

533 951 630 993 raro.
676 932 809 1014 Vulgo,
833 930 863 991 id
887 942 955 1006 est,
976 930 1108 1011 passim,
1132 929 1328 1011 frequenter.
1376 928 1467 1009 Ergo
1485 924 1603 988 firmius
1627 935 1846 1009 argumentum

534 1035 603 1098 est,
638 1021 664 1085 si
694 1026 732 1085 de
760 1043 824 1106 quo
854 1022 996 1107 agimus,
1034 1034 1164 1085 eventus
1193 1019 1386 1104 frequentius
1418 1031 1646 1102 consequatur,
1685 1018 1712 1081 si
1737 1019 1845 1080 dieas:

509 1130 633 1180 tamor
653 1117 766 1198 magis
788 1128 897 1187 nocet,
941 1118 1110 1180 Praeterea
1135 1117 1196 1178 hoa
1218 1114 1350 1175 sciamus
1369 1113 1519 1174 interesse
1535 1111 1617 1175 iuter
1638 1112 1727 1175 istum
1747 1132 1846 1174 eveo-

534 1220 599 1269 tum
623 1218 655 1271 et
677 1208 762 1270 illum
778 1208 991 1289 superiorein,
1016 1211 1102 1291 quod
1124 1207 1175 1273 hie
1197 1206 1294 1269 totius
1318 1205 1439 1289 negotii
1456 1218 1586 1268 eventus
1608 1218 1672 1280 est,
1696 1205 1747 1268 ille
1764 1224 1844 1267 vero

536 1302 624 1364 nnius
647 1298 798 1386 eniassqne
819 1301 877 1364 rei.
922 1302 978 1366 Ait
998 1302 1077 1371 enim
1099 1320 1212 1382 suprat
1249 1304 1363 1381 Quare
1381 1301 1443 1360 lior
1462 1300 1497 1360 iu
1522 1321 1659 1382 genere,
1694 1309 1732 1359 ut
1751 1318 1846 1359 eom·

536 1394 686 1469 modius,
717 1394 800 1478 qaid
819 1394 1099 1468 coanimantur,
1122 1405 1200 1461 ante
1222 1392 1337 1455 animo
1355 1392 1470 1474 colligi
1490 1391 1623 1473 possit,
1657 1389 1740 1473 quid
1759 1410 1846 1473 qua·

535 1508 599 1571 que
620 1509 667 1549 eac
688 1508 726 1549 re
743 1489 852 1549 soleat
871 1488 1022 1560 evenire,
1046 1486 1329 1549 considerandum
1347 1498 1397 1546 est
1400 1527 1548 1546 .....
1591 1487 1715 1546 Postea
1733 1481 1844 1543 laomi-

495 1599 595 1648 mnes
613 1579 650 1641 id
665 1600 731 1641 sua
748 1579 951 1641 auctoritate
973 1580 1211 1671 comprobare,
1242 1600 1287 1642 an
1315 1576 1445 1665 effendi
1472 1576 1572 1639 iniis
1594 1574 1843 1638 consueverint.

488 1731 491 1738 .
536 1672 579 1735 Et
601 1671 819 1747 moeremus,
844 1672 897 1755 qui
921 1683 1061 1733 nattiram
1084 1669 1205 1755 negotii
1226 1669 1450 1753 eotssequitur,
1475 1669 1575 1753 qualis
1598 1670 1681 1749 apud
1700 1668 1844 1732 homines

536 1766 710 1840 habeatur,
732 1764 763 1826 id
786 1775 844 1838 est,
869 1765 969 1828 bontas
992 1784 1028 1824 an
1052 1765 1166 1853 malus,
1190 1766 1405 1827 attemlenduns
1430 1775 1487 1825 est.
1532 1762 1579 1825 lta
1595 1772 1625 1824 et
1645 1781 1740 1841 supra
1764 1760 1845 1821 dixit

536 1859 777 1930 attendendum,
817 1856 871 1940 qni
894 1856 1036 1920 homines
1057 1856 1191 1938 primum
1213 1855 1363 1929 iecerint,
1399 1854 1451 1938 qui
1474 1854 1583 1917 deinde
1608 1857 1842 1935 comprobave-

536 1950 615 2026 rint;
638 1972 701 2014 non
725 1950 803 2013 enim
827 1971 866 2012 ex
888 1971 946 2024 eo,
969 1950 1040 2032 quia
1063 1949 1178 2034 aliquid
1201 1947 1423 2033 consequitur,
1448 1958 1665 2029 augumentum
1688 1960 1755 2012 est:
1785 1944 1847 2009 sed

449 2086 458 2111 ,
495 2042 609 2127 tsquia
632 2054 684 2109 ent
705 2045 823 2107 bonrum
846 2056 899 2108 atat
921 2044 1033 2107 malum
1055 2055 1102 2107 est
1131 2043 1216 2125 quod
1232 2042 1451 2123 consequitur;
1474 2041 1586 2116 idest,
1610 2062 1672 2103 non
1687 2041 1759 2125 quia
1776 2052 1840 2113 est,

537 2136 624 2216 quod
646 2134 872 2217 consequitur,
904 2139 957 2197 sed
979 2136 1052 2221 quia
1075 2136 1136 2198 tale
1158 2146 1217 2205 est,
1269 2133 1316 2196 Ita
1339 2154 1462 2215 semper
1483 2154 1545 2197 non
1569 2154 1606 2198 ex
1629 2154 1686 2210 re,
1722 2136 1779 2197 sed
1800 2154 1843 2197 ex

535 2227 683 2311 qualitate
704 2228 739 2289 iit
762 2242 996 2312 argumentum.

620 2325 667 2385 Et
694 2332 826 2397 cetera,
864 2344 951 2406 quae
967 2320 1115 2412 fantiam
1142 2320 1282 2405 aliquod
1306 2318 1463 2383 similiter
1494 2316 1677 2409 confestim
1705 2332 1768 2383 aaa
1794 2342 1843 2383 eac

535 2412 716 2479 intervallo
740 2416 848 2480 solent
875 2416 1047 2500 consequa]
1096 2415 1256 2479 interdum
1280 2412 1358 2476 coins
1382 2411 1519 2487 vicinus,
1548 2413 1698 2475 interdum
1721 2414 1843 2476 tardior

494 2518 584 2574 uest
605 2519 758 2569 eventus:
787 2518 822 2570 ut
848 2520 922 2589 puta
955 2508 1095 2591 siquem
1126 2509 1261 2570 voluero
1285 2504 1446 2578 occidere,
1481 2502 1602 2567 vicinus
1624 2516 1671 2567 est
1692 2516 1842 2581 eventus,

537 2611 571 2661 nt
599 2620 675 2666 mox
704 2620 752 2661 me
780 2600 895 2663 oderit.
951 2601 1074 2668 Deinde
1104 2600 1132 2663 si
1162 2604 1252 2663 trado
1282 2598 1371 2667 alicui
1400 2597 1609 2681 disciplinam,
1646 2597 1768 2660 tardior
1792 2597 1845 2660 hie

537 2704 686 2763 eventura
710 2692 813 2772 primo
834 2692 914 2755 enim
938 2694 1081 2759 fortassis
1104 2694 1292 2767 offenditur3
1316 2691 1426 2753 deinde
1448 2702 1588 2753 amatae
1610 2690 1723 2773 diligit.

620 2784 751 2850 Deinde
763 2797 938 2867 postremo
951 2787 1193 2863 attendendum
1212 2798 1281 2861 est,
1305 2805 1387 2846 num
1406 2783 1572 2869 qttaedam
1594 2804 1648 2847 res
1672 2783 1747 2861 cet.]
1776 2782 1842 2847 Dat

506 2930 509 2935 ,
536 2888 727 2956 postremum
764 2881 863 2941 breve
891 2890 923 2941 et
954 2900 1118 2943 commune
1149 2890 1368 2961 pracceptum,
1412 2889 1513 2938 istrum
1537 2874 1653 2958 aliquid
1675 2877 1843 2940 honestum

493 2986 525 3034 tt
536 2969 594 3044 sit,
619 2992 656 3031 an
679 2969 772 3042 attile,
796 2972 825 3032 iu
849 2972 884 3033 iis
908 2994 975 3035 esse
998 2972 1275 3045 considerandum,
1300 2990 1379 3054 quae
1402 2982 1523 3053 gestum
1547 2968 1707 3051 negotium
1728 2989 1845 3033 conse·

537 3075 690 3145 quitantur.
734 3065 855 3128 Verum
886 3088 965 3149 qnae
993 3066 1052 3129 sint
1075 3077 1181 3148 partes
1203 3054 1374 3127 honestatis
1396 3074 1489 3145 atque
1512 3059 1672 3136 utilitatis,
1705 3058 1739 3122 in
1760 3060 1845 3125 deli·

535 3155 677 3225 berolini
697 3158 875 3239 praeceptis
896 3181 930 3221 se
952 3142 1234 3224 demonstraturum
1257 3155 1428 3237 promittit.

619 3250 739 3331 Omnis
770 3264 885 3317 atatem
905 3251 1178 3335 argumentatio,
1212 3270 1298 3333 quoe
1320 3248 1553 3321 arduioris,
1591 3268 1675 3330 quos
1695 3268 1842 3310 nomme·

536 3341 762 3418 morooimas,
793 3356 964 3416 sumetur,
997 3358 1059 3407 aut
1076 3344 1263 3425 probabilis
1284 3354 1345 3405 aest
1373 3341 1566 3403 necessaria
1597 3340 1725 3403 debebit
1753 3341 1842 3421 esse]
1938 3418 1952 3430 .-

495 3448 526 3497 ³⁰
536 3433 594 3496 Ait
613 3454 729 3514 supra,
761 3457 855 3516 quum
878 3439 915 3497 dc
937 3436 1175 3500 confirmatione
1198 3438 1402 3519 loqueretur:
1433 3434 1565 3507 Huius,
1588 3432 1705 3515 inquit,
1729 3434 1842 3513 portis

536 3537 727 3588 certarunt
747 3540 945 3609 praerepta,
970 3552 1054 3615 praue
1076 3530 1112 3592 in
1133 3531 1272 3612 singula
1289 3548 1471 3591 causarum
1486 3546 1614 3610 genera
1635 3525 1843 3589 dividentur.

536 3620 760 3681 Verumtamen
783 3642 844 3681 non
865 3622 1092 3684 incommodum
1117 3624 1239 3685 videtur
1255 3624 1406 3703 quandam
1430 3621 1539 3683 silvam
1562 3632 1654 3701 atque
1677 3618 1840 3680 materiam

535 3710 713 3776 tatairersam
742 3726 812 3776 ante
843 3715 1028 3795 permixtam
1059 3728 1089 3776 et
1111 3716 1271 3777 cool'usam
1296 3733 1457 3795 exponere
1483 3711 1618 3775 omnium
1641 3722 1843 3793 argusaenta·

536 3806 668 3867 tionum.
725 3806 800 3869 Tria
831 3807 922 3876 nohis
943 3808 974 3873 in
1002 3807 1241 3871 cossfirmatioue
1264 3809 1444 3879 traductum
1487 3804 1632 3878 materia,
1672 3822 1844 3887 argumen-

495 3909 621 3970 tatum,
653 3900 894 3981 argumentatio.
946 3902 1113 3969 Materiam
1144 3902 1237 3973 nobis
1267 3901 1325 3963 iant
1354 3900 1498 3973 tradidit;
1532 3898 1644 3971 idest,
1668 3897 1776 3969 locos,
1800 3898 1842 3959 de

537 3990 651 4073 quibus
672 4005 855 4068 argumenta
875 4015 1076 4074 caperemus,
1107 4015 1188 4077 quos
1211 3995 1300 4057 locos
1323 3994 1432 4055 divisit.
1449 3991 1479 4054 in
1506 3992 1654 4054 attributa
1683 4008 1843 4070 personae

539 4086 621 4150 etin
644 4087 793 4148 attributa
818 4087 963 4170 negotio.
1006 4086 1169 4155 Attributa
1193 4108 1348 4168 personae
1374 4084 1514 4150 undecim
1531 4104 1599 4147 esse
1621 4084 1715 4159 dixit;
1740 4084 1843 4167 nego·

537 4181 584 4243 tio
620 4192 794 4265 quattuor:
834 4193 927 4261 atque
960 4182 1072 4244 lanciam
1107 4182 1243 4245 onmium
1280 4192 1386 4263 partes
1416 4180 1609 4242 enumeravit
1638 4198 1675 4240 ae
1700 4178 1841 4241 tradidit.

537 4275 631 4337 Nune
654 4272 760 4356 itaque
792 4275 931 4336 dicturus
960 4286 1008 4337 est
1030 4276 1068 4342 de
1089 4287 1289 4359 argumento.
1343 4276 1413 4337 Nee
1444 4271 1716 4345 nosconluudat,
1755 4272 1844 4353 quand

495 4384 596 4448 tepeo
619 4379 805 4450 regitestento
828 4359 1125 4451 argsnncntationem
1145 4367 1247 4449 pouit.
1291 4367 1423 4451 Antiqui
1445 4387 1543 4451 genus
1566 4366 1724 4446 ponebant
1745 4384 1844 4447 argu·

537 4460 776 4533 mentationem;
798 4462 857 4523 snb
870 4461 1138 4544 argumentatione
1155 4481 1231 4524 vero
1252 4464 1466 4544 argumentum
1483 4469 1514 4520 et
1529 4456 1844 4542 argumentationem.

538 4553 648 4637 ltaque
671 4554 733 4618 hoe
747 4555 848 4619 verbo
869 4554 1078 4626 cosntnuniter
1098 4556 1284 4628 utebantur,
1307 4565 1343 4614 ut
1360 4572 1421 4633 pro
1441 4562 1626 4636 argtunentn
1643 4561 1730 4612 reete
1745 4570 1844 4631 argu-

538 4646 686 4707 mentatio
710 4646 878 4708 diceretur.
921 4648 1042 4709 Verum
1059 4633 1397 4729 antequam’dieamus,
1424 4665 1503 4727 quae
1525 4664 1641 4727 genera
1662 4642 1723 4704 sint
1744 4662 1846 4725 argu-

537 4751 729 4811 mentorum,
755 4738 893 4802 dieamus
915 4741 1021 4819 prius,
1052 4739 1127 4824 quid
1148 4737 1349 4802 considerare
1370 4749 1402 4800 et
1423 4742 1570 4801 conferre
1594 4737 1783 4809 debeamus,
1809 4746 1846 4797 ut

497 4844 719 4914 “argumenta
751 4831 914 4895 iaciamus.
970 4832 1144 4894 Seesmdum
1175 4832 1380 4895 Aristotelem
1412 4833 1517 4893 decem
1548 4827 1727 4911 categoriae
1749 4838 1842 4903 stant,

537 4922 654 4999 idest,
679 4926 784 4988 decem
807 4947 877 5000 res,
902 4923 1067 5008 inquibus
1090 4924 1210 5001 omnia,
1234 4946 1314 5009 quae
1336 4925 1367 4985 io
1384 4926 1605 4998 intentionum,
1629 4921 1843 4985 eontinentur.

540 5026 705 5041 -C-U—
714 5028 1408 5042 *ffl-
1435 5026 1744 5037 ..κ-..ι-ι--ι--μ-ιιαιι-ι
1768 5022 1841 5035 -ι-ιι

611 5066 656 5120 st.
679 5083 711 5101 ···
730 5058 831 5111 deutur
849 5058 899 5111 cd.
919 5060 981 5113 Bas.
1021 5059 1074 5112 sed
1095 5058 1145 5113 eir.
1164 5076 1244 5132 supra
1264 5062 1295 5113 C.
1314 5062 1360 5118 61.
1377 5030 1528 5129 prdeespta
1545 5064 1720 5128 separentur.
1739 5055 1793 5112 Oa.

611 5138 658 5193 46.
676 5160 712 5177 -
731 5139 824 5185 ornato
842 5142 924 5204 reem,
940 5153 1009 5205 pesas
1028 5141 1057 5187 m
1077 5132 1177 5187 mando
1195 5135 1373 5187 eorrts'ueutml
1391 5132 1442 5188 Cd.
1456 5134 1527 5188 -ssaa
1547 5134 1598 5188 Oa.
