4434 5959
569 585 631 650 2⁰2
1007 592 1049 659 c.
1072 593 1225 660 suetus
1247 591 1428 660 mc'rou

851 715 855 722 ’
965 733 995 812 §-
1018 733 1050 795 u.
1092 732 1464 814 neopatrensis.

652 849 822 931 Qualitatis
843 861 942 915 status
964 853 1016 915 rel
1037 853 1068 916 in
1096 852 1204 936 primis
1232 856 1269 915 ad
1297 854 1436 917 notitiam
1468 857 1660 921 necessarius
1690 868 1759 931 est,
1794 877 1876 938 pro·

567 954 677 1027 pterea
699 947 785 1029 quod
808 944 1005 1008 multiformis
1027 967 1064 1009 ac
1084 947 1191 1010 varius
1213 959 1260 1009 est
1282 957 1313 1008 et
1335 946 1365 1008 iu
1389 948 1546 1032 plerisque
1567 950 1748 1036 forensibus
1770 973 1875 1034 nego·

567 1037 621 1100 tiis
642 1037 742 1120 magis
764 1059 854 1122 qnam
877 1037 907 1099 in
930 1039 1145 1122 pragmatibus
1166 1038 1361 1103 scholasticis
1391 1041 1543 1104 assiduus.
1587 1043 1647 1105 Est
1670 1043 1769 1128 igitur
1795 1065 1875 1128 qna-

543 1130 655 1206 slitas,
677 1141 712 1193 ut
730 1152 770 1192 ex
790 1130 914 1194 nomine
935 1130 1007 1214 ipso
1031 1131 1220 1213 deprehendi
1238 1142 1367 1210 potest,
1392 1154 1492 1217 genus
1514 1134 1728 1216 quaestionis,
1754 1135 1784 1197 in
1807 1157 1875 1220 quo

567 1222 644 1286 nihil
664 1223 746 1287 aliud
767 1235 936 1298 tractatur,
974 1245 1065 1308 quam
1092 1222 1266 1286 cuiusmodi
1294 1223 1334 1286 sit
1356 1245 1390 1288 ea
1414 1247 1487 1301 res,
1525 1230 1656 1310 quaein
1679 1240 1875 1291 controuer-

568 1317 644 1378 siam
666 1316 841 1380 adducitur.
899 1317 979 1379 Sunt
1005 1328 1109 1379 autem
1142 1313 1300 1398 qualitatis
1321 1316 1440 1396 primae
1461 1319 1580 1399 species
1602 1320 1680 1382 duae
1702 1323 1874 1384 secundum

566 1409 621 1472 M.
645 1409 743 1473 Tullii
765 1407 1002 1485 auctoritatem
1024 1408 1235 1494 pragmatica,
1259 1410 1372 1486 idest,
1395 1411 1571 1495 negotialis,
1595 1424 1626 1474 et
1640 1413 1872 1499 dicaeologica,

567 1500 686 1578 idest,
709 1501 905 1566 iuridicialis.

524 1683 556 1732 tu
690 1666 722 1737 §.
744 1662 777 1724 5.
820 1661 883 1726 DE
906 1659 1239 1739 PRAGMATICA,
1262 1659 1313 1724 ID
1336 1661 1440 1737 EST,
1463 1663 1737 1728 NEGOTIALI.

647 1799 825 1884 Negotialis
848 1811 914 1876 est,
937 1799 968 1862 in
991 1821 1052 1885 qua
1072 1799 1191 1864 infinite
1213 1811 1244 1864 et
1264 1802 1497 1884 quodammodo
1513 1799 1590 1864 citra
1612 1823 1769 1882 personae
1785 1825 1875 1868 eom·

564 1895 692 1977 plexum
716 1895 754 1954 de
782 1893 903 1974 reipsa
936 1895 1120 1978 quaeritur,
1154 1893 1254 1977 qualis
1280 1892 1348 1974 ipsa
1375 1894 1427 1955 sit.
1472 1894 1670 1978 Pragmatica
1703 1895 1740 1956 lit
1770 1897 1873 1960 modis

564 1988 721 2068 pluribus.
776 1987 857 2049 Nam
882 1997 912 2048 et
936 1987 1174 2050 deliberativum
1199 1995 1249 2049 est
1269 1985 1459 2069 quaestionis
1486 2008 1597 2070 genus.
1641 1988 1702 2050 Sed
1724 1988 1751 2051 si
1774 1993 1871 2053 ruodo

565 2102 615 2142 res
642 2081 725 2160 apud
746 2078 877 2142 iudicem
900 2092 1028 2163 agatur,
1052 2080 1253 2162 persuasoria
1274 2091 1321 2142 est
1343 2079 1560 2143 controversia
1588 2081 1773 2163 negotialis;
1805 2106 1870 2166 qrro

524 2173 596 2236 tsin
619 2192 734 2255 genere
759 2184 831 2234 siunt
863 2194 971 2236 ornnes
998 2174 1066 2236 sere
1095 2173 1254 2236 diffortes.
1304 2175 1384 2238 Item
1411 2171 1446 2234 lit
1474 2195 1568 2256 quum
1596 2173 1730 2256 simplex
1756 2177 1870 2258 petitio

564 2264 743 2340 inducitur,
768 2266 819 2344 vel
841 2288 935 2350 quum
959 2265 1140 2351 quaeritur,
1162 2266 1278 2350 inquo
1304 2267 1372 2329 iure
1392 2267 1432 2329 sit
1455 2288 1505 2330 res
1528 2279 1580 2330 aut
1594 2289 1744 2350 persona.
1790 2269 1869 2333 Item

563 2356 730 2442 negotialls
752 2369 851 2420 status
875 2369 937 2435 est,
977 2383 1071 2445 quum
1098 2361 1258 2442 quaeritur
1280 2362 1317 2421 de
1341 2361 1513 2443 quantitate
1535 2361 1662 2424 alicuius
1692 2363 1739 2426 rei
1765 2365 1815 2425 vel
1838 2363 1869 2425 in

564 2472 708 2514 mensura
735 2453 785 2513 vel
814 2450 843 2513 in
874 2473 1025 2516 numero:
1059 2457 1144 2537 quod
1171 2473 1269 2537 genus
1298 2452 1491 2536 quaestionis
1519 2453 1623 2516 incidit
1646 2477 1868 2540 nonnunquam

563 2539 595 2607 iu
629 2544 737 2607 civiles
764 2537 932 2622 actiones,
970 2568 1065 2630 quum
1099 2545 1200 2630 aliqua
1227 2545 1310 2610 ratio
1341 2558 1561 2628 acceptorum,
1598 2567 1810 2630 expensorum
1839 2561 1870 2609 ct

521 2637 743 2701 resolutorum
775 2637 957 2712 inducitur,
1003 2638 1052 2700 uel
1088 2661 1182 2720 quum
1217 2641 1255 2701 dc
1289 2639 1485 2722 iugeratione
1525 2637 1628 2720 agitur
1671 2640 1752 2702 inter
1791 2640 1869 2702 vici·

562 2754 635 2797 nos.
693 2733 737 2796 Et
766 2735 859 2796 niodo
886 2731 991 2814 primo
1024 2731 1168 2814 quaestio
1198 2732 1356 2807 nascitur,
1391 2733 1442 2795 vel
1470 2754 1566 2816 quum
1602 2747 1737 2816 propter
1772 2755 1870 2798 onera

562 2826 710 2910 fugienda
736 2829 774 2888 de
796 2828 951 2889 bonorum
968 2825 1198 2906 permutatione
1219 2835 1383 2887 tractatur.
1428 2826 1471 2889 Et
1494 2826 1682 2889 utbreviter
1700 2827 1865 2908 explicem,

563 2941 768 3004 quaecunque
800 2918 1019 2982 controversia
1043 2929 1189 2982 versatur
1217 2917 1248 2979 iu
1283 2916 1497 2981 aestimatione
1526 2917 1586 2980 litis
1613 2918 1663 2981 vel
1688 2919 1783 3001 pretii
1818 2920 1868 2983 vel

562 3012 743 3097 quantitatis
769 3013 816 3074 vel
847 3014 967 3075 usurueri
990 3011 1041 3074 vel
1063 3012 1192 3074 alicuius
1223 3009 1400 3074 huiusmodi
1429 3011 1500 3087 rei,
1533 3032 1568 3074 ea
1592 3012 1673 3074 cadit
1697 3013 1727 3074 in
1753 3023 1866 3076 statum

445 3172 456 3192 .
520 3105 775 3190 tsnegotialem3
798 3106 878 3168 sicut
899 3107 990 3168 etiam
1012 3108 1049 3167 de
1071 3103 1284 3168 aestimatione
1306 3103 1369 3166 litis
1390 3115 1443 3166 aut
1466 3106 1503 3165 dc
1526 3106 1619 3167 modo
1643 3127 1765 3184 poenae
1791 3129 1867 3167 con-

561 3199 720 3262 stituendo
748 3197 815 3273 his,
852 3219 986 3280 quorum
1017 3201 1054 3261 de
1083 3198 1177 3279 culpa
1209 3197 1268 3260 iam
1294 3197 1527 3277 pronuntiatum
1561 3209 1625 3260 cst:
1663 3198 1771 3282 quales
1798 3209 1866 3260 sum

563 3294 641 3354 dirae
664 3290 821 3355 orationes
845 3289 977 3355 Catonis
1001 3304 1031 3354 et
1055 3289 1201 3355 Caesaris
1220 3293 1257 3352 de
1281 3311 1383 3372 poena
1411 3289 1667 3363 coniuratorum3
1704 3293 1867 3374 quaeritur

563 3383 645 3449 euim
660 3383 745 3460 illic,
762 3384 870 3467 quanti
891 3385 928 3448 lis
944 3383 1179 3448 coniuratorum
1202 3385 1313 3446 debeat
1336 3383 1505 3448 aestimari.
1549 3387 1624 3448 Hoc
1645 3397 1744 3447 autem
1769 3405 1867 3470 genus

562 3474 752 3564 quaestionis
777 3477 891 3542 totiens
917 3479 1068 3554 nascitur,
1099 3477 1245 3564 quotiens
1270 3479 1353 3540 nulla
1376 3479 1429 3541 lex
1455 3491 1570 3542 certam
1597 3499 1730 3561 poenam
1750 3479 1866 3543 consti-

520 3583 552 3631 ³⁰
563 3567 621 3633 tuit
642 3569 817 3646 maleficio,
849 3573 934 3654 quod
961 3583 1108 3636 constat:
1140 3583 1194 3635 aut
1222 3593 1316 3656 quum
1346 3572 1436 3653 plura
1462 3594 1576 3658 genera
1599 3593 1772 3654 poenarum
1796 3579 1867 3633 suunt

562 3662 672 3728 divisis
695 3664 819 3750 legibus
838 3667 1094 3739 constitutarum,
1126 3677 1234 3728 contra
1254 3665 1448 3727 voluntatem
1470 3667 1550 3728 alter
1570 3666 1697 3728 alterius
1719 3664 1779 3727 sibi
1802 3665 1865 3725 rin-

563 3757 728 3835 dicabuut,
764 3771 795 3822 et
823 3782 886 3822 nou
909 3759 1071 3822 arbitrium
1093 3757 1221 3832 iudicis,
1256 3761 1312 3821 sed
1332 3757 1545 3822 necessitatem
1566 3760 1644 3842 legis
1666 3761 1864 3841 spectabunt.

561 3852 606 3918 Et
627 3853 700 3916 ideo
722 3873 760 3914 ne
783 3853 823 3916 sit
852 3875 961 3928 error,
1000 3852 1116 3917 totiens
1140 3851 1305 3936 negotialis
1336 3863 1436 3914 status
1465 3873 1531 3914 csse
1553 3852 1689 3928 dicetur,
1721 3853 1864 3940 quotiens

560 3967 683 4030 poenae
705 3945 735 4010 iu
765 3949 1001 4010 condemnatum
1029 3967 1118 4009 reum
1145 3946 1258 4008 electio
1286 3944 1346 4007 crit
1377 3945 1408 4008 in
1438 3945 1546 4010 iudicis
1571 3957 1728 4026 potestate
1752 3949 1864 4010 nnllam

519 4054 551 4104 ³⁵
561 4051 707 4105 statutam
726 4039 859 4104 lorruam
883 4041 1070 4102 vindicante.
1116 4039 1288 4102 Praeterea
1311 4037 1403 4101 etiam
1422 4038 1500 4101 illud
1520 4051 1567 4102 est
1591 4039 1748 4122 negotiale
1771 4061 1864 4123 quae·

560 4132 696 4198 stionum
721 4155 841 4218 genus,
871 4131 902 4195 iu
924 4154 988 4218 quo
1010 4133 1154 4217 singulae
1176 4152 1280 4193 rerum
1303 4132 1469 4215 qualitates
1487 4131 1647 4213 patiuntur
1666 4131 1866 4216 quaestiones

560 4250 620 4310 per
643 4229 835 4294 uniuersales
856 4225 1114 4310 propositiones,
1146 4245 1185 4288 an
1210 4225 1362 4306 honesta,
1387 4247 1425 4287 an
1444 4225 1547 4300 utilis,
1572 4245 1611 4286 an
1630 4227 1709 4288 iusta
1734 4247 1784 4288 res
1805 4225 1864 4287 sit:

561 4343 641 4405 quae
664 4321 763 4385 lerme
782 4321 873 4384 etiam
891 4321 924 4384 iu
946 4321 1050 4406 legum
1065 4329 1096 4381 et
1113 4317 1143 4380 iu
1158 4317 1361 4402 rogationum
1380 4319 1547 4382 dationibus
1571 4317 1737 4382 observari
1751 4318 1864 4380 solent.

561 4415 640 4478 Item
662 4415 720 4477 alia
749 4427 797 4478 est
822 4415 941 4496 species
974 4412 1160 4497 negotialis,
1194 4406 1290 4496 quum
1324 4413 1384 4474 hae
1413 4415 1539 4475 eaedem
1569 4412 1734 4495 qualitates
1763 4431 1865 4471 rerum

520 4503 644 4588 winter
663 4528 697 4570 se
719 4519 968 4589 comparantur,
1003 4519 1105 4568 rrtrrrm
1129 4505 1258 4578 iustior,
1284 4526 1322 4567 an
1345 4505 1528 4581 honestior,
1567 4505 1616 4567 vel
1639 4527 1734 4590 quum
1756 4503 1865 4586 aliquis

563 4600 667 4663 reddit
688 4622 798 4664 causas
825 4601 1020 4665 voluntariae
1042 4600 1166 4664 mortis.
1225 4599 1278 4664 Fit
1300 4599 1466 4685 negotialis
1498 4610 1597 4662 status
1619 4599 1752 4690 ἐπιβολῇ
1775 4621 1867 4662 ποω-

648 4802 672 4849 6.
691 4805 752 4852 Cod.
772 4805 859 4862 ubique
875 4802 962 4852 nichil.
1011 4803 1054 4850 2⁰.
1085 4803 1116 4849 de
1143 4801 1311 4864 iugeratione]
1330 4804 1369 4848 Sic
1392 4803 1486 4856 scripsi.
1506 4827 1538 4836 -
1567 4801 1598 4846 de
1615 4801 1865 4849 numerosissimos.

699 4875 785 4920 etEd.
804 4875 920 4918 Ilosuaus.
940 4874 986 4919 0..
1024 4874 1066 4920 21.
1086 4875 1148 4918 Num
1172 4871 1328 4928 provoluti?
1375 4869 1415 4920 23.
1435 4873 1495 4916 Cod.
1511 4873 1613 4930 prescii
1634 4887 1687 4918 rum
1705 4874 1866 4930 stipulum-

699 4949 807 4997 stsnter,
827 4949 853 4988 nt
868 4945 909 4988 atii
923 4945 997 5000 prisci
1014 4945 1118 4990 codices.
1156 4941 1197 4988 tt.
1217 4943 1278 4988 llum
1296 4955 1340 4998 pro
1357 4939 1484 4986 dirersis?

654 5067 681 5120 8.
699 5063 740 5116 De
760 5063 865 5116 Inveut.
887 5063 908 5115 l.
928 5069 975 5119 ll.

637 5143 682 5196 27.
701 5137 780 5211 Apud
799 5137 958 5192 Salustium.
