4434 5959
556 634 598 697 sa
807 592 814 607 ’
1068 628 1356 694 vtc‘tontuns

556 795 620 859 qno
643 770 759 857 allqnid
785 770 855 837 llerl
879 792 944 833 non
971 781 1097 853 potest;
1135 769 1241 846 aliud,
1278 790 1343 853 qno
1363 767 1478 851 aliquid
1506 764 1629 833 facilius
1652 766 1866 847 compleatur.

476 924 483 931 .
556 868 681 931 Etenim
712 869 787 928 baec
808 868 872 929 dito
893 866 992 947 prima
1021 885 1252 945 proponamus;
1275 862 1344 938 fit,
1368 882 1435 923 non
1449 861 1520 937 fit:
1548 860 1607 921 iam
1630 880 1670 920 ex
1691 879 1749 933 eo,
1774 860 1864 950 quod

555 962 608 1032 lit,
633 982 742 1023 rursus
771 964 834 1022 tltto
857 962 1064 1032 descendunt,
1088 955 1207 1049 facile
1227 956 1298 1035 fit,
1335 954 1476 1043 difficile
1486 954 1551 1033 fit.
1609 953 1658 1014 lta
1680 949 1711 1012 in
1737 952 1865 1013 duobus

556 1054 685 1135 ponitur
707 1054 857 1126 facultas3
880 1053 910 1115 in
934 1072 1071 1135 genere,
1101 1050 1134 1112 it
1157 1062 1224 1128 est,
1253 1048 1284 1111 in
1306 1070 1366 1123 en,
1387 1052 1473 1131 quod
1493 1046 1548 1121 fit;
1576 1056 1607 1108 et
1628 1044 1659 1107 in
1681 1044 1867 1125 speeie,·id

531 1160 620 1219 sest,
645 1147 676 1208 in
699 1168 757 1221 eo,
793 1148 877 1227 qnod
899 1144 993 1207 facile
1015 1145 1063 1207 lit.
1107 1142 1190 1205 Illud
1213 1156 1331 1214 autem,
1358 1144 1443 1224 quod
1466 1142 1589 1205 difficile
1612 1144 1670 1210 fit.
1694 1138 1735 1200 ita
1754 1150 1866 1220 potest

556 1242 748 1324 argumentis
777 1238 938 1321 torqueri,
977 1236 1104 1299 utillud
1124 1238 1267 1298 videatur
1289 1256 1379 1309 esse,
1403 1238 1572 1317 quodnon
1597 1237 1651 1299 lit:
1688 1234 1865 1297 etidcirco

555 1333 587 1395 in
616 1336 678 1396 ltoc
703 1354 766 1396 oon
795 1345 867 1394 snut
892 1331 1012 1416 positae
1040 1330 1218 1391 facultates.
1270 1328 1449 1409 Dupliciter
1479 1330 1576 1413 igitur
1606 1329 1865 1403 facultatesesse

556 1438 733 1498 teneamus;
757 1426 859 1507 primo
881 1425 966 1497 illas,
991 1423 1056 1484 sine
1070 1422 1184 1504 quibus
1200 1420 1314 1505 aliquid
1337 1421 1404 1483 lieri
1427 1442 1489 1483 non
1510 1433 1633 1501 potest3
1657 1423 1766 1484 deinde
1780 1420 1863 1495 illas,

557 1518 669 1602 quibus
703 1516 820 1601 aliquid
844 1513 1021 1597 ⁴completur
1041 1526 1072 1575 et
1094 1513 1187 1575 facile
1206 1516 1398 1595 cotrtpletor:
1423 1526 1455 1575 nt
1482 1514 1508 1576 si
1531 1516 1601 1598 quis
1629 1516 1703 1577 velit
1723 1514 1866 1577 rhetori·

514 1631 627 1677 tteam
652 1612 830 1689 addiscere,
861 1611 960 1691 prima
992 1608 1052 1670 erit
1074 1608 1104 1669 ei
1133 1608 1308 1669 addiscendi
1339 1606 1492 1683 facultas,
1524 1611 1589 1670 sine
1611 1628 1671 1693 qua
1698 1608 1776 1670 ellici
1798 1630 1864 1671 non

554 1717 675 1787 potest;
699 1706 729 1766 id
751 1715 810 1780 est,
835 1702 971 1778 animus,
999 1702 1178 1785 ingenium,
1203 1700 1402 1762 instrumenta
1426 1700 1499 1763 artis
1517 1700 1614 1782 ipsius
1629 1712 1667 1761 ·et
1687 1703 1861 1785 magister:

555 1798 667 1861 deinde
688 1796 870 1860 suintillae
890 1795 1075 1870 facultates,
1110 1792 1223 1877 quibus
1241 1792 1363 1855 facilius
1383 1794 1435 1866 lit,
1470 1794 1497 1857 si
1517 1795 1557 1857 sit
1579 1796 1690 1856 doctus
1712 1806 1742 1856 et
1763 1797 1863 1859 bene·

554 1890 647 1954 volus
667 1890 825 1974 magister.
867 1889 915 1952 lta
941 1900 973 1951 et
995 1890 1033 1950 ad
1055 1899 1188 1949 mortem
1212 1886 1362 1960 facultas,
1386 1887 1452 1949 sine
1478 1908 1538 1971 qua
1561 1888 1629 1951 lieri
1656 1906 1717 1950 oon
1739 1900 1859 1970 potest,

555 2006 727 2058 venenatum
757 2006 817 2066 qua
842 1980 966 2045 facilins
994 1982 1048 2057 lit,
1085 2000 1236 2042 venenum
1263 2000 1331 2040 cum
1362 1981 1492 2060 poculo.
1538 1983 1572 2045 Si
1600 1997 1701 2048 antem
1730 1981 1863 2065 inpane

513 2080 647 2142 sedetur
670 2096 843 2149 renennm,
879 2096 952 2156 pars
974 2073 1026 2136 illa
1047 2085 1113 2148 est,
1144 2070 1367 2156 quaediflicile
1391 2074 1446 2147 lit;
1477 2096 1556 2156 quae
1573 2076 1617 2140 ita
1635 2090 1742 2159 potest
1762 2098 1862 2158 argn-

554 2168 665 2231 mentis
687 2169 853 2251 torqueri,
877 2177 913 2230 ut
929 2188 1004 2249 pars
1025 2168 1075 2229 illa
1095 2166 1238 2228 videatur
1259 2188 1346 2241 esse,
1372 2187 1451 2249 quae
1470 2169 1605 2234 nonlit:
1629 2175 1714 2257 quod
1736 2168 1862 2255 quidem

554 2262 673 2327 Cicero
697 2279 758 2342 pro
788 2260 937 2325 Cluentio
963 2259 1149 2341 disputavit,
1186 2280 1279 2342 qutun
1315 2258 1442 2339 negavit
1472 2262 1503 2321 in
1533 2283 1613 2343 pane
1647 2262 1714 2327 dari
1739 2278 1863 2339 venena

553 2354 707 2438 potuisse.
751 2347 949 2417 Hoc'autem
974 2356 1056 2416 seire
1076 2364 1108 2415 et
1133 2362 1240 2413 tenete
1261 2352 1429 2428 debemus,
1453 2353 1542 2415 etiam
1568 2366 1691 2439 tempus
1707 2366 1737 2420 el
1755 2357 1861 2418 locum

555 2460 587 2510 et
606 2458 709 2509 cetera
741 2460 867 2527 praeter
889 2447 1014 2509 modum
1036 2446 1201 2508 facultates
1222 2464 1290 2507 esse
1311 2465 1427 2526 posse;
1457 2446 1483 2509 si
1507 2449 1695 2531 generaliter
1716 2446 1861 2513 conside·

512 2556 544 2605 tt
555 2551 680 2614 rentur,
705 2561 766 2603 non
788 2562 829 2603 ex
850 2541 955 2621 speeie
982 2540 1032 2600 vel
1053 2559 1094 2600 ex
1117 2538 1407 2619 opportunitatibus
1434 2538 1510 2603 suis.
1555 2542 1692 2607 Necesse
1714 2556 1761 2604 est
1779 2540 1862 2603 enim

554 2645 585 2696 et
601 2635 810 2718 quodcunque
821 2644 943 2713 tempus
962 2642 994 2693 et
1013 2650 1231 2714 quemcunque
1243 2631 1349 2693 locum
1364 2629 1479 2707 lusisse,
1503 2654 1597 2715 qnnm
1613 2634 1729 2721 aliquid
1742 2635 1862 2697 factum

554 2739 614 2789 est.
659 2725 791 2807 Alioqui
806 2725 939 2789 facultas
957 2724 1056 2806 prima
1072 2743 1134 2785 non
1152 2723 1213 2785 erit
1230 2722 1383 2800 faciendi,
1407 2722 1466 2786 nisi
1479 2724 1537 2789 ista
1558 2726 1630 2793 sint.
1673 2730 1721 2811 lta
1741 2726 1862 2793 Cicero

552 2819 584 2882 in
600 2819 777 2883 Rosciana:
800 2820 882 2884 Non
897 2817 1029 2901 potnit,
1052 2816 1171 2901 inquit,
1195 2816 1347 2882 occidere
1357 2828 1494 2899 patrem
1512 2822 1676 2898 Roscios,
1699 2822 1862 2908 qnoniam
1933 2872 1937 2879 .

552 2914 674 2975 absens
701 2910 797 2998 fisit5
832 2911 883 2971 ble
907 2920 1163 2993 argumentuma
1192 2908 1265 2972 loeo
1292 2908 1379 2971 feeit.
1422 2908 1544 2973 Deinde
1576 2913 1640 2976 ait:
1674 2918 1751 2997 Age
1771 2934 1862 2975 nune

511 3007 727 3077 asnideamus
749 3005 900 3089 reliquas
912 3001 1123 3095 facultates.
1166 3002 1260 3085 Ergo
1286 3000 1347 3076 iam
1376 3010 1408 3063 et
1428 3002 1517 3066 locus
1537 3003 1672 3067 facultas
1700 3016 1770 3070 est:
1803 3010 1862 3069 sed

552 3097 705 3175 facultas,
745 3097 772 3161 si
801 3096 992 3181 generaliter
1019 3095 1259 3160 consideretur:
1296 3104 1329 3156 at
1356 3092 1383 3155 si
1410 3096 1633 3176 opportunitas
1669 3097 1736 3162 eius
1763 3098 1862 3163 fuerit

553 3186 713 3273 inspecta,
736 3201 812 3252 tnnc
832 3210 873 3252 ex
894 3188 968 3252 loeo
990 3197 1172 3272 argumenta
1194 3197 1368 3250 sumentur.

637 3284 846 3348 Adiunctum
873 3294 987 3344 anetem
1009 3282 1148 3365 negotio
1169 3280 1206 3343 id
1225 3280 1446 3362 intelligitur,
1469 3282 1562 3365 quod
1580 3284 1691 3348 maius
1714 3297 1748 3348 et
1769 3286 1864 3371 quod

554 3377 668 3441 minus
690 3389 723 3440 et
742 3378 834 3461 quod
854 3375 963 3439 simile
983 3374 1151 3454 erit·eet.]
1194 3374 1372 3437 Aen-inno
1386 3374 1525 3458 negotio
1539 3376 1598 3439 iam
1622 3380 1685 3443 dno
1703 3389 1862 3443 transacta

513 3482 644 3544 tosunt3
681 3469 872 3533 continentia
900 3489 971 3530 cnm
991 3466 1062 3549 ipso
1089 3465 1224 3550 negotio
1245 3478 1277 3530 et
1306 3466 1376 3544 illa,
1415 3491 1495 3554 quae
1521 3471 1552 3531 io
1575 3471 1719 3555 gestione
1740 3470 1864 3557 negotii

555 3564 769 3628 continentur.
824 3562 875 3624 Ac
895 3559 995 3643 prima
1020 3559 1145 3643 quidem
1170 3581 1239 3622 eum
1264 3561 1422 3625 attributis
1450 3561 1515 3625 suis
1539 3584 1676 3645 persona
1704 3576 1864 3629 transacta

555 3666 622 3729 est,
647 3656 765 3730 idest,
788 3654 882 3739 quis:
903 3653 1014 3716 deinde
1035 3652 1120 3740 qnid
1139 3664 1264 3741 eteur,
1288 3654 1477 3718 continentia
1501 3677 1569 3720 eum
1585 3657 1716 3742 negotio
1732 3660 1863 3721 demon-

554 3748 739 3813 stravimus:
770 3748 881 3809 deinde
901 3746 980 3822 ubi,
1015 3747 1171 3830 quando,
1207 3748 1508 3832 quemadmodum,
1532 3750 1653 3833 quibus
1673 3751 1863 3813 adminicu-

554 3844 614 3917 lis,
637 3841 671 3905 in
694 3840 836 3925 gestione
857 3838 978 3921 negotii
1008 3840 1111 3921 posita
1138 3840 1312 3904 docuimus.
1354 3842 1433 3906 Item
1456 3850 1576 3925 septem
1598 3844 1650 3906 illa
1672 3845 1773 3926 prima
1796 3844 1891 3905 ele·-

513 3948 658 4011 „ments
681 3935 712 3997 in
733 3936 854 3998 duobus
881 3932 1014 4017 negotio
1044 3931 1202 3997 attributis
1226 3933 1364 3998 videmus
1394 3936 1529 3999 inelusa:
1567 3959 1624 4000 nee
1641 3936 1701 4000 iam
1729 3935 1864 4019 amplius

556 4030 679 4093 videtur
700 4029 862 4103 relietum,
885 4028 972 4110 quod
987 4027 1018 4088 in
1035 4025 1102 4089 aliis
1120 4028 1244 4090 duobus
1261 4028 1391 4111 negotio
1410 4028 1567 4093 attributis
1584 4032 1621 4091 ad
1645 4042 1864 4114 argumentum

555 4120 755 4185 considerare
776 4122 960 4197 debeamus,
983 4118 1101 4195 idest,
1123 4118 1230 4207 iniis,
1255 4142 1335 4205 qnae
1356 4121 1518 4185 adiuncta
1539 4124 1677 4206 negotio
1699 4124 1863 4185 nominan-

554 4224 609 4275 ttu·
631 4226 661 4277 et
682 4213 714 4278 in
741 4214 795 4291 iis,
828 4232 909 4296 quae
931 4222 1052 4297 gestam
1073 4208 1236 4297 negotium
1267 4220 1514 4298 consequuntur.
1558 4216 1680 4278 Verum
1703 4227 1735 4277 et
1758 4217 1788 4277 in
1815 4214 1863 4278 bis

554 4308 661 4369 eadem
687 4318 829 4388 sepum,
865 4324 946 4388 quae
974 4315 1006 4366 et
1029 4306 1061 4367 in
1089 4306 1329 4387 superioribus,
1365 4308 1569 4370 considerare
1597 4310 1769 4372 debemus:
1805 4328 1865 4371 nee

513 4416 546 4467 ts
555 4397 684 4481 aliquod
717 4398 879 4480 negotium
911 4396 980 4459 sine
1002 4397 1050 4459 his
1076 4409 1197 4480 septem
1225 4398 1386 4461 elementis
1411 4421 1545 4482 ttttqnam
1569 4402 1687 4481 poterit
1702 4401 1862 4476 inveniri,

554 4502 589 4553 ut
613 4489 716 4574 quivis
739 4492 835 4554 bomo
855 4489 921 4553 sine
947 4490 1139 4553 lineamentis
1165 4492 1240 4555 suis.
1285 4494 1397 4577 ltaque
1424 4514 1518 4575 quum
1544 4494 1573 4555 in
1596 4504 1708 4556 nostro
1731 4492 1864 4575 negotio

442 4574 448 4585 ’
554 4606 596 4649 ex
617 4584 701 4647 omni
723 4583 953 4649 circumstantia
975 4597 1159 4667 argumente
1185 4586 1361 4666 ceperimus
1376 4598 1417 4649 'et
1434 4587 1516 4649 lides'
1535 4586 1564 4649 in
1581 4588 1695 4669 aliquo*
1709 4588 1866 4649 claudica-

554 4678 615 4755 rit,
649 4694 690 4741 ex
710 4676 820 4740 alienis
841 4688 1024 4758 argumenta
1046 4681 1193 4739 sumenda
1223 4690 1312 4742 sunt:
1350 4700 1431 4764 qnae
1453 4700 1548 4763 quum
1571 4690 1786 4753 assumuntur,
1811 4691 1867 4741 aut

632 4856 659 4911 4.
678 4855 708 4903 ln
726 4849 772 4921 eo]
791 4849 842 4902 ct.
860 4850 924 4903 Baa.
942 4878 977 4895 ·-
996 4856 1027 4902 tn
1044 4860 1105 4903 toto
1124 4851 1191 4908 Edd.
1217 4852 1271 4907 On.

633 4935 677 4984 10.
696 4924 842 4986 addiscere
864 4954 882 4966 -
901 4955 921 4966 -
946 4930 973 4976 ef
989 4923 1162 4995 addiscendi]
1196 4928 1245 4983 cd.
1266 4929 1327 4982 Bas.
1351 4958 1380 4971 -
1408 4928 1513 4981 discere
1532 4956 1550 4973 ·
1570 4959 1588 4972 -
1607 4933 1633 4979 el
1651 4928 1867 4987 adsensurum

555 4998 627 5063 ldtl.
665 5000 719 5056 On.

532 5090 535 5093 ’
631 5078 679 5136 26.
697 5102 733 5119 ·-
751 5078 831 5126 nest
848 5070 916 5127 cod.
935 5072 997 5126 baa.
1017 5072 1072 5126 Os.

520 5161 524 5168 ’
632 5154 678 5215 Μ.
696 5149 759 5217 llla]
779 5144 890 5202 Exeldlt
909 5166 925 5201 e
943 5151 1027 5221 capp·
1047 5147 1101 5202 Oa.
