4434 5959
544 551 606 613 lid
1052 550 1339 619 vlct'otttutts

531 684 704 773 'colligitur
723 710 764 752 ex
780 686 848 753 iure
869 686 930 753 iam
951 688 1143 767 constitut03
1167 694 1328 776 quomodo
1342 690 1374 755 id
1396 692 1436 757 sit
1450 695 1644 773 habendum,
1662 698 1751 760 unde
1768 718 1850 762 con·

541 783 697 845 troversia
730 794 789 845 est.
843 783 1001 864 Suppouit
1027 782 1220 865 exemplum,
1254 787 1339 868 quod
1367 788 1496 848 secundi
1522 789 1651 851 heredes
1682 790 1741 853 sibi
1772 810 1843 853 eam

541 876 742 938 hereditatem
758 876 943 951 vendicent,
968 897 1047 959 quae
1066 876 1187 939 venerit
1199 876 1338 958 pupillo;
1362 900 1455 961 quain
1466 877 1526 941 sibi
1542 879 1705 944 vendicant
1718 883 1841 965 agnati.

540 968 631 1031 Facit
660 968 880 1031 intentionem
911 982 1115 1052 agnatorum,
1148 969 1257 1030 deiude
1273 1012 1275 1019 ·
1289 969 1520 1051 depulsionem
1547 973 1696 1034 heredum
1730 994 1846 1037 secun·

515 1064 664 1130 sdoriuu.
715 1062 806 1123 'l'unc
834 1059 1065 1144 quaestionum
1101 1082 1247 1145 quorum
1274 1062 1319 1125 sit
1346 1063 1529 1126 hereditas.
1585 1064 1732 1126 Affertur
1755 1066 1839 1137 ratio

541 1174 557 1216 a
576 1152 717 1216 secundis
739 1153 926 1215 heredibus:
949 1154 1051 1236 Quod
1067 1153 1169 1215 unius
1183 1154 1346 1234 pecuniae
1367 1152 1506 1217 heredes
1525 1154 1650 1217 diuersi
1670 1176 1745 1218 esse
1775 1178 1846 1220 nou

536 1241 694 1329 possunt.
737 1245 791 1308 Fit
821 1245 989 1307 refutatio:
1022 1244 1089 1309 Sed
1120 1248 1196 1307 nou
1218 1256 1268 1307 est
1289 1267 1358 1309 uun
1378 1246 1537 1329 pecunia.
1580 1246 1652 1310 Erit
1672 1248 1842 1324 iudicarim

539 1360 585 1400 uu
603 1359 672 1399 rsua
689 1338 833 1421 pecunia
854 1337 912 1409 sit.
971 1339 1034 1400 Hic
1056 1340 1204 1401 admonet
1223 1359 1317 1420 posse
1340 1339 1370 1400 in
1397 1361 1456 1401 rina
1482 1351 1512 1401 et
1534 1338 1665 1421 simplici
1685 1341 1845 1403 eonstitu-

538 1430 624 1493 tione
645 1429 781 1492 inveniri
794 1430 945 1511 plurimas
968 1429 1103 1493 rationes
1124 1432 1392 1514 refutationesque
1413 1430 1588 1496 rationum:
1614 1444 1644 1495 et
1665 1433 1738 1495 item
1762 1433 1844 1495 iudi·

498 1526 702 1601 mentiones,
726 1534 759 1583 ut
781 1521 811 1583 iu
833 1523 892 1583 hac
917 1543 1021 1584 eausa.
1067 1526 1146 1586 Nasu
1169 1546 1264 1607 quum
1283 1523 1365 1587 ratio
1386 1524 1444 1599 sit,
1468 1544 1536 1588 nou
1554 1546 1655 1609 posse
1677 1526 1842 1607 plurimis

537 1617 711 1678 decausis
733 1616 834 1677 unius
860 1615 1024 1697 pecuniae
1048 1617 1187 1679 heredes
1210 1637 1282 1679 esse
1305 1616 1477 1679 diuersos:
1512 1636 1670 1701 quumque
1691 1616 1723 1679 in
1745 1638 1842 1698 supe-

534 1709 673 1772 rioribus
693 1708 843 1771 refutatio
864 1708 946 1770 facta
968 1709 1030 1782 sit,
1064 1730 1132 1773 uon
1148 1722 1199 1773 est
1224 1731 1294 1771 uun
1309 1708 1473 1793 pecuniae
1502 1709 1616 1773 omissa
1637 1712 1697 1771 bac
1718 1710 1842 1773 refuta·

534 1804 640 1876 tione,
677 1801 738 1864 alia
767 1799 916 1863 refutatio
948 1801 1085 1882 supponi
1118 1813 1242 1885 potest,
1286 1801 1330 1864 uti
1363 1800 1483 1863 dicatur
1515 1821 1582 1864 esse
1618 1822 1713 1883 posse
1745 1802 1835 1865 unius

534 1894 684 1976 pecuniae
706 1894 838 1955 heredes
859 1893 987 1973 plures,
1010 1894 1143 1957 diversis
1163 1898 1202 1958 de
1222 1896 1334 1957 eaitsis.
1386 1896 1429 1957 Et
1450 1908 1557 1975 aperte
1580 1896 1610 1956 i'n
1633 1894 1702 1975 ipso
1727 1896 1838 1958 Tullio

492 2018 522 2065 15
533 1987 670 2067 positum
692 1996 757 2058 est,
796 2006 877 2067 quae
898 1986 1036 2049 rationes
1057 1987 1138 2061 sint,
1172 2008 1251 2071 quac
1276 1985 1495 2049 refutationes.
1544 1986 1609 2049 Dat
1630 2000 1733 2049 sutem
1763 1985 1838 2050 huic

533 2077 751 2142 constitutioni
773 2078 862 2141 locos
883 2081 922 2141 ad
942 2090 1125 2163 argumenta
1147 2077 1354 2142 communiter
1377 2074 1500 2160 utrique
1521 2077 1602 2159 parti
1620 2080 1669 2141 vel
1685 2081 1831 2142 omnibus

531 2170 695 2254 partibus,
718 2170 744 2233 si
766 2171 872 2252 plnres
888 2173 1058 2245 exsistant3
1079 2182 1113 2233 ut
1133 2169 1180 2233 ius
1203 2172 1281 2234 unde
1303 2170 1441 2245 constet,
1465 2171 1675 2234 considerent.
1700 2169 1837 2235 Constat

531 2272 635 2325 autem
664 2283 705 2324 ex
734 2264 832 2325 tribus
861 2261 954 2339 duci,
993 2274 1124 2337 natura,
1156 2260 1379 2325 consuetudine
1408 2273 1578 2345 sequente,
1616 2264 1723 2327 deinde
1747 2264 1832 2347 lege.

533 2358 702 2421 Postremo
732 2366 872 2418 naturam
895 2357 960 2420 eius
982 2356 1090 2420 dividit
1110 2354 1142 2418 in
1164 2375 1220 2417 sex
1252 2366 1381 2437 partes.
1414 2376 1490 2439 quas
1523 2354 1589 2435 ipse
1616 2354 1753 2437 partitus
1788 2367 1836 2418 est

488 2480 521 2531 20
532 2460 563 2511 et
584 2447 736 2511 definivit.
786 2448 866 2511 Item
895 2447 1127 2513 consuetudinis
1155 2460 1256 2509 certas
1285 2444 1405 2528 speeies
1433 2466 1450 2507 a
1480 2449 1679 2527 praetoribus
1712 2447 1832 2530 positas

530 2539 707 2624 dereliquit.
750 2540 815 2603 Res
836 2539 1029 2603 firmissimas
1043 2540 1193 2614 subiecit;
1216 2549 1363 2621 pactum,
1385 2558 1467 2619 par,
1491 2538 1675 2614 iudicatum
1697 2540 1834 2625 legitimi

529 2645 632 2695 autem
666 2630 743 2695 iuris
770 2631 930 2697 scientiam
958 2633 1131 2695 ediscendis
1162 2633 1284 2716 legibus
1315 2630 1454 2715 reliquit.
1512 2633 1572 2694 Vis
1601 2644 1632 2696 et
1654 2645 1765 2695 natura
1799 2644 1831 2696 et

529 2747 628 2811 genus
663 2724 759 2807 ipsius
795 2726 917 2809 negotii
944 2726 1121 2810 quaeritur.
1176 2726 1276 2806 Quale
1308 2723 1347 2787 sit
1376 2722 1556 2807 negotium,
1593 2724 1623 2787 in
1653 2726 1753 2799 tribus
1782 2726 1830 2789 his

527 2820 708 2904 quaeritur,
732 2818 783 2893 vi,
807 2831 1101 2901 naturapgenem
1131 2816 1244 2881 iustuin
1278 2838 1315 2879 an
1339 2814 1503 2890 iniustruu;
1527 2814 1602 2879 utile
1624 2837 1662 2878 an
1683 2818 1806 2881 inutile.

484 2950 517 3001 25
609 2915 699 2976 Aule
727 2924 882 2976 mortuus
915 2922 984 2987 est,
1020 2932 1124 2995 quam
1151 2910 1187 2972 in
1211 2929 1312 2971 sunm
1341 2908 1483 2970 tutelam
1505 2909 1644 2991 ueniret]
1699 2912 1743 2975 Ut
1765 2930 1830 2974 non

524 3017 635 3089 posset
655 3007 762 3070 facere
783 3016 1017 3080 testamentum,
1040 3006 1112 3087 quia
1135 3002 1236 3067 minor
1258 3012 1352 3065 esset.

608 3098 714 3163 Cuius
734 3096 870 3182 agnati]
914 3099 1038 3170 idest,
1062 3095 1228 3179 petitores.

606 3196 659 3256 De
685 3213 755 3275 qun
784 3193 832 3265 is,
867 3191 965 3254 euius
992 3189 1114 3273 nguoti
1144 3207 1281 3263 sumus,
1318 3198 1464 3253 termus
1494 3208 1563 3252 nou
1590 3188 1655 3271 est]
1698 3186 1736 3253 Id
1759 3198 1827 3266 est,

523 3294 615 3368 pater
636 3283 747 3365 pupilli
769 3285 822 3347 vel
837 3284 978 3365 pupillus
999 3284 1079 3365 ipse.

480 3418 514 3469 3⁰
605 3377 708 3442 Ratio
727 3377 792 3455 est]
836 3376 931 3439 Ratio
953 3373 1143 3458 quaestionis
1165 3392 1294 3449 eorum,
1317 3374 1371 3457 qui
1391 3394 1593 3457 possessores
1614 3383 1699 3437 suut.

605 3472 708 3533 Pater
728 3470 819 3533 enim
838 3478 873 3530 st
892 3468 957 3531 sibi
977 3480 1010 3530 et
1023 3467 1109 3543 filio
1130 3477 1367 3531 testamentum
1387 3467 1538 3549 scripsit]
1582 3467 1739 3548 Quamdiu
1759 3488 1826 3533 non

524 3562 641 3626 licebat
660 3562 728 3626 filio
749 3561 891 3624 seribere
913 3572 1142 3624 testamentum.

602 3654 801 3731 lusumntt'o
821 3666 872 3715 est
894 3651 1053 3730 rationis]
1095 3656 1128 3715 A
1150 3661 1240 3733 parte
1262 3651 1418 3734 petitoris.

602 3752 683 3814 Nou
697 3746 799 3827 filio]
841 3745 876 3809 Si
897 3746 1091 3807 extrinsecus
1114 3746 1197 3808 aliud
1218 3745 1341 3809 aliunde
1363 3746 1445 3808 filius
1468 3747 1611 3809 baberet.

602 3840 669 3903 Sed
688 3838 755 3902 sibi
774 3837 875 3901 iussit
895 3837 982 3915 esse]
1028 3838 1068 3899 ld
1088 3850 1152 3914 est,
1176 3842 1270 3901 rebus
1292 3839 1355 3899 suis
1377 3838 1550 3902 substituit.

596 3930 780 4009 ludicnlio]
823 3932 876 3994 Ex
897 3929 1020 3993 ratione
1041 3941 1072 3993 et
1094 3930 1282 3994 refutatione
1305 3932 1447 3994 rationis.

599 4024 753 4091 Possitue
784 4024 964 4108 quisquam
998 4024 1039 4085 de
1068 4022 1141 4098 filii
1164 4024 1290 4105 pupilli
1311 4046 1347 4085 re
1368 4024 1502 4105 testari]
1545 4023 1647 4107 Quam
1670 4045 1731 4090 non
1755 4024 1823 4109 ipse

516 4120 647 4186 haberet
668 4130 700 4181 et
722 4139 813 4201 quatu
837 4116 974 4199 pupillus
995 4116 1118 4179 aliunde
1140 4114 1324 4199 quaesisset.

598 4216 654 4277 Au
675 4212 815 4275 laer-edes
836 4208 975 4273 secundi
997 4208 1104 4291 ipsius
1121 4204 1412 4299 patrisfamilias,
1436 4210 1588 4288 noufllii
1601 4232 1732 4295 quoque
1746 4210 1823 4274 eius

472 4332 505 4383 qq
510 4306 635 4391 pupilli
663 4306 803 4369 heredes
835 4301 919 4382 siut]
961 4302 1042 4382 Quia
1071 4304 1226 4364 secundus
1260 4305 1351 4365 heres
1384 4326 1478 4387 quum
1509 4304 1641 4379 dieitur,
1676 4302 1742 4367 eius
1772 4316 1823 4366 est

513 4401 667 4465 secundus
700 4400 754 4482 qui
781 4395 982 4459 hereditatem
1013 4394 1145 4456 remisit.
1199 4395 1286 4457 Unde
1318 4398 1411 4458 heres
1433 4416 1501 4459 esse
1524 4416 1586 4459 non
1606 4407 1730 4477 potest,
1758 4394 1821 4458 nisi

513 4494 596 4567 eius,
621 4490 671 4553 cui
692 4493 845 4553 secundus
868 4490 958 4551 heres
979 4497 1038 4549 est.
1093 4486 1172 4549 Eius
1195 4499 1300 4550 auteur
1322 4492 1414 4551 heres
1436 4510 1500 4553 non
1521 4501 1627 4571 potest
1648 4510 1735 4567 esse,
1768 4490 1821 4553 eui

513 4607 576 4650 non
598 4595 645 4647 est
666 4585 833 4647 secundus.

593 4676 764 4743 lindicolio
784 4687 850 4752 est,
874 4694 986 4738 unaue
1002 4674 1150 4757 pecunia
1155 4669 1291 4762 suerit.
1335 4676 1386 4739 Ac
1401 4672 1430 4740 si
1450 4676 1512 4737 liae
1527 4684 1627 4753 eruut
1648 4674 1703 4737 usi
1714 4672 1820 4749 infir.

475 3886 507 3935 36

586 4864 631 4916 18.
650 4886 687 4899 -
705 4865 846 4925 sequenter
866 4862 928 4910 hec.

584 4935 628 4988 24.
648 4948 685 4985 ω
703 4937 804 4982 truttam
823 4936 970 4994 iufaustum,
989 4931 1057 4981 utils
1076 4930 1174 4981 turuile
1193 4929 1261 4985 Cod.
1279 4933 1341 4985 Bas.
1363 4932 1417 4986 01.

582 5012 630 5067 56.
649 5036 681 5049 -
703 5016 731 5057 el
749 5004 945 5076 verificalt'osss
965 5005 1034 5058 Cod.
1052 5005 1117 5057 Bet.

583 5094 628 5144 du.
648 5098 685 5137 se
702 5091 752 5135 mu
769 5087 795 5133 as·
816 5081 883 5133 cod.
902 5083 984 5147 bau,
1003 5095 1032 5132 ut
1051 5080 1202 5133 bantinus
1222 5084 1251 5133 iu
1270 5078 1331 5135 Cic.
1352 5078 1406 5133 Οι.
