4434 5959
934 595 1027 661 nm.
1049 595 1096 661 11.
1275 626 1278 629 -
1615 565 1681 659 ἰιι

239 776 248 833 ¹,
363 736 422 801 sed
445 746 575 799 matrem
598 744 787 819 sequuntur.
841 736 1017 802 Probatum
1040 745 1089 799 est
1111 734 1213 820 igitur
1236 756 1298 818 pro
1326 718 1582 801 fiberismauiere
1603 735 1682 800 nibil

366 842 522 913 oportere
543 850 583 892 ex
604 828 687 904 hoc,
711 830 889 912 quodcum
912 851 952 894 eo
976 828 1088 891 mulier
1110 828 1235 911 nuptias
1256 828 1354 905 fecit,
1376 852 1446 893 cum
1469 854 1535 913 quo
1557 852 1681 896 connut-

239 988 250 1015 Ι
363 924 408 987 bii
431 923 479 985 ius
501 942 565 984 non
586 933 671 995 erat;
701 923 764 985 hoc
786 940 864 985 vcro
886 934 955 985 erat
977 923 1178 985 antecedens.
1221 924 1296 986 Non
1318 942 1399 1008 ergo
1421 943 1439 985 a
1460 923 1679 1009 consequenti,

239 1016 250 1095 g
364 1020 424 1081 sed
455 1018 495 1077 ab
523 1013 722 1077 antecedenti
750 1014 856 1097 potius
887 1016 1005 1079 factum
1034 1016 1280 1097 deprehenditur
1309 1030 1540 1100 argumentum.
1584 1017 1683 1098 Quuod

244 1109 248 1117 '
365 1111 391 1174 si
415 1108 546 1194 perid,
581 1110 667 1191 quod
689 1107 767 1172 nibil
788 1108 871 1172 dotis
893 1110 1018 1174 nomine
1040 1132 1167 1174 manere
1189 1122 1372 1192 oporteret,
1396 1112 1592 1192 probaretur
1614 1113 1707 1173 eam⁵

362 1203 492 1287 nuptias
513 1224 583 1265 cum
607 1221 648 1265 eo
669 1201 806 1277 fecisse,
844 1202 970 1285 quicum
1001 1203 1153 1268 connubii
1173 1201 1221 1265 ius
1243 1223 1307 1265 oon
1329 1214 1429 1277 esset,
1455 1214 1541 1267 recte
1565 1224 1582 1264 a
1605 1226 1682 1267 con-

364 1296 573 1383 sequentibus
603 1306 822 1377 argumentum
844 1296 962 1359 factum
985 1318 1054 1360 esse
1076 1296 1248 1371 diceretur.
1299 1296 1407 1360 Fieret
1429 1318 1509 1361 vero
1531 1318 1548 1360 a
1571 1319 1683 1360 conse·

365 1392 537 1477 quentibus
560 1400 798 1472 argumentum,
829 1387 857 1451 si
879 1388 921 1452 ita
945 1402 1141 1474 poneretura
1179 1390 1215 1454 si
1236 1388 1311 1473 quid
1332 1410 1374 1452 ex
1395 1393 1470 1452 dote
1491 1412 1553 1471 pro
1576 1390 1683 1453 liberis

366 1505 493 1549 manere
515 1492 695 1566 oporteret,
729 1480 803 1565 quia
836 1494 960 1563 patrem
984 1482 1078 1546 liberi
1098 1494 1293 1567 sequuntur,
1327 1506 1397 1547 cutm
1420 1504 1460 1547 eo
1483 1496 1577 1565 nupta
1600 1496 1685 1547 esset

239 1586 249 1597 ''
365 1578 500 1653 mulier,
539 1598 609 1639 cum
640 1594 706 1660 quo
732 1574 883 1639 connubii
916 1575 1068 1639 inserat.
1127 1578 1267 1639 Assttmo
1290 1579 1375 1661 quod
1398 1588 1446 1640 est
1466 1594 1728 1663 consequensztt

243 1657 248 1682 ¹
354 1672 433 1737 'Sed
455 1670 568 1735 mulier
588 1690 659 1731 cum
676 1689 721 1733 ’eo
746 1679 840 1749 nupta
864 1688 926 1733 noo
952 1681 1016 1743 est,
1047 1688 1119 1730 cum
1142 1688 1208 1751 quo
1230 1669 1378 1732 connubii
1399 1668 1447 1733 ius
1467 1682 1549 1735 erat.
1594 1671 1683 1737 Con-

238 1768 247 1787 *
366 1768 464 1831 eludo
494 1765 710 1827 antecedens:
745 1760 832 1824 Nihil
861 1760 960 1845 igitur
992 1760 1076 1826 dotis
1107 1781 1170 1844 pro
1202 1761 1312 1825 tiberis
1340 1783 1466 1827 manere
1498 1767 1683 1848 oportebit,

239 1848 248 1877 ²
368 1859 442 1945 quia
463 1870 586 1941 patrem
609 1853 701 1919 liberi
724 1876 788 1919 non
809 1865 999 1939 sequuntur.
1044 1855 1277 1940 Argumentum
1300 1857 1340 1919 ab
1362 1877 1424 1932 eo,
1455 1860 1543 1941 quod
1559 1858 1591 1923 in
1611 1857 1685 1941 ipso

238 1969 246 1982 “
369 1962 440 2027 est,
465 1954 591 2033 dequo
614 1947 799 2033 quaeritur:
833 1948 997 2033 quaeritur
1018 1948 1099 2011 enim
1122 1949 1162 2011 de
1183 1946 1220 2011 iis
1244 1948 1381 2031 nuptiis,
1411 1972 1544 2034 quarum
1566 1951 1685 2015 nubum

239 2038 249 2076 ²
367 2045 466 2109 fuerit
488 2044 557 2107 iure
579 2039 791 2114 connubium3
814 2061 855 2103 ex
877 2042 1018 2105 affectius
1044 2063 1138 2106 omne
1156 2040 1237 2104 enim
1253 2063 1451 2128 consequens
1466 2046 1505 2107 ad
1526 2042 1575 2119 id,
1599 2046 1739 2129 quodue-

367 2138 554 2222 praecedit,
577 2136 734 2214 refertur3
763 2132 897 2196 maxima
918 2134 1122 2217 propositio:
1160 2133 1225 2199 Ubi
1246 2156 1444 2220 consequens
1466 2158 1531 2201 oon
1552 2148 1618 2213 est,
1642 2136 1694 2201 ibi-

367 2254 408 2298 ne
430 2231 617 2339 antecedens
640 2228 767 2314 quidem
789 2248 859 2291 esse
881 2238 1000 2311 potest.
1044 2229 1098 2291 Ac
1118 2229 1158 2291 de
1179 2228 1231 2290 bis
1251 2228 1313 2293 erit
1334 2229 1414 2295 alius
1436 2231 1565 2295 uberius
1585 2231 1688 2295 disse-

365 2326 608 2501 rendifiiinisi.
632 2422 663 2495 §.
686 2416 754 2495 at.)
796 2416 830 2479 A
851 2413 1125 2499 repugnantibus
1148 2448 1188 2461 —
1211 2444 1251 2459 —
1273 2428 1308 2479 et
1328 2416 1472 2504 invitum
1492 2406 1649 2484 reddere.

453 2514 617 2577 Secundus
639 2512 730 2574 heres
753 2508 887 2583 dieitur,
911 2508 965 2593 qui
988 2506 1097 2570 heredi
1117 2506 1262 2572 instituto
1283 2510 1504 2588 substituitur3
1540 2512 1638 2575 veluti
1659 2510 1742 2577 sito.

370 2608 442 2696 quis
464 2607 563 2669 fliium
591 2604 733 2667 instituat
763 2605 910 2666 heredem
933 2600 1138 2685 scribatque:
1176 2600 1210 2663 Si
1234 2601 1260 2663 is
1282 2600 1364 2665 filius
1386 2603 1466 2667 intra
1487 2606 1687 2687 pubertatem

242 2722 246 2733 ·
369 2700 561 2776 decesserit,
595 2708 744 2780 nepotem
767 2697 818 2759 ref
840 2694 1011 2779 quemlibet
1034 2694 1128 2756 atium
1150 2695 1296 2758 heredem
1318 2716 1388 2760 esse
1409 2710 1576 2780 oportere.
1620 2700 1688 2762 Ne-

244 2804 248 2817 '
368 2817 431 2880 pos
452 2793 551 2879 igitur
573 2791 623 2855 rel
646 2790 779 2875 quilibet
800 2788 877 2852 alius
899 2790 1055 2851 secundus
1077 2788 1171 2851 heres
1193 2788 1319 2853 dicitur.
1363 2790 1587 2875 Repugnantia
1600 2802 1685 2870 stent,

243 2916 248 2921 ·
369 2908 451 2974 quae
473 2888 523 2968 (ut
543 2888 659 2948 dietum
682 2884 744 2963 est)
766 2882 925 2945 contraria
948 2892 1208 2963 consequuntur,
1243 2882 1271 2946 si
1298 2883 1374 2965 ipsis
1401 2884 1572 2949 contrariis
1597 2904 1693 2949 eom·.

239 2984 245 3000 '
369 2992 535 3067 parentur.
594 2976 728 3058 Quidam
750 2974 849 3061 igitur
869 2976 1017 3039 heredem
1040 2985 1230 3041 testamento
1251 2976 1379 3059 scripsit
1400 2978 1498 3042 fitium
1519 2977 1613 3063 eique
1634 2982 1730 3042 se·2⁵

239 3084 246 3117 ι
370 3076 507 3139 cundum
540 3070 701 3135 substituit
731 3070 899 3145 heredem,
936 3067 1094 3152 uxorique
1122 3089 1197 3131 suar
1235 3072 1417 3135 ancillarum
1458 3073 1687 3135 usumfructum

369 3164 492 3253 legarit
519 3185 537 3228 a
568 3163 637 3227 filio
667 3159 827 3245 dixitque,
862 3171 897 3224 ut
928 3163 1025 3224 uxori
1051 3160 1134 3225 hlius
1162 3161 1230 3225 eius
1252 3164 1482 3227 usumfructum
1504 3164 1686 3228 ancillarum

239 3275 247 3308 t
368 3261 587 3348 permitteret,
612 3277 716 3342 neque
736 3254 816 3319 illud
837 3254 968 3330 adiecit,
993 3266 1028 3318 ut
1042 3254 1134 3318 stiam
1156 3258 1312 3319 secundus
1327 3260 1418 3321 heres
1433 3260 1565 3322 eundem
1582 3280 1687 3321 ursum·

368 3358 507 3423 fructum
531 3351 656 3416 medieni
677 3350 878 3414 concederet.
922 3348 1081 3413 Successit
1102 3348 1185 3411 filius
1207 3359 1239 3413 et
1262 3348 1385 3414 mulieri
1405 3351 1586 3414 ancillarum
1608 3371 1686 3416 coo·

370 3450 444 3513 tulit
465 3444 708 3509 urstumfructum.
753 3443 815 3506 Iflo
838 3452 966 3506 mortuo
989 3441 1068 3505 intra
1092 3445 1311 3523 pubertatem,
1335 3443 1403 3529 agit
1417 3447 1572 3509 secundus
1593 3447 1686 3508 heres
1697 3460 1742 3511 tt‘

370 3554 402 3606 et
423 3545 652 3605 usumfructum
683 3536 867 3599 ancillarum
898 3534 1021 3598 mulieri
1042 3546 1237 3619 extorquere
1262 3548 1397 3602 cenatur
1419 3539 1542 3616 dicens,
1579 3561 1686 3603 ιιιιιιιι-

369 3636 508 3701 fructum
532 3632 562 3696 ei
584 3650 601 3693 a
624 3630 690 3694 filio
713 3631 871 3713 legatum,
909 3648 983 3691 ase
1006 3649 1084 3692 vero
1108 3630 1244 3695 monime.
1296 3632 1485 3712 Quaeritur,
1523 3647 1628 3698 utrum
1649 3655 1689 3698 ea

368 3728 483 3793 mulier
505 3730 662 3811 legatum,
696 3727 784 3809 quod
805 3735 992 3788 testamento
1015 3736 1101 3786 recte
1124 3737 1312 3807 acceperat,
1350 3726 1451 3791 invita
1474 3728 1574 3810 possit
1596 3727 1687 3790 amit·

368 3833 447 3889 tere.
490 3823 555 3886 Hie
576 3818 674 3903 igitur
695 3818 871 3895 subiectum
893 3827 963 3881 est:
1001 3817 1164 3901 legatum,
1202 3822 1289 3902 quod
1312 3821 1487 3885 testamenti
1508 3823 1575 3884 iure
1597 3830 1687 3883 recte

370 3914 516 3999 accepit;
539 3913 751 3997 praedicatum
776 3932 877 3979 vero:
900 3908 1026 3973 invitam
1046 3933 1142 3994 posse
1157 3912 1312 3977 amittere.
1357 3916 1455 3979 Sermo
1470 3914 1567 3998 igitur
1588 3932 1685 3994 argu·
1697 3922 1729 3973 tt
1760 3916 1764 3923 '

370 4021 509 4072 mentum
530 4028 549 4071 a
571 4004 837 4091 repugnantibus.
883 4006 1079 4088 Repuguans
1104 4026 1182 4069 vero
1204 4016 1273 4080 est,
1296 4007 1324 4071 si
1345 4007 1395 4081 id,
1419 4010 1507 4092 quod
1520 4004 1686 4070 contrario

369 4122 569 4187 consequens
591 4111 658 4177 est,
690 4096 781 4161 alteri
803 4099 966 4161 contrario
989 4112 1212 4181 comparatum
1237 4098 1377 4166 velutin
1399 4102 1464 4164 boc
1485 4102 1573 4183 ipso,
1598 4099 1713 4183 quod.

371 4204 568 4269 tractamus,
606 4192 754 4275 exempto
783 4204 874 4257 recte
899 4191 1052 4275 accipere
1082 4201 1115 4255 et
1144 4213 1213 4255 non
1235 4204 1324 4257 recte
1350 4193 1503 4277 accipere
1525 4190 1686 4279 contraria

368 4298 462 4352 stunt:
492 4286 640 4351 sednon
669 4297 758 4349 recte
779 4284 934 4369 occipere
960 4284 1130 4350 comitatur
1152 4285 1296 4349 inuitum
1321 4286 1481 4361 residem
1513 4286 1581 4350 iure
1601 4284 1684 4349 euim
1752 4332 1756 4337 κ

370 4378 490 4444 inritus
511 4380 632 4456 reddit,
646 4378 700 4462 qui
715 4400 778 4443 non
800 4391 888 4442 recte
909 4380 1043 4459 aceepit.
1074 4379 1246 4463 Repugnat
1261 4378 1360 4464 igitur
1380 4379 1523 4443 invitum
1543 4378 1729 4443 redderet·

370 4474 422 4549 ei,
457 4475 545 4557 quod
566 4484 615 4536 est
635 4486 725 4537 reete
747 4472 913 4555 occipere.
971 4471 1138 4536 Faciamus
1160 4471 1258 4553 igitur
1279 4484 1497 4557 argumentum
1522 4472 1587 4536 sie:
1622 4471 1688 4553 Qui

368 4578 560 4631 testamento
582 4566 724 4648 accepit,
748 4580 834 4629 recte
857 4566 990 4647 aceepit.
1036 4566 1132 4646 Quod
1153 4579 1255 4629 aretem
1279 4579 1365 4629 recte
1388 4566 1557 4649 accipitur,
1581 4566 1686 4631 invito

370 4662 422 4735 ei,
446 4660 503 4745 qui
523 4662 620 4726 semel
642 4673 728 4723 recte
751 4660 891 4742 accepit,
916 4658 1033 4723 atuf'erri
1056 4680 1119 4723 uon
1136 4672 1254 4741 potest.
1299 4662 1344 4724 At
1367 4661 1477 4723 mulier
1499 4672 1686 4725 testamento

370 4756 598 4817 usumfructum
622 4754 803 4819 ancillarum
827 4753 960 4835 accepit.
1013 4754 1047 4815 fd
1079 4753 1107 4816 ei
1136 4752 1237 4839 igitur
1265 4752 1382 4817 invitae
1405 4776 1468 4818 nou
1491 4754 1608 4836 poterit
1630 4774 1699 4821 au·.

368 4846 461 4910 ferri.
505 4850 741 4933 Argumentum
764 4848 803 4909 ab
826 4868 889 4924 eo,
921 4848 1008 4931 quod
1030 4846 1060 4909 iu
1083 4846 1154 4929 ipso
1178 4860 1244 4923 est,
1259 4844 1306 4911 'de
1329 4868 1394 4934 quo
1416 4848 1546 4932 agitur,-
1564 4846 1597 4913 id
1617 4858 1683 4919 est,
1697 4857 1743 4907 ts.

448 5072 493 5128 53.
515 5070 602 5137 recte]
624 5066 684 5123 add.
709 5069 785 5121 Eine.
834 5068 878 5126 fro.
904 5070 961 5137 qur]
982 5068 1059 5121 Eius.
1080 5070 1148 5122 ven.
1168 5096 1203 5109 -
1223 5067 1297 5137 prend
1316 5068 1401 5121 Parit.
1421 5068 1498 5124 Burs.
1545 5067 1591 5127 dd.
1608 5066 1645 5121 fd
1661 5072 1688 5120 ei

371 5144 430 5214 ig]
452 5144 525 5197 utne.
548 5172 584 5187 -·
604 5144 680 5197 Idem
697 5149 739 5211 ig.
760 5150 829 5209 (otu.
846 5148 885 5211 ei)
907 5146 974 5196 fen.
995 5146 1079 5197 Parit.
1098 5172 1137 5185 -
1154 5142 1192 5197 Id
1206 5150 1247 5213 fg.
1266 5148 1293 5195 cf
1311 5142 1385 5197 flate.
1766 5146 1774 5161 ⁰

458 5244 585 5288 aarum·
601 5247 623 5287 n.
638 5245 682 5289 cu.
698 5247 744 5287 vu
760 5246 785 5285 v.
800 5248 819 5287 ι.
1372 5217 1414 5281 20
