4434 5959
934 612 1026 675 nin.
1049 610 1078 674 1.
1171 590 1174 596 ’
1621 610 1661 675 ιι

351 752 380 817 si
414 750 590 825 vindemia,
613 748 730 833 frigus.
775 748 943 834 singulare
975 759 1024 813 est
1050 760 1172 825 antem,
1207 748 1326 833 inquit,
1362 752 1447 832 qrrod
1469 748 1522 813 nni
1549 748 1662 832 cuique

348 857 458 929 potest
480 844 652 927 provenire
670 843 837 925 privatim3
860 853 893 904 ut
913 843 940 905 si
963 841 1089 924 nuptiae
1110 842 1190 918 sint,
1220 843 1427 919 sacrificium,
1452 842 1558 919 funus,
1584 864 1663 906 con-

354 939 494 1013 ririum,
518 954 660 1002 somnus.
704 938 748 997 Et
768 948 855 998 recte
878 936 909 996 in
931 935 1054 1017 privata
1078 935 1244 999 occasione
1266 949 1408 999 somnum
1431 936 1524 998 etiam
1543 934 1664 1017 posuit·

352 1034 427 1096 Nan
449 1029 533 1093 enirn
555 1051 596 1092 ex
615 1026 800 1090 necessitate
823 1029 993 1108 temporis,
1017 1030 1073 1089 sed
1092 1049 1133 1098 ex
1156 1012 1303 1109 corpaiis
1318 1040 1410 1111 atque
1432 1028 1523 1090 animi
1541 1027 1665 1089 ratione

353 1124 534 1195 dormitum
556 1121 711 1183 interdurn
733 1120 814 1181 enim
829 1120 903 1183 lassi
917 1132 971 1183 ant
994 1119 1100 1181 maesti
1119 1140 1178 1202 per
1198 1121 1277 1181 diem
1297 1120 1486 1183 dormimus:
1510 1115 1690 1182 interdum⁵

352 1215 485 1281 solliciti
517 1226 613 1297 atque
645 1213 790 1294 occrrpati
838 1222 931 1275 nocte
966 1211 1144 1295 vigilamus.
1208 1210 1342 1292 Triplex
1375 1211 1481 1297 itaque
1513 1211 1664 1276 occasiot

352 1308 499 1391 publica,
534 1304 725 1379 communis,
760 1303 896 1387 privata.
946 1305 1000 1367 Ex
1031 1303 1079 1365 his
1110 1302 1330 1368 occasionibus
1363 1306 1461 1369 multa
1495 1320 1666 1388 possumus

352 1400 512 1485 colligere
534 1408 733 1482 argumenta.

437 1493 572 1559 Modus
588 1502 703 1552 antem
724 1502 790 1567 est,
810 1490 847 1553 in
867 1512 953 1575 quo,
970 1489 1254 1574 quemadmodum
1267 1502 1299 1553 et
1321 1513 1388 1576 quo
1401 1490 1666 1583 animofactum

353 1587 420 1661 ait,
445 1584 641 1671 quaeritur]
675 1582 808 1645 Modum
832 1580 948 1647 Cicero
974 1582 1143 1667 diligenter
1167 1581 1307 1663 inspexit
1331 1594 1426 1667 atque
1443 1585 1484 1647 ita
1507 1582 1664 1660 delinivit,
1678 1577 1708 1627 ¹⁰

353 1694 389 1744 ut
411 1700 507 1743 neruo
529 1697 677 1759 unquam.
728 1677 872 1760 Namque
890 1677 1013 1739 modurn
1035 1676 1068 1736 io
1090 1676 1214 1737 duobus
1235 1676 1458 1757 inspiciendum
1484 1676 1600 1749 docet,
1634 1677 1666 1737 in

354 1777 451 1839 modo
472 1772 549 1834 facti
561 1781 602 1831 ἰι
621 1769 652 1830 in
673 1767 777 1832 animo
799 1768 962 1840 facientis;
985 1780 1017 1829 ut
1034 1766 1061 1829 si
1080 1768 1189 1829 dicas:
1214 1771 1310 1832 Clam
1323 1781 1374 1832 est
1392 1770 1529 1854 quidem
1547 1768 1666 1831 modus

339 1866 462 1958 sacti,
495 1862 589 1948 quod
607 1862 707 1945 quasi
727 1882 782 1923 res
808 1864 937 1923 occulte
957 1872 1122 1943 geratur:
1153 1882 1269 1923 uerum
1289 1862 1324 1923 in
1344 1884 1385 1924 eo
1406 1873 1457 1925 est
1478 1874 1510 1927 et
1530 1861 1667 1923 animus

339 1958 517 2052 facientis
538 1954 745 2028 insidiosus,
779 1955 887 2016 latens
903 1967 1005 2037 ctpue
1029 1953 1217 2016 instructus
1237 1954 1336 2017 dalis.
1381 1955 1429 2017 lta
1449 1953 1480 2017 in
1503 1975 1554 2030 ea,
1580 1952 1668 2036 quod

349 2056 440 2115 clam
461 2049 612 2123 dicimus,
648 2058 680 2109 et
703 2048 814 2109 modus
838 2057 870 2108 et
891 2046 1009 2107 anirnus
1037 2044 1208 2109 invenitur.
1264 2044 1412 2109 Similiter
1446 2067 1553 2113 amnes
1583 2042 1708 2107 madi¹⁵

351 2168 394 2209 cx
416 2145 514 2207 modo
536 2139 613 2203 sacti
634 2151 667 2219 ιι
690 2159 730 2200 ex
753 2138 854 2203 animo
869 2138 1052 2219 inspiciendi
1074 2151 1159 2201 sunt.
1203 2140 1325 2203 Verum
1347 2141 1377 2203 in
1395 2141 1466 2223 ipso
1484 2137 1587 2201 animo
1603 2138 1666 2198 dua

351 2258 465 2301 rursus
485 2235 633 2298 debemus
651 2231 823 2313 inspicere,
847 2231 1041 2314 prudentiam
1060 2244 1091 2293 ct
1113 2232 1369 2314 imprudentiam,
1408 2231 1439 2295 id
1458 2244 1525 2308 ιιι,
1562 2239 1667 2292 utrum

351 2330 472 2413 aliquid
501 2327 655 2402 consilio,
695 2345 734 2387 an
761 2325 853 2388 animi
880 2325 1014 2407 impulsu
1038 2325 1165 2389 leceris.
1224 2330 1259 2389 ln
1290 2326 1338 2389 his
1365 2326 1443 2388 enim
1467 2344 1560 2387 causa
1589 2318 1667 2384 lacti

350 2422 539 2508 quaeritur,
571 2440 661 2503 quam
693 2418 848 2501 duplicem
870 2439 939 2482 esse
967 2418 1217 2499 supradiximus
1247 2418 1330 2481 circa
1351 2416 1494 2481 facientis
1521 2416 1666 2491 volunta:

350 2529 431 2590 tem;
454 2507 726 2577 ratiocinationem
748 2512 871 2577 scilicet
893 2524 924 2573 et
952 2510 1182 2591 impulsionem.
1227 2511 1274 2574 Ita
1297 2509 1495 2575 ratiocinatio
1511 2510 1570 2571 erit
1590 2502 1709 2589 pru-²⁰

353 2608 459 2672 dentia
484 2604 595 2681 animi,
619 2602 766 2688 impulsio
790 2625 869 2668 vera
890 2602 1113 2685 imprudentia.
1159 2606 1279 2677 Verum
1303 2604 1333 2667 hi
1358 2615 1448 2667 erunt
1465 2624 1505 2665 ex
1526 2603 1667 2685 pruden-

352 2703 397 2764 tia
420 2698 525 2771 aradi,
563 2700 669 2771 clam,
695 2699 833 2779 palam,
863 2697 913 2771 ni,
943 2697 1182 2779 persuasione.
1246 2698 1335 2761 Haec
1362 2695 1464 2760 arnoia
1493 2696 1666 2777 prudenter

353 2794 488 2855 admissa
509 2799 597 2863 sunt;
620 2789 652 2851 id
672 2800 737 2864 est,
768 2800 803 2852 ιιι
824 2809 876 2852 res
896 2789 1005 2864 lieret,
1029 2792 1191 2853 consilium
1219 2800 1291 2853 ante
1312 2787 1496 2872 praecessit.
1540 2785 1667 2866 Impru-

354 2885 459 2949 dentia
489 2902 591 2965 porro
619 2883 658 2943 ad
678 2881 921 2964 purgationem
942 2882 1103 2968 iungitur:
1141 2904 1221 2965 qrrae
1245 2906 1318 2965 pars
1341 2882 1454 2947 ueniae
1476 2890 1542 2951 est;
1579 2877 1688 2939 cuins=

349 2971 575 3062 purgationis
596 2985 700 3057 partes
719 2985 875 3035 tressunt
895 2974 1128 3057 inspiciendae3
1152 2976 1329 3053 inscientia,
1354 2995 1460 3047 casus,
1485 2970 1664 3033 necessitas.
1676 2970 1708 3021 25

352 3070 394 3134 ln
414 3071 462 3132 bis
487 3086 614 3150 quoque
637 3065 738 3128 modis
759 3065 876 3128 lactum
901 3069 1023 3151 quidem
1053 3067 1250 3131 manifestum
1269 3080 1333 3141 est,
1365 3068 1419 3129 sed
1441 3064 1558 3126 animus
1577 3060 1666 3124 inve·

351 3162 439 3225 nitnr
460 3158 590 3221 invitus.
622 3157 829 3241 'Adiungitur
846 3160 885 3220 ad
903 3160 1128 3241 imprudentiae
1153 3164 1263 3225 modos
1290 3162 1382 3224 etiam
1404 3156 1549 3233 affectio,
1573 3175 1666 3237 quiam

351 3255 462 3339 paullo
485 3264 557 3315 ante
578 3272 734 3333 personae
766 3250 899 3314 diximus
925 3255 1125 3319 attributam:
1151 3276 1243 3340 quarn
1269 3256 1463 3319 affectionem
1487 3270 1556 3315 esse
1585 3247 1667 3311 dixi·

352 3370 422 3410 mus
444 3344 538 3408 animi
560 3357 613 3407 aut
634 3345 781 3426 corporis
803 3346 964 3426 repentina
986 3351 1140 3413 decanea
1163 3350 1441 3431 permutationem.
1486 3349 1603 3409 Verum
1616 3344 1666 3403 ute

352 3440 502 3525 quorum
523 3440 554 3502 in
578 3440 673 3501 moda
694 3435 812 3500 animus
836 3441 1040 3502 attendendus
1062 3453 1127 3517 est,
1153 3440 1243 3505 animi
1265 3443 1347 3506 solas
1362 3439 1445 3504 circa
1467 3436 1707 3501 affectionenst

351 3534 461 3615 posuit
480 3530 762 3605 commutationes,
785 3528 898 3604 idest,
923 3532 1114 3608 molestiam,
1131 3535 1339 3609 iracundiam,
1356 3554 1509 3597 amorem.
1552 3532 1665 3615 ltaque

350 3625 402 3687 bis
425 3623 646 3687 affectionibus
679 3620 772 3684 animi
805 3622 1017 3703 imprudentes
1046 3627 1079 3689 in
1112 3628 1230 3690 lactum
1262 3628 1481 3710 impelluntur3
1519 3634 1550 3687 et
1578 3632 1666 3685 recte

350 3718 605 3801 imprudentes:
637 3717 754 3801 quippe
775 3716 902 3779 affectio
931 3728 978 3779 est
1000 3719 1163 3800 repentina
1186 3719 1281 3783 animi
1301 3718 1516 3785 commutatio.
1570 3716 1665 3798 Ergo

351 3814 444 3896 quand
469 3812 668 3893 repentinum
695 3821 762 3887 est,
795 3807 940 3891 prospici
966 3829 1030 3874 non
1057 3823 1184 3895 potest:
1219 3814 1247 3877 si
1276 3813 1418 3897 prospici
1445 3832 1508 3875 uon
1538 3816 1663 3891 potest,

352 3904 564 3987 imprudentia
588 3914 648 3967 est.
1674 3903 1706 3955 ιι

439 4000 632 4062 Facrdtatea
653 4007 754 4073 aunt,
776 4006 837 4058 aut
854 3994 976 4079 quibus
983 3993 1140 4087 facilius
1153 3998 1206 4077 fit
1224 4010 1286 4063 aut
1303 3998 1376 4063 sine
1392 3997 1513 4084 quibus
1534 3992 1666 4079 aliquid

349 4090 481 4166 confici
499 4110 569 4153 non
584 4090 713 4172 potest]
756 4088 936 4151 Facultates
959 4088 1076 4155 Cicero
1099 4091 1217 4175 duplici
1237 4092 1385 4176 qualitate
1407 4088 1549 4154 definivit
1572 4091 1664 4151 diras·

350 4204 415 4268 que
436 4182 497 4245 illis
526 4182 685 4265 potentias
715 4181 820 4243 tedia:
854 4193 888 4244 ut
919 4182 959 4246 sit
983 4184 1118 4266 primum
1144 4204 1244 4269 genus
1266 4182 1450 4248 facultatum
1473 4181 1566 4258 illud,
1596 4180 1664 4245 sine
1739 4178 1745 4187 “

426 4396 455 4447 1.
470 4392 528 4450 ιιι,
548 4388 642 4453 calar,
660 4392 687 4439 st
703 4386 862 4453 vindemia,
874 4386 1005 4459 frigus]
1025 4387 1075 4444 Cd.
1093 4392 1157 4446 uu.
1177 4418 1214 4433 -
1232 4395 1290 4461 stt,
1309 4394 1334 4443 sl
1352 4390 1510 4453 vindemiar
1527 4395 1554 4443 ιι·
1571 4390 1662 4460 calar,

351 4468 379 4516 ιε’
387 4462 494 4534 jrr'gus
512 4460 581 4514 Edd.
600 4462 654 4516 Oa.

427 4544 473 4597 18.
484 4534 607 4607 feceris]
629 4536 680 4591 Cd.
700 4540 762 4594 Βιι.
782 4565 819 4579 -
831 4534 941 4609 fecem
959 4536 1028 4593 Edd.
1049 4538 1102 4593 On.

426 4617 474 4668 2t.
494 4609 534 4661 ad
550 4615 760 4683 permotionem]
794 4614 826 4665 ln
850 4612 1075 4686 praecedentibus
1098 4613 1190 4669 docutr
1202 4618 1334 4689 spectem
1353 4612 1498 4688 quamdam
1518 4613 1664 4684 qualitatis

351 4690 542 4757 uumptr'vne
567 4692 660 4740 cocart
684 4694 901 4755 comessionem,
934 4694 1011 4743 cutm
1039 4688 1108 4742 dnae
1138 4694 1194 4745 star
1222 4696 1488 4765 pnnwpnrgarto
1515 4704 1542 4743 et
1561 4688 1664 4760 depre-

352 4768 438 4816 catio.
462 4764 543 4813 Cum.

424 4832 499 4889 lbtd.
517 4834 629 4906 ventae]
660 4834 703 4888 tt
724 4834 786 4890 allia
808 4836 962 4892 rhetoribus
982 4836 1086 4891 dlcltur
1112 4844 1206 4891 status
1226 4840 1363 4907 venialis,
1393 4840 1600 4911 deprecativus,
1634 4852 1661 4891 er

351 4909 512 4982 deprecatio
519 4928 530 4968 ,-
549 4925 564 4961 ι
584 4910 698 4963 Graecis
717 4929 756 4965 au
776 4914 888 4985 ννώμη.
911 4913 995 4981 cire.

425 4990 474 5041 25.
494 4986 654 5051 inscientia]
674 4982 725 5037 cd.
769 4999 807 5037 ar.
827 5012 864 5027 -
881 4991 995 5038 r'nscr'tr'a
1014 4984 1082 5041 Edd.
1101 4986 1155 5041 Oa.
1556 5018 1559 5023 ·

424 5062 473 5119 δι.
491 5075 548 5109 non
561 5059 671 5128 potest]
697 5060 841 5131 Perpenna
860 5059 1000 5133 legebatur
1018 5076 1098 5115 ιιιιιι
1118 5078 1175 5115 nvn
1191 5060 1317 5133 prodere.
1336 5064 1418 5119 Cure.
1456 5062 1579 5137 (Rectam
1598 5058 1662 5115 lect.

251 5177 252 5188 ,
349 5132 453 5189 tutem
472 5131 523 5186 cd.
542 5133 607 5186 Βιι.
626 5136 693 5187 Aac.
713 5132 753 5185 St.
773 5132 921 5206 atuor.)

448 5233 573 5277 ιιιιιιαιιι
587 5236 609 5277 a
624 5234 667 5275 cu.
689 5234 735 5273 ra.
752 5234 777 5273 r.
790 5237 811 5275 ι.
1365 5210 1384 5273 6
