4434 5959
937 613 1027 678 Ltss.
1050 613 1080 677 l.
1620 613 1658 676 57

353 757 463 822 Sosia.
509 757 541 819 A
562 753 700 836 negotiis
713 777 793 839 ergo
808 753 947 818 narratio
963 765 1028 816 tres
1042 764 1148 835 partes
1164 754 1277 829 habet,
1301 755 1454 829 fabulam,
1479 754 1654 831 historiam,

354 862 585 934 argumentum.
630 850 748 912 Falsula
771 850 843 912 nihil
865 849 931 912 reri
945 870 1003 910 nec
1024 845 1093 908 veri
1108 847 1205 908 simile
1220 847 1376 920 continet:
1399 849 1546 925 historia,
1569 859 1658 934 gesta

353 942 615 1024 praeteritorum:
638 953 877 1025 argumentum,
901 963 963 1004 non
986 961 1114 1013 rernm,
1138 941 1193 1001 sed
1215 939 1280 1000 veri
1302 940 1414 1004 simile.

433 1035 493 1098 Illa
515 1047 619 1098 autem
639 1034 796 1112 narratio,
831 1057 912 1120 quae
935 1044 1081 1096 versatur
1100 1033 1133 1094 io
1155 1032 1298 1113 personis
1321 1033 1547 1115 exprimendis,
1586 1034 1655 1098 talis

353 1149 419 1192 csse
445 1128 577 1210 (iuquit)
602 1129 717 1204 debet,
755 1140 789 1190 ut
820 1128 851 1191 in
878 1127 1058 1191 narratione
1083 1147 1189 1188 rerum
1219 1125 1281 1188 vim
1303 1147 1458 1207 personae
1481 1130 1600 1210 agentis
1625 1129 1684 1192 et⁵

355 1223 472 1285 animos
493 1223 657 1294 ostendat:
676 1233 712 1303 pt
733 1224 784 1284 dat
803 1223 979 1302 exemplum
1001 1221 1040 1282 de
1061 1216 1235 1293 Terentio,
1259 1218 1314 1280 uhi
1333 1219 1470 1282 Demeae
1492 1233 1522 1284 et
1539 1221 1657 1286 Micio·

354 1315 398 1378 nis
418 1337 531 1378 senum
554 1335 688 1396 persona
711 1309 833 1378 urorum
855 1311 1078 1378 contrarietate
1099 1309 1292 1374 secernitur:
1318 1313 1418 1376 Venit
1432 1313 1478 1374 od
1492 1335 1543 1376 me
1558 1335 1658 1396 saepe

353 1410 554 1481 clamitans,
582 1407 675 1491 Quid
693 1407 772 1490 ogis
792 1407 930 1472 Micio?
959 1428 1022 1469 cur
1038 1405 1158 1489 perdis
1179 1405 1423 1468 adolescentem
1445 1408 1569 1470 uotis?
1590 1417 1656 1470 cet.

354 1503 389 1564 lo
412 1503 462 1564 his
481 1501 630 1565 omnibus
648 1512 679 1564 et
706 1502 798 1585 rigor
824 1511 856 1563 et
880 1500 1042 1562 austeritas
1067 1517 1221 1579 personae
1248 1497 1443 1582 obiurgantis
1468 1499 1653 1564 ostenditur.

271 1618 272 1677 j
354 1597 476 1658 Verum
501 1616 540 1656 nc
562 1615 621 1658 nos
640 1596 826 1674 perturbet,
850 1595 936 1676 quod
959 1603 989 1654 et
1014 1591 1116 1653 inilia
1143 1589 1338 1666 narratione,
1364 1590 1496 1672 quaein
1522 1591 1657 1674 negotiis
1668 1589 1699 1640 ¹⁰

354 1703 416 1764 est,
442 1709 537 1769 saepe
558 1689 652 1750 etiam
675 1709 810 1769 persona
833 1683 1039 1757 describitur:
1062 1704 1131 1745 nam
1149 1681 1337 1746 describitur
1359 1681 1513 1760 Catilina,
1537 1683 1656 1746 descri-

354 1783 437 1845 bitur
460 1781 622 1844 Sertorius
646 1793 677 1843 et
701 1781 833 1865 reliqui:
855 1793 886 1842 et
908 1779 938 1840 in
960 1776 1012 1839 illa
1031 1796 1141 1839 rursus
1164 1775 1363 1852 narratione,
1387 1798 1466 1860 quae
1488 1779 1525 1840 de
1544 1795 1657 1858 perso·

351 1875 396 1938 nis
418 1887 488 1949 est,
520 1888 608 1958 gesta
631 1874 722 1938 etiam
746 1887 925 1936 narrantur.
984 1872 1057 1932 Non
1086 1870 1238 1952 (inquam)
1271 1891 1328 1933 nos
1349 1873 1552 1952 perturbent,
1584 1867 1656 1954 quia

352 1969 445 2028 mixta
468 1979 560 2029 siant:
594 1970 650 2028 scd
682 1967 930 2029 animadvertere
959 1965 1125 2040 debemus,
1160 1959 1234 2042 quid
1258 1973 1393 2044 propter
1421 1963 1495 2046 quid
1523 1963 1655 2026 dicatur.

353 2061 454 2140 Saepe
488 2059 569 2120 enim
598 2080 733 2140 persona
761 2057 969 2131 describitur,
1003 2069 1037 2118 ιιι
1062 2054 1224 2140 negotium
1257 2066 1416 2136 patescat:
1451 2077 1545 2137 saepe
1567 2059 1698 2139 gosta¹⁵

352 2163 536 2226 narrantur,
561 2164 596 2212 nt
625 2153 779 2232 apertius,
817 2151 918 2237 quatis
939 2149 981 2212 sit
1002 2169 1155 2228 persona,
1180 2148 1334 2212 videatur.
1379 2151 1442 2212 Sed
1464 2152 1502 2212 ad
1526 2169 1657 2231 praece-

351 2258 436 2326 ptum
458 2243 650 2308 narrationis
671 2244 752 2306 illius
774 2243 963 2319 revertitur,
987 2261 1066 2326 quae
1087 2241 1189 2322 ipsam
1215 2261 1338 2304 causam
1353 2243 1492 2307 continet
1507 2254 1538 2305 et
1559 2241 1656 2305 totius

351 2337 591 2401 controversiae
613 2337 838 2400 narrationem.
1710 2397 1714 2408 ,

430 2431 605 2512 Oportet
592 2431 702 2512 :gitur
714 2452 790 2492 eom
804 2443 874 2494 tres
883 2427 1006 2490 hahere
1021 2447 1093 2502 rea,
1118 2433 1156 2488 ut
1170 2427 1209 2490 tu·
1210 2427 1294 2504 eois,
1315 2439 1501 2511 adoperta,
1525 2441 1564 2492 ιιι
1573 2449 1657 2512 pro·

351 2524 469 2588 babilis
490 2523 550 2607 ait]
594 2527 676 2587 Tres
702 2525 830 2587 virtutes
852 2534 923 2586 suant
945 2519 1149 2626 narrationis,
1183 2533 1216 2582 ut
1240 2523 1343 2584 brevis
1366 2523 1406 2584 sit
1429 2523 1587 2599 narratio,
1622 2517 1721 2606 ut2⁰¹

353 2629 480 2698 aperta,
504 2629 538 2678 ιιι
560 2617 752 2697 probabilis:
776 2638 885 2679 verum
909 2625 943 2677 ut
961 2616 1037 2676 haec
1058 2599 1116 2675 tria
1142 2636 1267 2696 semper
1287 2636 1346 2696 per
1370 2616 1472 2680 omnia
1489 2615 1568 2691 sint,
1592 2635 1655 2676 non

352 2731 443 2772 ιιιιιιιιι
466 2709 599 2793 aliquod
626 2731 666 2771 ex
696 2710 807 2776 tribus.
850 2711 962 2791 ltaque
986 2706 1065 2770 istae
1092 2707 1243 2782 virtutes,
1281 2709 1352 2772 licet
1370 2721 1400 2773 et
1422 2710 1489 2772 aliis
1512 2709 1655 2790 partibus

352 2803 504 2868 orationis
533 2804 741 2879 conveniant,
772 2801 957 2866 narrationis
978 2812 1079 2864 tamen
1105 2813 1179 2862 stant
1204 2803 1371 2885 propriae:
1395 2801 1524 2866 aliarum
1554 2813 1655 2864 autem

351 2897 487 2980 partium
508 2895 662 2960 orationis
688 2897 820 2960 virtutes
840 2893 1013 2958 narrationi
1030 2894 1199 2958 convenire
1219 2916 1281 2960 non
1303 2907 1446 2976 possunt.
1491 2895 1657 2974 Quaelibet

351 2991 576 3072 reprehensio,
608 2990 766 3069 quaelibet
788 2987 1006 3064 confirmatio,
1030 2987 1190 3070 quaelibet
1212 2987 1388 3052 criminatio
1412 2999 1517 3069 potest
1540 2985 1698 3049 habere²⁵

352 3085 428 3146 haee
448 3084 531 3158 tria,
554 3085 611 3146 sed
632 3083 721 3168 quasi
742 3083 856 3146 aliena.
898 3082 972 3165 Ipsa
992 3093 1107 3157 autem,
1133 3101 1212 3162 quae
1232 3083 1363 3154 hahent,
1399 3078 1570 3144 narrationi
1592 3099 1655 3142 non

353 3177 567 3251 conveniunt:
605 3188 638 3238 ut
662 3176 877 3250 inductiones,
915 3188 950 3239 ut
972 3173 1227 3238 ratiocinationes
1257 3173 1432 3256 etreliqua
1460 3171 1656 3248 huiusmodi,

353 3291 430 3352 quae
447 3268 523 3332 fidei
537 3279 631 3344 sunt,
654 3291 718 3332 noo
736 3271 880 3332 affectius.
935 3267 1041 3352 Igitur
1062 3279 1125 3332 tres
1146 3265 1224 3330 istae
1241 3265 1371 3330 virtrites
1393 3265 1562 3330 narrationi
1584 3285 1657 3328 ora·

353 3363 452 3426 toriae
468 3363 643 3426 convenire
656 3375 789 3443 possunt
806 3374 838 3424 et
855 3361 899 3424 illi
920 3359 1112 3436 narrationi,
1136 3380 1216 3443 quae
1235 3370 1324 3421 extra
1343 3358 1452 3422 civiles
1474 3370 1522 3422 eat
1536 3379 1656 3422 causas.

354 3457 498 3538 Namque
517 3455 651 3520 historia
673 3467 705 3518 et
722 3455 828 3519 brevis
853 3474 923 3516 esse
947 3454 1040 3516 debet
1065 3452 1096 3516 in
1125 3453 1324 3534 expositione
1342 3463 1373 3516 et
1398 3465 1504 3535 aperta
1529 3465 1560 3516 et
1579 3455 1699 3534 pro-³⁰

355 3549 483 3610 babilis:
527 3559 563 3610 ιιι
592 3548 746 3611 Salustius
774 3547 836 3612 sibi
858 3545 962 3610 omnia
982 3545 1014 3610 in
1032 3544 1166 3609 Catilina
1188 3545 1313 3608 tribuit:
1336 3550 1448 3630 Quom
1466 3546 1658 3612 breuissime

353 3653 495 3746 potero,
514 3641 639 3723 paucis
654 3643 846 3713 absolvam:
867 3663 960 3723 quum
975 3638 1043 3703 aliis
1062 3637 1330 3722 historiographis
1346 3641 1465 3724 singula
1482 3639 1659 3702 tradidisset

270 3742 271 3823 J
357 3733 386 3796 in
402 3735 487 3797 libro
502 3733 612 3823 priorq
622 3735 859 3809 Historiarum,
881 3730 995 3798 Catoni
1010 3732 1218 3796 breuitatem:
1242 3736 1389 3798 Romani
1404 3731 1546 3820 geniria
1550 3733 1658 3796 diser·

270 3828 271 3841 ¹
356 3828 505 3893 tissimm
534 3829 655 3910 paucis
689 3828 850 3900 obsolvit:
884 3825 1007 3890 Fannio
1038 3811 1117 3888 reio
1148 3827 1323 3890 veritatem.
1382 3829 1445 3890 Sed
1474 3837 1543 3888 ante
1565 3845 1657 3908 quana
1701 3830 1706 3840 '

357 3920 511 3994 dumus,
545 3933 580 3983 nt
601 3921 706 3984 breuis
728 3919 868 3984 narratio
890 3918 963 3994 liat,
1001 3929 1035 3980 ut
1057 3929 1186 3998 aperta,
1224 3930 1259 3982 ut
1274 3918 1468 4000 probabilis,
1501 3916 1700 4000 principio³⁵

358 4015 517 4078 hostum
543 4015 685 4089 ridetur,
719 4013 794 4099 quid
814 4011 855 4076 sit
871 4010 1011 4076 narratio
1030 4008 1193 4089 oratoria,
1227 4013 1303 4095 quid
1323 4023 1396 4096 agat
1413 4011 1462 4074 vel
1482 4031 1546 4096 quo
1566 4008 1659 4072 distet

358 4107 525 4192 :reliquis
550 4107 695 4189 partibus
722 4105 887 4172 orationis.
941 4103 1077 4179 Oratio,
1101 4125 1182 4188 quae
1207 4104 1369 4190 negotium
1402 4103 1540 4187 explicat
1564 4113 1659 4184 atque

359 4197 489 4263 insinuat
509 4199 665 4274 audienti,
702 4199 843 4263 narratio
864 4195 1001 4270 dieitur:
1029 4199 1191 4280 explicans
1218 4197 1291 4282 quid
1315 4208 1436 4281 gestum
1459 4195 1499 4261 sit
1527 4206 1579 4257 aut
1599 4215 1659 4276 per

360 4311 467 4355 rernm
487 4304 540 4355 ant
556 4313 616 4375 per
636 4291 707 4356 reri
728 4291 851 4368 simile,
874 4289 908 4354 id
928 4303 993 4364 est,
1016 4303 1070 4354 aut
1083 4313 1141 4374 per
1154 4291 1198 4370 id,
1217 4294 1305 4374 ‘qood
1322 4303 1442 4376 gestum
1459 4299 1519 4365 est,
1534 4297 1587 4350 aut
1599 4308 1658 4370 per

359 4383 402 4458 bl,
428 4389 514 4469 quod
542 4386 612 4470 geri
639 4387 759 4468 potuit:
782 4405 863 4468 quae
892 4382 999 4448 oratio
1025 4384 1148 4448 tametsi
1179 4384 1323 4466 partibus
1352 4383 1537 4447 narrationis
1558 4379 1657 4464 plenis
1670 4389 1701 4440 ιιι

360 4475 521 4540 inclinetur
540 4479 573 4542 in
594 4479 711 4543 actoris
726 4481 942 4552 commodum,
966 4497 1028 4542 non
1043 4489 1145 4541 tamen
1160 4479 1203 4544 ad
1215 4499 1352 4562 pugnam
1370 4477 1520 4540 continuo
1535 4473 1657 4537 casdem

360 4581 461 4650 partes
481 4571 588 4645 ducit:
611 4572 770 4656 negotium
792 4569 874 4634 enim
893 4569 988 4635 iudici
1002 4571 1194 4649 insinuatur,
1217 4589 1279 4636 non
1295 4591 1370 4652 pars
1384 4567 1515 4655 negotii.
1538 4567 1660 4652 Agitur

429 4781 456 4837 7.
473 4781 688 4846 contrarietate]
709 4777 760 4830 cd.
781 4779 843 4832 Bas.
864 4776 975 4833 did.-
995 4783 1141 4830 contrario
1160 4779 1221 4833 Διο.
1240 4778 1327 4852 Capp.
1346 4778 1400 4834 01.

432 4857 476 4908 ¹2.
492 4860 522 4903 at
537 4857 568 4904 tn
585 4853 652 4922 itta]
674 4852 725 4906 cd.
744 4852 804 4906 Bas.
823 4879 860 4896 -
878 4860 907 4905 et
925 4851 976 4903 :tta
994 4851 1064 4906 Edd.
1083 4854 1138 4908 Oa.

431 4927 476 4982 19.
494 4926 555 4998 rea]
572 4953 609 4968 -
626 4925 899 4988 potueruntne
917 4925 971 4982 Οιι.

432 5000 478 5060 M.
493 5006 604 5071 μειιιι]
621 5025 660 5042 -
678 5005 767 5054 ιιιιιιιιι
781 5007 881 5075 puncta
899 5002 1007 5073 fragm.
1020 4999 1179 5072 Βιιιιιιιιρ.
1200 5004 1262 5060 215.
1276 4999 1405 5056 Gerlach.
1421 4999 1472 5056 et.
1491 5000 1554 5056 Bas.
1573 5003 1661 5054 uude

365 5071 431 5128 band
450 5080 584 5147 agnoscit.
605 5079 659 5132 Os.

432 5152 478 5208 ιο.
495 5152 688 5221 narratlonu]
707 5147 757 5205 cd.
776 5151 894 5205 Bas.-
914 5153 1077 5202 narratione
1095 5145 1165 5206 edd.
1185 5149 1237 5204 Οι.
