4434 5959
535 614 597 677 tto
647 700 654 716 ἱ
1044 613 1331 706 vterotuuus

521 753 678 831 'Helenn,
715 756 757 817 ita
786 752 869 817 iuter
903 762 1026 818 ceteras
1057 753 1209 817 dictiones
1241 752 1354 817 eminet
1392 774 1518 837 semper
1552 752 1709 819 oratorias
1748 766 1781 821 et
1810 768 1845 821 nt

534 848 653 911 Zeuxis
675 848 706 911 in
727 847 892 931 pingendis
913 848 1056 911 femineis
1080 847 1217 911 vultibus
1239 868 1394 921 summus,
1426 847 1468 909 ita
1490 846 1521 911 iu
1544 847 1740 911 orationibus
1763 852 1845 913 Tul-

533 941 606 1004 lius.
650 940 760 1005 Pinxit
782 940 901 1003 Zeuxis
924 941 1037 1016 multa,
1062 960 1142 1024 quae
1165 961 1264 1022 usque
1287 942 1324 1001 ad
1347 951 1485 1002 nostram
1502 939 1681 1003 memoriam
1698 953 1844 1006 manent:

532 1034 638 1096 secula
659 1032 841 1115 posteriora
861 1044 984 1108 teuent,
1008 1032 1157 1118 quidquid
1179 1031 1282 1114 pinxit
1304 1032 1409 1095 oratio
1433 1033 1589 1095 Tulliana.
1633 1031 1752 1097 Zeuxis
1775 1036 1845 1098 He·

508 1125 621 1187 sienae
641 1147 676 1188 se
697 1125 896 1191 simulacrum
918 1125 1052 1208 pingere
1074 1127 1157 1189 velle
1179 1124 1279 1188 dixit:
1303 1146 1367 1189 nou
1383 1126 1463 1188 enim
1479 1126 1650 1202 Helenam,
1673 1128 1728 1189 sed
1747 1127 1845 1191 simu·

533 1218 652 1283 lacrum
674 1218 780 1282 luerat
809 1218 1003 1282 traditurus:
1039 1218 1082 1281 ita
1106 1218 1229 1283 Tullius
1250 1218 1418 1282 scribendo
1437 1230 1537 1293 artes,
1572 1239 1636 1282 non
1660 1220 1842 1299 orationes,

534 1332 597 1375 non
615 1312 713 1393 ipsam
737 1310 964 1394 eloquentiam,
999 1313 1055 1399 sed
1076 1311 1275 1374 simulacrum
1298 1310 1495 1393 eloquentiae
1521 1310 1625 1373 luerat
1639 1312 1843 1388 ttraditurtts3

533 1406 596 1469 hoc
618 1404 784 1467 convenite
809 1415 841 1466 et
861 1404 914 1466 illa
935 1404 1106 1467 sententiat
1130 1403 1293 1487 Quotiens
1313 1402 1455 1465 animali
1473 1404 1630 1485 exemplo
1655 1416 1789 1468 mutum
1806 1406 1844 1469 in

532 1497 753 1560 simulacrum
781 1496 906 1559 veritas
936 1494 1227 1585 transferebatur.
1295 1496 1420 1557 Mutum
1450 1494 1529 1557 enim
1551 1495 1748 1559 simulacrum
1773 1499 1844 1561 elo·

492 1590 678 1673 toquentiae
700 1610 751 1653 ars
777 1588 862 1653 eius:
887 1589 953 1671 ipsa
981 1601 1083 1651 autem
1104 1585 1283 1669 eloquentia
1307 1586 1396 1671 quasi
1421 1587 1546 1650 animal.
1597 1588 1645 1650 Ita
1667 1610 1728 1669 pro
1750 1603 1843 1672 parte

532 1682 652 1766 poterit
680 1680 709 1745 ei
736 1682 800 1758 rei,
838 1684 878 1747 ad
907 1702 999 1764 quam
1028 1676 1206 1745 confertur
1223 1679 1396 1760 praelatio,
1421 1679 1612 1753 convenire3
1648 1682 1760 1747 relicto
1787 1705 1841 1759 eo,

533 1781 621 1863 quod
638 1789 749 1860 postea
772 1776 921 1859 ponitur,
946 1776 1051 1858 quod,
1075 1796 1170 1859 quum
1195 1772 1319 1836 Tullius
1342 1794 1382 1835 ex
1404 1772 1548 1837 omnibus
1565 1774 1657 1837 multa
1672 1776 1844 1859 quaesierit

533 1885 565 1936 et
588 1871 859 1952 omnitempore,
888 1869 1006 1931 Zeuxis
1028 1886 1069 1930 ent
1091 1888 1150 1929 una
1173 1866 1298 1929 civitate
1321 1876 1353 1929 et
1375 1886 1438 1929 uno
1463 1878 1606 1948 tempore
1630 1870 1843 1948 compararit.

616 1967 667 2028 Ac
687 1964 720 2028 si
738 1984 806 2045 par
826 1962 862 2024 in
887 1962 984 2026 nobis
1006 1960 1084 2039 cet.]
1135 1958 1241 2023 Finito
1264 1958 1469 2041 praelationis
1491 1980 1555 2023 uno
1577 1978 1710 2043 genere,
1734 1959 1844 2023 simili·

399 2130 404 2140 ἱ
491 2056 649 2129 15tudinis
677 2056 815 2130 scilicet;
852 2078 935 2120 nunc
965 2055 1207 2137 praelationem,
1246 2072 1326 2137 quae
1358 2052 1449 2115 etism
1478 2050 1547 2133 ipsa
1581 2051 1612 2114 in
1646 2050 1844 2133 praelatione

532 2149 674 2213 iacienda
696 2161 762 2223 est,
785 2150 895 2232 incipit
917 2148 1033 2215 dicere.

615 2246 863 2327 Exemplorum
898 2240 1047 2327 eligendi
1087 2238 1255 2324 potestus]
1307 2238 1386 2301 Ideo
1422 2238 1484 2300 hoe
1524 2254 1606 2319 opus
1642 2258 1712 2300 esse
1745 2260 1845 2322 posse

531 2335 657 2401 melius.

614 2429 771 2513 Principe
789 2429 849 2495 itto
863 2442 964 2515 atqtte
979 2422 1152 2493 inventore
1172 2422 1283 2503 Tisia]
1327 2420 1437 2487 Corax
1460 2432 1493 2485 et
1515 2420 1619 2487 Tisias
1641 2433 1725 2487 artes
1746 2420 1843 2505 primi

490 2521 689 2593 costumias
711 2526 794 2605 apud
817 2526 960 2588 Graecos
981 2519 1146 2604 scripsisse
1168 2518 1326 2581 dicuntur.
1847 2512 1853 2521 ’

615 2614 711 2680 Sicut
737 2627 772 2679 et
796 2616 889 2698 ipsc,
926 2617 1024 2679 culus
1053 2612 1210 2678 instituta
1237 2610 1484 2697 sequebantur,
1506 2606 1666 2700 fecerat]
1728 2608 1843 2673 Gloria

532 2706 723 2771 Xenocratis
741 2709 925 2792 philosophi
947 2720 1051 2773 motus
1072 2704 1264 2770 Aristoteles
1283 2702 1516 2787 philosophiam
1541 2701 1700 2777 eserettit3
1737 2702 1844 2787 gloria

532 2800 684 2867 Isocratis
705 2814 809 2865 motus
831 2802 1011 2867 rhetoricae
1033 2811 1202 2882 praecepta
1225 2794 1425 2879 conscripsit.

615 2896 714 2961 Artis
742 2897 807 2961 sibi
833 2918 952 2961 curam
979 2892 1186 2974 assumebat]
1235 2891 1349 2956 Voluit
1378 2890 1457 2953 enim
1487 2886 1677 2953 Aristoteles
1703 2898 1843 2972 propter

489 3014 520 3065 25
531 2988 724 3066 Isocratem,
748 3013 843 3075 quum
865 2988 1077 3073 philosophus
1100 2996 1201 3060 esset,
1226 2984 1316 3046 etiam
1338 2994 1508 3065 praecepta
1531 2980 1651 3047 dicendi
1672 2983 1813 3043 tradere.

613 3084 771 3147 Alterum
806 3082 977 3147 communi
1012 3081 1188 3145 bominum
1215 3076 1433 3154 infirmitati,
1474 3078 1620 3139 alterum
1651 3073 1842 3157 singulari]

530 3178 607 3242 Non
630 3176 821 3261 intelligere,
845 3176 982 3239 omniurn
1004 3166 1108 3258 potest
1132 3190 1199 3235 esse
1222 3182 1253 3233 et
1275 3182 1322 3234 est
1345 3170 1452 3233 eitiutit
1475 3188 1658 3232 commune:
1681 3166 1842 3252 singulare

532 3269 641 3333 vitium
663 3282 733 3345 est,
756 3283 811 3344 ut,
835 3293 930 3355 quum
946 3291 1009 3334 non
1024 3268 1196 3349 intelligat,
1220 3262 1251 3329 in
1267 3284 1324 3340 eo,
1342 3263 1432 3348 quasi
1446 3262 1620 3345 intelligat,
1641 3274 1841 3342 perseveret.

614 3366 708 3426 Haec
743 3364 916 3426 com‘ntode
939 3358 1182 3445 perscripsisse
1205 3357 1392 3443 uideantur]
1451 3358 1489 3423 ld
1513 3366 1579 3433 est,
1609 3364 1644 3417 ut
1669 3368 1842 3439 praecepta

489 3469 521 3521 st
532 3457 698 3519 commode
719 3457 883 3518 tradidisse
906 3455 1081 3518 videamur.

615 3551 833 3631 Arroganter
859 3546 1119 3628 assenserimus]
1164 3546 1239 3610 Hoc
1264 3542 1346 3608 enirn
1377 3564 1525 3633 magnum
1554 3540 1691 3619 vitium,
1723 3552 1843 3608 temere

530 3660 712 3704 assensisse.

615 3734 730 3815 Igitur
746 3732 883 3817 primus
903 3734 1003 3811 liber,
1041 3732 1201 3817 exposito
1222 3750 1346 3816 genere
1370 3730 1473 3795 huius
1493 3727 1581 3794 artis
1609 3739 1643 3791 et
1664 3726 1782 3817 qfficio
1807 3742 1842 3795 et

524 3826 655 3907 sancet
675 3827 870 3891 materiaet
891 3828 1067 3912 partibus,
1090 3844 1221 3907 genera
1238 3823 1550 3887 controuersiarum
1572 3830 1606 3883 et
1632 3821 1842 3889 inventiones

490 3933 565 3995 sset
586 3919 846 3985 conitittuiones
866 3933 899 3985 st
913 3921 1137 3985 iudicationes
1155 3916 1359 3997 continebat]
1402 3916 1633 3999 Propositurus
1645 3916 1719 3998 quid
1734 3918 1841 3981 dicen-

469 4003 472 4010 *
532 4017 606 4077 dutn
633 4012 672 4076 sit
693 4011 885 4084 insecundo
907 4014 1012 4090 libro,
1043 4013 1132 4095 prius
1153 4020 1328 4086 enumerat,
1359 4008 1435 4093 quid
1460 4010 1491 4075 iu
1512 4009 1617 4094 primo
1637 4007 1768 4086 dixerit;
1801 4014 1841 4076 de

533 4127 649 4191 genere
671 4105 763 4181 artis,
797 4110 836 4171 de
858 4108 980 4184 officio,
1010 4109 1048 4170 de
1070 4106 1151 4181 fine,
1189 4106 1226 4167 de
1245 4102 1393 4180 materia,
1417 4104 1455 4165 de
1476 4104 1644 4186 partibus,
1668 4108 1706 4169 de
1727 4105 1840 4170 inven-

532 4200 620 4265 tione
641 4210 673 4263 et
696 4198 763 4263 eius
784 4200 1060 4267 constitutionibus
1082 4197 1257 4282 ceterisque
1279 4198 1386 4261 rebus.
1439 4197 1519 4261 Item
1541 4200 1580 4262 de
1599 4200 1743 4282 partibus
1765 4218 1841 4263 ora·

532 4292 647 4369 tionis,
685 4314 764 4377 quas
783 4316 878 4379 quum
907 4296 1001 4375 pleno
1021 4304 1265 4375 praeceptorum
1289 4310 1404 4374 genere
1426 4292 1695 4374 compraebuerit,
1719 4290 1840 4355 confir-

490 4386 700 4460 domationem
723 4399 753 4448 et
768 4388 1046 4467 reprehensionem
1062 4408 1124 4450 non
1141 4386 1181 4449 sd
1197 4404 1359 4446 caussarum
1375 4384 1519 4467 species,
1544 4385 1623 4449 sicut
1638 4396 1838 4467 oportuerat,

533 4478 719 4567 applicarit:
742 4480 826 4544 dedit
851 4480 931 4543 enim
953 4490 1173 4562 praeceptum,
1198 4476 1359 4559 quomodo
1384 4476 1414 4542 in
1440 4476 1523 4540 omni
1545 4498 1706 4542 causarum
1725 4498 1841 4562 genere

533 4576 813 4656 argumentandum
837 4574 890 4641 sit.
943 4576 1036 4657 Ergo
1063 4594 1145 4637 nunc
1170 4572 1210 4635 ad
1235 4570 1356 4651 species
1386 4569 1541 4652 applicata
1568 4570 1841 4656 argumentatione

534 4665 688 4729 dicutrum
709 4687 743 4729 se
761 4660 948 4748 pollicetitr3
971 4666 1015 4729 ita
1037 4677 1160 4739 tamen,
1185 4676 1300 4727 utnon
1325 4666 1362 4727 de
1383 4664 1578 4747 expolitione
1593 4662 1843 4749 argumentatio·

610 4860 657 4911 12.
676 4856 803 4928 panitur]
822 4853 891 4910 eod.
911 4854 975 4912 Bas.
995 4878 1029 4895 -
1044 4858 1230 4925 praeponitur
1248 4850 1317 4905 Edd.
1337 4851 1391 4907 Os.

609 4934 645 4988 59
672 4944 709 4981 oe
727 4946 796 4997 quas
814 4946 875 4983 etun
890 4937 1102 4998 praeceptarum
1122 4944 1223 4994 genere
1242 4928 1462 5001 eornprasbncrit
1480 4944 1534 4979 om.
1554 4945 1577 4980 v.
1594 4926 1678 4997 pleno
1696 4924 1765 4980 eod.
1780 4928 1844 4983 Bas.

534 5004 606 5057 Hinc
636 5000 824 5075 recipiendam
857 5000 999 5058 ridebatur
1026 5000 1248 5072 coerrprcedncrt't
1274 5000 1386 5055 verbnm
1412 5006 1457 5054 eit
1485 5016 1500 5053 a
1529 5000 1650 5055 ttbrttut
1677 5001 1844 5069 confictum,

534 5096 621 5149 neque
651 5076 686 5129 ab
713 5080 764 5129 hac
791 5078 943 5131 Latinitate
967 5076 1085 5130 alienum
1105 5080 1157 5129 etri
1180 5074 1300 5128 nondum
1321 5081 1348 5129 tu
1372 5080 1499 5131 testeum
1519 5076 1665 5134 Foreellr'ni
1692 5092 1844 5151 receptum.

532 5170 571 5209 ω
585 5154 668 5225 pleno
688 5156 787 5207 eiicere
806 5168 888 5209 ausus
904 5168 962 5209 sort
979 5168 1050 5209 suta.
1068 5180 1105 5200 «-
1123 5151 1301 5225 compleverit
1320 5149 1388 5211 Edd.
1408 5150 1461 5208 Os.
