4434 5959
943 590 1035 657 LIB.
1057 590 1105 655 11.
1605 587 1665 653 tte

361 724 581 811 ignorabitur,
618 733 864 810 praetereundus
900 732 941 794 ab
974 742 1157 796 accusatore
1191 728 1242 793 laic
1277 732 1368 795 locus
1401 738 1451 795 est
1485 729 1666 796 dicendum·

360 842 445 903 que,
476 842 534 883 cur
553 834 791 903 praetereatur:
824 826 910 907 qnod
932 824 1099 907 ignoretur
1121 824 1204 887 vita:
1241 822 1408 908 statimqne
1427 823 1466 885 ad
1487 821 1546 885 alia
1569 843 1663 907 argu·

360 926 462 976 menta
484 918 734 996 properandum,
759 938 839 1002 quae
859 929 932 981 suut
952 936 993 979 ex
1006 914 1081 997 ipso
1102 915 1235 1001 negotio
1256 915 1288 979 in
1302 916 1393 1005 lactis
1417 914 1568 999 dictisque
1584 916 1664 993 eius,

360 1004 416 1088 qni
439 1027 514 1069 reus
535 1018 601 1082 est,
625 1008 793 1073 collocata.

442 1096 622 1185 Defensor
645 1113 761 1165 ιιιιιιιιι
776 1104 946 1186 primum,
969 1105 1001 1169 si
1019 1104 1167 1188 poterit,
1191 1102 1319 1167 debebit
1340 1101 1444 1167 uitam
1468 1101 1565 1176 eiua,
1605 1090 1689 1186 quit

358 1168 630 1269 msuumuottui,
662 1216 766 1280 quam
785 1199 1058 1263 honestissimam
1081 1194 1328 1275 demonstrare]
1379 1195 1445 1275 Qui
1466 1196 1662 1258 defensoria

356 1308 493 1370 persona
516 1288 667 1365 contrudi
688 1289 752 1352 loci
769 1301 853 1354 stant.
897 1294 978 1355 Nam
996 1292 1130 1373 primurn
1149 1291 1294 1354 laborare
1314 1291 1423 1365 debet,
1447 1299 1481 1351 ut
1501 1290 1661 1353 honestam

355 1380 403 1443 rei
427 1380 521 1443 vitam
551 1383 762 1445 demonstret:
802 1404 883 1468 qnae
911 1384 1121 1449 declarabitur
1157 1383 1266 1447 officiis
1299 1383 1349 1445 rel
1384 1382 1599 1443 cornmnmibus
1631 1393 1662 1445 et

355 1474 440 1537 notis
463 1474 513 1537 vel
535 1473 676 1537 maximis
698 1486 730 1537 et
754 1477 834 1539 raris
858 1488 911 1539 aul
930 1498 1000 1539 cum
1019 1477 1161 1559 periculo
1183 1487 1236 1539 ant
1261 1497 1329 1539 cnm
1352 1476 1463 1539 labore
1489 1474 1659 1555 praestitis,

249 1595 250 1658 q
355 1565 450 1629 officii
471 1587 581 1641 carisa,
605 1587 670 1629 non
690 1568 901 1631 necessitatis:
925 1581 957 1633 et
979 1569 1134 1651 praestitis
1149 1568 1179 1631 in
1195 1580 1356 1650 parentes,
1380 1578 1557 1650 cognatos,
1582 1566 1660 1628 ami·
1673 1568 1702 1619 ¹⁰

354 1678 431 1734 cos,
452 1680 521 1722 rem
543 1660 713 1741 publicam.
770 1663 833 1725 Sed
853 1664 911 1725 ista
933 1664 1157 1726 beneficiorum
1179 1660 1435 1725 commemoratio
1459 1680 1559 1742 parra
1591 1672 1658 1723 est:

354 1751 426 1831 quia
457 1752 626 1817 multorum
660 1754 724 1816 vita
749 1756 896 1837 exemplo
924 1767 971 1818 est
1003 1766 1143 1817 naturam
1178 1774 1271 1837 posse
1300 1752 1435 1825 ιιιιιιιιίς
1468 1763 1501 1814 ιιι
1536 1772 1660 1815 ιιιοιιιιιι

353 1839 496 1907 instituta
523 1845 777 1928 perseverarint,
814 1848 1030 1911 declarandum
1061 1860 1132 1910 est:
1170 1848 1247 1910 nihil
1278 1846 1448 1931 aliquando
1471 1844 1657 1927 deliquisse,

352 1957 511 2019 natnqnam
532 1941 572 2002 ab
594 1940 699 2003 officio
714 1940 900 2003 recessisse:
925 1940 1024 2003 inisse
1046 1953 1077 2003 et
1099 1960 1208 2004 causas
1229 1952 1261 2003 et
1281 1940 1481 2002 facultatem:
1503 1960 1659 2021 nunquam

351 2039 455 2092 tamen
483 2031 623 2095 voluisse
649 2054 793 2114 peceare.
836 2035 943 2116 Atque
969 2032 1068 2095 inhia
1098 2033 1295 2096 ostendendis
1324 2030 1542 2096 occasionibus
1570 2031 1701 2095 labo-¹⁵

350 2126 483 2186 randum
506 2134 576 2187 est:
600 2146 706 2188 earum
731 2148 838 2189 restam
860 2146 993 2210 namque
1014 2125 1137 2207 copiam
1160 2126 1258 2189 luisse
1282 2124 1313 2187 in
1335 2123 1479 2188 iaciendo
1502 2134 1534 2186 et
1554 2122 1659 2187 iacere

248 2223 249 2241 ¹
351 2216 510 2291 noluisse,
547 2238 679 2301 quarum
704 2239 810 2281 rernm
833 2240 915 2282 nunc
940 2218 1057 2283 crimen
1084 2220 1116 2281 in
1143 2218 1260 2282 iudicio
1285 2229 1352 2281 est:
1386 2228 1420 2279 ut
1441 2214 1467 2279 si
1490 2216 1657 2291 avaritiae,
1689 2260 1692 2265 -

352 2309 541 2391 cupiditatis.
584 2311 706 2374 Deinde
722 2312 812 2375 locus
831 2311 1006 2375 communis
1023 2311 1213 2375 inducendus
1236 2322 1303 2387 est,
1327 2330 1392 2393 quo
1413 2306 1574 2392 indignum
1592 2330 1660 2375 csse

352 2420 421 2463 cunr
446 2401 674 2487 conquestione
695 2404 914 2468 declarandum
943 2416 1009 2479 ειη
1042 2415 1159 2487 utque
1187 2422 1280 2465 carisa
1305 2401 1505 2484 impelluntur
1524 2404 1564 2464 ad
1584 2424 1657 2487 pec·

355 2496 487 2557 candum
511 2495 592 2557 vitiis
615 2496 761 2560 omnibus
787 2498 891 2581 pleni,
927 2498 1005 2571 hac,
1043 2495 1132 2559 cuius
1161 2496 1220 2559 vita
1243 2494 1412 2578 praeterita
1435 2504 1570 2579 patrgata
1597 2492 1702 2571 sit,²⁰

247 2632 248 2638 ι
351 2584 506 2669 impulsus
537 2608 605 2652 esse
637 2589 772 2653 dicatur.
815 2590 937 2654 Deinde
965 2590 1043 2653 alius
1071 2590 1161 2654 locus
1186 2589 1376 2661 cominunis:
1412 2586 1505 2650 uitam
1524 2588 1658 2654 honeste

351 2693 450 2742 actam
471 2701 531 2743 reo
555 2683 671 2745 debere
692 2686 866 2764 prodesse:
904 2685 1003 2765 ipsam
1025 2704 1094 2746 esse
1123 2682 1326 2747 certissimam
1347 2691 1456 2745 testem
1480 2701 1601 2743 morium
1620 2692 1658 2745 et

247 2775 248 2780 ’
350 2772 567 2837 voluntatum:
604 2773 851 2839 criminationem
880 2774 1075 2839 inimicorum
1100 2776 1218 2839 invidia
1245 2775 1338 2839 lacile
1369 2790 1465 2856 posse
1494 2773 1656 2856 conponi.

247 2891 248 2908 ι
351 2863 458 2940 llaec,
481 2864 510 2927 ιί
527 2867 660 2929 honesta
683 2866 747 2929 vita
769 2879 830 2930 est.
872 2868 919 2932 A:
938 2869 965 2931 si
983 2868 1107 2933 inserunt
1122 2868 1244 2954 aliquae
1262 2866 1485 2951 turpitudines,
1509 2863 1657 2929 laboran-

350 2958 422 3019 dum
446 2969 511 3033 est,
535 2970 570 3021 nt
597 2958 677 3023 lalsi
705 2981 773 3023 esse
793 2958 932 3023 dicamus
952 2960 1151 3026 inimicorum
1173 2960 1390 3025 criminatione
1411 2954 1580 3022 collectas:
1604 2958 1699 3025 vel²⁵

349 3070 387 3113 eo
404 3050 482 3115 vitio
504 3052 615 3114 mentis
638 3054 804 3127 admissas,
828 3054 1029 3138 quofacilius
1052 3054 1172 3117 veniam
1191 3074 1430 3135 promerem11r3
1453 3050 1655 3133 negligentia,

348 3143 555 3220 necessitate,
592 3145 824 3210 adolescentia:
860 3148 913 3209 vel
935 3149 1078 3229 quolibet
1111 3146 1173 3209 alio
1202 3148 1317 3210 allecto
1342 3147 1434 3212 animi
1459 3164 1522 3211 uon
1549 3146 1656 3230 perni-

348 3234 457 3308 cioso:
480 3258 589 3301 amore
610 3238 661 3299 vel
683 3237 790 3322 aliquo
811 3239 903 3301 lartius
922 3239 1063 3323 generis.
1106 3240 1279 3304 Postremo
1301 3240 1505 3305 laborandum
1527 3250 1596 3317 est,
1621 3250 1656 3302 ut

347 3329 556 3408 turpitudines
592 3329 674 3393 ritae
708 3330 901 3411 praeteritae
937 3330 986 3394 rel
1020 3332 1050 3394 in
1083 3331 1225 3395 dissimili
1261 3352 1380 3415 genere
1410 3333 1556 3398 vitiorum
1586 3351 1655 3395 esse

349 3420 541 3494 doceantur:
565 3432 599 3484 ut
619 3420 766 3505 qnoniam
788 3421 984 3509 innocentem
1005 3426 1144 3506 probare
1166 3445 1229 3488 non
1244 3445 1427 3507 possumus,
1452 3428 1492 3489 ab
1506 3426 1569 3488 hoc
1585 3426 1697 3487 tan-³⁰

349 3522 413 3573 tum
436 3511 597 3590 facinore,
621 3515 709 3597 quod
730 3512 762 3577 in
785 3514 900 3579 iudicio
915 3529 989 3591 est,
1012 3529 1169 3581 remotum
1192 3538 1260 3581 esse
1279 3522 1460 3591 doceamus,
1504 3518 1558 3582 Sin
1575 3536 1654 3581 sero

346 3615 392 3666 eat
411 3605 476 3667 vita
505 3605 703 3701 turpissima,
737 3607 826 3671 nullo
851 3628 968 3691 genere
988 3610 1178 3675 defensionis
1208 3631 1303 3692 supra
1336 3612 1443 3695 posito
1466 3612 1677 3696 purgandas.

347 3698 436 3760 loeus
458 3698 633 3762 communis
659 3698 764 3763 induci
793 3702 906 3765 debet:
938 3700 1033 3765 vitam
1054 3702 1252 3784 praeteritam
1274 3704 1412 3785 spectari
1432 3726 1496 3769 nou
1517 3706 1653 3779 debere:

345 3808 446 3873 neque
469 3791 508 3853 de
529 3790 670 3855 moribus
689 3794 754 3857 hoc
774 3793 911 3869 crimen,
935 3798 1021 3877 meod
1040 3794 1228 3871 intenditur,
1251 3796 1467 3879 comprobari.

426 3886 490 3948 Ex
500 3881 611 3974 facto
634 3896 749 3948 omem
776 3884 852 3967 ipso
877 3886 1088 3969 suspiciones
1116 3888 1299 3963 ducentur,
1328 3888 1361 3952 si
1381 3887 1487 3953 totius
1507 3886 1694 3951 adarim-³⁶

345 3975 472 4039 aratio
486 3977 616 4059 negotii
629 4000 677 4041 ea·
693 3978 851 4042 omnibus
860 3978 1019 4059 partibus
1034 3979 1298 4061 permutabitur]
1342 3976 1453 4043 Restat
1474 3980 1562 4045 tertia
1578 4002 1652 4064 para

344 4068 542 4149 probationis
563 4069 594 4131 in
619 4070 833 4146 coniectura,
867 4092 909 4133 ex
936 4071 1093 4155 negotio:
1131 4070 1223 4137 huius
1251 4082 1356 4153 partes
1386 4084 1537 4157 quattuor
1561 4086 1650 4149 sunt,

344 4170 379 4221 ot
409 4160 441 4223 in
463 4160 547 4224 libro
568 4162 672 4244 primo
701 4162 881 4245 expositum
904 4174 963 4227 est.
1020 4164 1147 4228 Etenim
1174 4164 1322 4227 attributa
1348 4166 1479 4249 negotio
1502 4178 1652 4251 quattuor

344 4265 434 4327 sunt:
457 4254 647 4318 continentia
670 4276 740 4318 cum
759 4256 914 4341 negotio,
944 4256 976 4319 in
998 4256 1143 4342 gestione
1162 4256 1302 4341 negotii,
1328 4256 1472 4320 adiuncta
1499 4257 1647 4341 negotio,

344 4366 424 4427 qnae
446 4359 569 4431 gestum
591 4349 751 4433 negotium
773 4360 1022 4432 consequuntur.
1066 4352 1157 4413 Haec
1178 4348 1322 4415 breviter
1345 4352 1394 4413 hlc
1412 4350 1545 4434 repetit,
1569 4371 1647 4435 quo·
1660 4358 1692 4409 tt

432 4512 460 4568 5.
478 4530 516 4569 .··.
536 4516 625 4563 vitam
644 4510 752 4563 debebit
771 4515 831 4563 siaa
848 4510 920 4566 cod.
939 4511 1004 4565 Βιι.

416 4591 463 4641 12.
480 4612 518 4629 -
536 4592 623 4639 moria
641 4586 710 4639 eod.
729 4587 793 4639 Bes.

415 4664 463 4717 17.
481 4666 514 4713 ιιι
532 4664 557 4711 sl
575 4656 719 4712 dvarltr'a'e
737 4659 804 4732 een]
824 4657 940 4731 supple,
957 4660 1063 4711 crimen
1079 4660 1109 4710 irs
1126 4656 1227 4712 iudicio
1243 4664 1291 4715 alt.
1311 4662 1393 4717 can.

416 4737 461 4789 19.
479 4752 541 4787 enm
559 4738 767 4805 conquestione]
787 4732 855 4787 Cod.
874 4734 936 4787 Bas.
958 4762 992 4775 -·
1012 4750 1068 4785 cm.
1086 4751 1148 4785 eum
1166 4729 1235 4787 ttdd.
1256 4735 1310 4791 Oa.
1333 4798 1336 4805 Α

415 4808 462 4865 21.
479 4809 570 4877 Haec]
591 4808 709 4939 Snpqle,
728 4808 853 4861 &centur
871 4828 891 4861 a
909 4806 1067 4878 definsare.
1086 4806 1169 4860 Care.

415 4886 460 4941 25.
480 4884 622 4951 salustus]
670 4902 688 4935 n
715 4881 887 4956 praecedenti
919 4881 1040 4936 editlone
1073 4897 1213 4955 perperam
1237 4880 1377 4955 legebatur
1405 4882 1529 4937 collecta.
1568 4886 1648 4939 Can.

415 4960 460 5015 26.
477 4956 628 5025 ιδπιὶιιαι]
651 4956 724 5011 Male
740 4956 845 5011 editam
866 4955 955 5011 taem:
972 4954 1121 5009 dmtssoe.
1140 4957 1221 5011 Cass.
1249 4954 1519 5031 (detumescitis.
1538 4958 1649 5011 admis-

346 5046 399 5081 sae.
435 5036 514 5087 Asca
533 5060 568 5077 -
586 5032 718 5085 admissu.
737 5030 804 5097 Oa.)

432 5110 477 5163 30·
498 5110 620 5174 tamum]
643 5104 966 5163 auturnacensis.

424 5206 550 5249 sea-rusus
565 5208 588 5249 n·
603 5208 647 5248 cn.
664 5208 710 5247 vau
725 5207 751 5248 r.
764 5210 785 5248 ι.
866 5244 872 5253 ,
1378 5179 1397 5245 9
