4434 5959
538 599 579 662 u
1054 598 1339 686 vlcronmns

537 741 655 804 stertat.
698 740 789 804 Haec
813 759 893 824 ergo
914 739 1107 822 deprecatio
1129 761 1191 804 non
1212 739 1270 804 nisi
1285 749 1338 804 aut
1353 742 1436 822 apud
1449 738 1671 822 imperatorem
1693 751 1746 806 aut
1764 743 1851 822 aprrd

536 833 690 917 papulum
712 834 816 897 valete
842 835 925 914 apud
945 832 1065 896 iudices
1087 844 1191 897 vacat.
1603 875 1606 884 ·

620 925 773 990 liemotio
805 927 954 989 criminis
977 935 1045 1006 est,
1077 946 1183 1008 qaum
1207 925 1245 988 id
1269 927 1413 1001 crimen,
1441 925 1536 1008 qnod
1558 925 1721 1006 insertur,
1742 925 1785 988 alr
1808 946 1848 990 se

538 1029 573 1084 ει
591 1019 635 1082 at
665 1037 729 1080 sua
750 1015 857 1096 culpa
882 1017 917 1078 ri
939 1025 971 1079 et
992 1023 1158 1096 potestate
1182 1017 1216 1076 in
1244 1018 1353 1078 uliam
1381 1035 1457 1078 rens
1487 1034 1653 1079 removere
1678 1007 1847 1096 conatur]

507 1106 761 1173 *⁵llemotionem
784 1103 922 1167 criminis
944 1106 1024 1166 hanc
1048 1127 1118 1168 esse
1140 1105 1231 1180 dicit,
1260 1126 1354 1186 quum
1381 1125 1454 1168 reus
1473 1105 1521 1182 id,
1553 1107 1640 1188 qssod
1667 1105 1696 1167 ei
1715 1103 1850 1166 intendi·

537 1210 612 1272 tur,
636 1200 677 1261 ab
698 1218 732 1261 se
752 1209 896 1262 removet
915 1207 947 1260 et
967 1197 999 1260 in
1023 1197 1116 1260 alium
1132 1199 1303 1271 translert;
1325 1209 1417 1280 atque
1432 1197 1465 1260 id
1484 1201 1608 1260 derebus
1630 1198 1730 1262 modis
1746 1197 1845 1262 lacit:

538 1291 566 1355 si
589 1291 620 1354 in
643 1290 733 1352 alium
757 1303 810 1354 aut
831 1311 953 1354 caussam
976 1303 1030 1354 aut
1052 1290 1169 1353 iactum
1192 1291 1378 1366 transierat,
1409 1311 1467 1354 sen
1485 1303 1519 1353 ut
1541 1290 1573 1352 id
1596 1289 1732 1367 laceret,
1763 1290 1850 1354 dicat

539 1383 634 1448 elisum
655 1381 817 1468 caiigisse.
858 1383 980 1448 Veram
1003 1387 1089 1469 qsrod
1111 1384 1152 1448 ait
1162 1385 1325 1464 factum,
1349 1395 1454 1466 potest
1471 1383 1522 1445 hic
1543 1383 1685 1468 quiaestio
1710 1383 1848 1447 moveri.

540 1479 622 1541 Nam
646 1498 741 1562 quirem
763 1475 864 1540 omnis
888 1478 1040 1560 qualitas
1060 1476 1137 1542 lacti
1163 1477 1390 1542 confessionem
1415 1487 1536 1552 teneat,
1568 1499 1626 1540 cur
1648 1477 1699 1539 hic
1727 1476 1848 1539 factum

491 1589 527 1638 ιο
544 1590 606 1633 aaa
627 1570 813 1645 confitetur,
842 1572 897 1632 sed
918 1569 950 1632 in
969 1569 1061 1632 alitem
1081 1572 1254 1658 transierre
1275 1569 1429 1634 conatur?
1458 1569 1591 1654 denique
1610 1571 1712 1634 nullus
1731 1569 1847 1632 artisrm

544 1663 682 1746 scriptor
710 1661 742 1726 in
768 1664 828 1726 hac
856 1662 1023 1749 qualitate
1049 1662 1126 1727 iacti
1154 1662 1388 1726 translationem
1417 1661 1612 1728 nominavit?
1654 1665 1718 1726 Sed
1748 1661 1845 1738 ideo,

537 1756 610 1841 quia
632 1757 734 1820 nullus
752 1755 916 1821 intellexit.
958 1757 1039 1819 Nam
1056 1757 1173 1820 iactum
1198 1758 1243 1819 sic
1261 1777 1276 1817 a
1296 1777 1330 1820 se
1352 1769 1513 1833 removet,
1536 1756 1743 1820 salvatamen
1766 1775 1849 1819 con·

535 1848 673 1914 sessione
695 1848 783 1914 iacti.
828 1850 871 1915 Ut
896 1848 928 1912 in
953 1848 1017 1912 hoc
1035 1851 1193 1927 themate,
1218 1851 1305 1934 qsiod
1328 1848 1444 1915 Cicero
1465 1849 1657 1914 insecundo
1679 1849 1761 1912 libro
1783 1869 1847 1930 po-

536 1943 617 2006 suits
640 1943 808 2007 Mancinus
830 1965 900 2006 cum
924 1943 1118 2008 Numantinis
1140 1943 1252 2006 foedus
1277 1942 1354 2006 iecit
1374 1943 1492 2007 iniussu
1518 1942 1685 2025 populine
1704 1949 1845 2004 senatus.

490 2037 636 2100 tsPulso
666 2039 776 2100 eodem
804 2035 837 2098 in
872 2035 997 2100 exilium
1029 2047 1123 2120 atque
1157 2035 1300 2101 hostibus
1331 2037 1461 2114 dedito,
1502 2037 1621 2120 petitur
1647 2036 1687 2098 ad
1711 2052 1848 2116 poenam

536 2128 629 2193 etiam
653 2128 721 2205 illc,
760 2128 813 2212 qui
842 2149 973 2210 porcam
996 2131 1107 2194 tenuit.
1158 2128 1370 2194 contradicit.
1427 2131 1508 2193 Nam
1529 2129 1580 2192 hic
1608 2141 1639 2191 et
1661 2145 1785 2189 cansam
1812 2136 1847 2186 et

533 2222 653 2286 factum
682 2222 714 2284 in
742 2221 834 2285 alium
860 2235 1017 2287 removet.
1069 2222 1204 2289 Causam
1227 2222 1291 2286 sie:
1313 2221 1444 2301 foedus
1467 2243 1535 2285 non
1564 2241 1631 2304 ego
1652 2219 1752 2300 feci,
1787 2215 1849 2280 sed

535 2313 743 2391 Mancinus,
764 2317 827 2398 qai
846 2324 908 2378 ant
928 2315 1041 2380 debuit
1065 2327 1127 2380 aut
1149 2317 1271 2399 potuit.
1314 2303 1434 2378 Manet'
1450 2325 1552 2376 tamen
1577 2310 1652 2374 lacti
1675 2307 1775 2390 prima
1789 2306 1845 2368 illa

535 2403 713 2479 confessio,
737 2406 823 2489 quad
845 2425 974 2487 porcam
998 2406 1111 2469 tenuit.
1155 2407 1230 2470 Non
1251 2408 1331 2472 caim
1354 2419 1459 2489 potest
1480 2426 1599 2488 negare
1622 2425 1639 2466 a
1659 2423 1693 2464 se
1713 2419 1844 2481 porcam

493 2497 633 2565 sciuisse
661 2507 789 2560 tentam.
847 2500 940 2582 Ergo
964 2501 1107 2566 remotio
1129 2499 1265 2564 criminis
1286 2503 1411 2565 dnobus
1432 2499 1533 2564 modis
1560 2506 1702 2571 constat3
1737 2493 1764 2558 si
1791 2503 1845 2556 aut

536 2611 660 2654 causam
681 2591 713 2654 in
735 2592 827 2654 alium
848 2593 1074 2656 transieramus
1096 2603 1150 2655 aut
1169 2592 1300 2656 lactum.

614 2684 745 2748 llelutio
771 2687 920 2748 criminis
933 2694 1001 2762 εει,
1022 2705 1128 2768 quum
1146 2685 1221 2749 idea
1243 2684 1464 2765 inresectum
1478 2686 1625 2758 dicitur,
1647 2682 1742 2768 qaod
1751 2683 1846 2746 alius

535 2783 613 2842 arete
629 2775 756 2837 iniuria
776 2769 977 2856 lacessierit]
1015 2775 1146 2841 Relatio
1160 2773 1295 2843 criminis
1312 2775 1383 2838 talis
1401 2785 1471 2851 est,
1494 2775 1519 2838 si
1535 2775 1567 2838 ia
1577 2794 1640 2848 eo,
1665 2776 1752 2857 quod
1764 2772 1845 2836 ieci·

530 2882 626 2938 mus,
650 2863 751 2927 vicem
774 2885 833 2929 nos
858 2865 1031 2930 reddidisse
1059 2866 1217 2931 dicamuss
1249 2879 1396 2951 utputa,
1420 2869 1558 2946 accidi,
1592 2868 1677 2950 quia
1704 2865 1764 2931 ille
1790 2885 1843 2928 me

493 2977 525 3026 ns
537 2956 670 3023 volebat
688 2959 855 3023 occidere.
894 2960 977 3023 Hoc
996 2981 1061 3042 ego
1075 2960 1174 3040 feci,
1196 2960 1255 3025 sed
1275 2962 1406 3026 meruit.

615 3049 835 3130 Comparatio
861 3056 927 3124 est,
961 3069 1067 3133 quum
1091 3051 1191 3115 aliud
1209 3051 1357 3135 aliquod
1374 3049 1527 3112 alicuius
1542 3045 1688 3126 fuctum
1712 3049 1845 3107 rectam

534 3137 699 3200 natatile
723 3136 953 3214 contenditur,
973 3138 1067 3221 quod
1079 3151 1117 3202 at
1136 3138 1252 3218 fieret,
1273 3133 1380 3216 illud,
1401 3139 1498 3222 qnod
1516 3137 1696 3219 arguitur,
1717 3132 1844 3196 dicitur

534 3245 601 3291 esse
627 3223 858 3310 commissum]
905 3227 994 3290 later
1022 3237 1313 3311 comparationem
1340 3243 1372 3295 et
1393 3231 1642 3296 concessionem
1662 3225 1726 3288 hoc
1746 3223 1844 3287 inter·

535 3327 603 3379 ests
633 3318 719 3398 qnod
749 3314 781 3378 in
814 3324 1070 3398 comparatione
1092 3323 1130 3382 de
1153 3325 1258 3386 eadem
1288 3345 1324 3388 re
1346 3322 1565 3402 comparatio
1588 3326 1650 3398 est,
1684 3329 1719 3381 ut
1746 3337 1843 3396 supra

493 3423 526 3473 ιι
536 3407 687 3470 diximus:
710 3409 889 3488 Dissiposti
905 3430 1041 3486 muros,
1062 3412 1193 3476 laesisti
1212 3414 1488 3497 rempublicam.
1531 3407 1653 3476 Contra
1674 3410 1747 3474 ille:
1769 3411 1845 3475 Dis·

533 3500 647 3582 sipuvi
665 3497 800 3583 quidem
819 3517 955 3574 muros,
979 3498 1038 3564 sed
1058 3501 1167 3567 hostes
1180 3503 1365 3588 fugerunt.
1417 3503 1455 3567 In
1485 3507 1597 3566 eodem
1625 3504 1843 3584 comparatio

536 3601 603 3666 est,
627 3599 660 3651 ιιι
680 3608 776 3670 stupra
801 3585 953 3651 diximus:
976 3589 1155 3670 Dissipusti
1178 3615 1293 3662 muros
1305 3642 1314 3676 ,
1335 3595 1367 3660 id
1387 3607 1457 3671 εει,
1494 3599 1578 3680 quad
1601 3594 1681 3659 muri
1702 3589 1843 3674 dissipati

535 3704 605 3746 esse
627 3682 783 3745 dicuntur.
821 3681 905 3744 Ideo
928 3679 989 3744 ait:
1014 3680 1117 3758 Quod
1135 3692 1172 3745 ιιι
1187 3684 1309 3764 steret,
1338 3687 1445 3765 illud,
1466 3688 1560 3771 quod
1580 3690 1765 3768 arguitur,
1795 3684 1844 3747 di·

537 3777 629 3838 citnr
651 3792 719 3838 esse
744 3775 968 3842 commissum.
1010 3769 1163 3854 Alioquin
1185 3775 1326 3854 Verres,
1349 3777 1402 3863 qui
1428 3779 1523 3840 muita
1546 3777 1633 3862 signa
1658 3787 1690 3840 et
1711 3795 1784 3838 vasa
1801 3796 1842 3838 ex

494 3877 525 3928 ιι
537 3863 643 3929 Sicilia
665 3864 789 3928 sustulit
812 3878 843 3928 et
866 3865 964 3929 utitur
984 3867 1046 3929 hac
1070 3865 1274 3942 defensione,
1306 3871 1393 3954 quod
1416 3891 1433 3932 a
1459 3869 1548 3932 bellis
1580 3881 1676 3934 tutam
1703 3869 1842 3934 Siciliam

533 3955 721 4034 reddiderit,
745 3978 808 4021 naa
833 3961 952 4040 poterit
972 3959 1093 4022 dicere:
1116 3959 1194 4023 Ideo
1215 3961 1313 4041 signa
1327 3961 1470 4037 sustuli,
1492 3970 1529 4023 at
1543 3959 1751 4042 defenderem
1764 3981 1843 4042 pro-

537 4052 694 4115 vinciam.
736 4051 849 4136 Neque
871 4051 951 4116 enim
967 4063 1140 4135 propterea
1162 4047 1231 4112 tulit
1246 4049 1348 4133 signa,
1373 4050 1588 4132 utflprovineia
1602 4063 1685 4114 esset
1698 4050 1840 4114 defensa.

458 4138 460 4145 '
536 4142 649 4225 Itaque
677 4144 774 4209 utitur
799 4150 924 4214 veniali
940 4155 1052 4224 statu,
1086 4142 1118 4205 id
1147 4152 1214 4216 est,
1252 4141 1456 4208 concessione
1483 4164 1542 4224 per
1572 4143 1841 4226 deprecationem.

478 4243 488 4272 ⁹
536 4233 629 4318 Ergo
651 4233 682 4299 in
703 4241 960 4322 comparatione
981 4238 1029 4314 id,
1054 4239 1140 4322 quod
1155 4235 1336 4314 intenditur,
1359 4237 1432 4302 ideo
1454 4237 1578 4302 anobis
1596 4236 1715 4300 iactuum
1736 4236 1842 4299 dicere

490 4329 704 4406 ¹radebemus,
727 4341 762 4394 ut
783 4350 823 4393 ex
845 4353 884 4395 eo
906 4331 978 4415 ipso
999 4334 1117 4396 bonum
1140 4329 1234 4403 illud,
1257 4333 1344 4413 quod
1365 4330 1517 4415 contigit,
1539 4329 1668 4394 ilirxisse
1691 4331 1842 4394 dicamus.

613 4420 653 4484 ln
679 4431 805 4506 quarta
838 4428 1097 4499 constitutione,
1127 4443 1232 4506 qnam
1253 4423 1466 4488 translativam
1489 4426 1721 4500 nominamus,
1742 4423 1842 4484 cuius

412 4581 419 4601 .
536 4510 785 4574 constitutionis
809 4522 857 4577 est
874 4505 1119 4594 controversia]
1145 4515 1189 4576 Et
1211 4535 1306 4598 supra
1330 4517 1506 4594 docuimus,
1531 4513 1606 4600 quid
1628 4513 1658 4577 in
1680 4532 1713 4575 se
1735 4519 1842 4572 truns-

535 4598 623 4662 latio
645 4601 839 4678 contineret;
862 4603 981 4668 scilicet
1002 4618 1037 4668 ut
1058 4615 1113 4670 aut
1136 4626 1259 4670 omnem
1280 4611 1450 4674 actionem
1472 4618 1641 4671 commutet
1664 4616 1717 4666 ιιιιι
1739 4603 1843 4687 aliqua

610 4771 657 4820 11.
674 4765 766 4817 uellus
782 4772 888 4819 ortium
908 4771 1046 4840 scriptorI
1063 4769 1164 4844 Supple
1184 4769 1408 4834 rhetoricarum,
1428 4768 1470 4824 vel
1488 4771 1688 4821 oratoriarum.
1709 4763 1797 4816 Care.

610 4845 657 4895 12.
675 4839 835 4894 Notandum
854 4847 973 4896 maxims
992 4861 1044 4910 est,
1065 4843 1138 4915 quod
1166 4849 1322 4899 Victorinus
1343 4846 1389 4898 hle
1409 4842 1490 4898 docet
1510 4841 1544 4894 de
1566 4839 1745 4895 translatione
1764 4835 1843 4891 laeti.

535 4910 569 4986 Id
588 4918 663 4966 enim
682 4915 811 4970 Ciceroni
836 4923 977 4990 propitum
996 4933 1044 4976 ,εει
1068 4935 1121 4973 nec
1140 4919 1211 4994 apud
1232 4933 1337 4975 ceteros
1363 4915 1396 4973 de
1425 4917 1505 4992 vulgo
1524 4920 1591 4971 artis
1611 4919 1747 4968 oratoriae
1767 4916 1844 4966 scri-

536 5003 629 5062 ptores
648 4986 705 5043 ierc
723 4995 870 5046 invenitur.
889 4994 976 5046 cerr.

612 5065 656 5122 15.
674 5069 704 5116 tn
722 5066 840 5119 secundo
857 5067 941 5135 libro]
968 5067 1089 5122 Numero
1108 5073 1154 5130 30.
1192 5067 1328 5124 Numeros
1346 5071 1465 5122 maiores
1485 5064 1624 5140 intellige3
1643 5079 1699 5118 uon
1719 5067 1842 5118 minutos

537 5135 599 5190 illos
618 5138 748 5195 editionis
767 5141 893 5198 iamdiu.
912 5143 1000 5198 Care.
