4434 5959
916 597 1009 663 Lttt.
1031 596 1097 662 Vl.
1604 597 1666 662 383

346 736 407 799 sed
426 734 543 799 horum
566 730 747 798 secessione
767 735 944 806 unientur.
988 739 1070 804 Nem
1092 734 1207 823 qssibns
1228 735 1261 801 in
1279 739 1384 801 eedem
1400 734 1550 821 qsselitete
1566 733 1667 800 maior

348 847 520 903 numerus,
557 826 723 909 pulchrior
744 829 878 912 speeies,
901 832 1068 897 ellleeeior
1089 831 1154 907 vis,
1180 833 1218 894 ed
1246 831 1439 914 pretiosiora
1466 827 1666 894 coniunctior

349 919 498 996 effectio,
537 940 574 984 ee
600 920 733 986 meliore
763 945 833 990 esse
863 927 1145 1000 existimebtsotur3
1177 946 1260 1011 qrsee
1288 925 1439 1008 sineque
1465 923 1608 999 luserint,
1635 923 1667 986 in

350 1019 471 1080 eedem
481 1014 631 1100 qualitate
650 1015 738 1097 peria
763 1031 849 1085 sunt.
892 1023 1082 1106 Exemplum
1108 1041 1215 1096 vero,
1243 1021 1330 1104 quod
1350 1019 1476 1102 posuit,
1500 1021 1539 1082 ed
1559 1017 1668 1083 enten-

350 1109 497 1172 ‹liendutn
520 1107 667 1172 Trebatii
697 1108 831 1175 animum
853 1116 956 1193 velet,
990 1135 1086 1201 quum
1114 1112 1295 1196 propriam,
1327 1111 1358 1176 id
1377 1125 1440 1186 est,
1473 1111 1692 1186 orstoriem,s

350 1202 535 1268 lecultetsm
560 1223 632 1266 urm
653 1202 732 1268 iuris
754 1206 932 1288 peritorum
956 1211 1048 1275 leude
1065 1208 1252 1293 coniungit,
1289 1209 1349 1271 hoo
1372 1210 1488 1274 modo:
1526 1209 1564 1274 Si
1588 1229 1667 1273 eors-

349 1297 433 1361 eilio
451 1295 571 1360 iuuere
591 1296 698 1376 rives,
733 1304 823 1383 quod
843 1302 1115 1388 iurisperitorum
1147 1314 1213 1379 est,
1249 1313 1283 1366 et
1302 1302 1456 1378 auxilio,
1489 1305 1574 1384 qsrod
1592 1323 1667 1366 ore-

350 1399 459 1453 toruos
481 1401 549 1466 est,
587 1411 700 1475 aequo
723 1391 760 1455 iu
780 1396 883 1461 leude
903 1398 1098 1484 ponendum
1119 1408 1187 1472 eet,
1216 1397 1297 1481 puri
1317 1395 1433 1481 glorio
1455 1397 1575 1462 debent
1594 1417 1668 1460 sees

351 1482 398 1557 ἦ,
420 1483 480 1567 qul
501 1487 703 1562 consulunt,
725 1487 758 1549 id
780 1502 849 1567 est,
872 1495 966 1577 periti
988 1492 1084 1571 iuris,
1115 1503 1149 1556 et
1167 1491 1211 1566 ii,
1235 1492 1295 1577 qui
1317 1491 1526 1586 defendunt,
1550 1493 1666 1562 idest,

353 1588 523 1652 omittat
544 1588 602 1654 ἃ,
625 1579 718 1663 quod
736 1583 905 1664 primum,
929 1599 997 1663 est,
1020 1587 1142 1661 idest,
1166 1586 1299 1650 consilio
1322 1601 1425 1650 sutem
1447 1586 1558 1650 iuvere
1582 1583 1711 1648 eisestt

351 1682 386 1734 et
403 1669 525 1736 eueilio
547 1691 649 1754 seque
670 1672 701 1735 in
725 1676 817 1741 leude
836 1683 1015 1763 ponendum
1037 1691 1104 1744 ests
1127 1679 1218 1764 quod
1239 1681 1394 1766 sepultus·
1415 1681 1543 1767 igitur,
1566 1683 1668 1748 idest,

352 1762 503 1855 iplertur.
547 1765 596 1831 Ee
624 1786 703 1832 vero
734 1773 896 1838 conclusio
925 1785 992 1851 est,
1025 1794 1085 1856 per
1106 1793 1198 1855 qtssm
1223 1774 1373 1838 dicimus:
1409 1775 1438 1838 li
1462 1776 1580 1859 igitur,
1614 1773 1669 1862 qui

352 1859 546 1933 conenluot,
569 1871 602 1922 et
622 1857 663 1935 ii,
696 1861 752 1944 qui
774 1868 960 1944 defendunt,
984 1869 1055 1950 peri
1079 1865 1182 1951 glorie
1206 1887 1275 1930 esse
1295 1869 1425 1932 debent.
1467 1871 1543 1934 Hos
1564 1882 1667 1934 autem

351 1951 495 2017 breviter
515 1952 750 2020 disleetieorum
775 1981 863 2026 more
885 1961 1034 2046 protulit,
1073 1959 1127 2043 qui
1152 1959 1198 2025 sie
1220 1961 1401 2026 eutrotisnts
1438 1963 1477 2028 &⁸
1497 1965 1571 2027 dies
1591 1974 1666 2038 est,

349 2047 459 2120 &seete
478 2056 535 2121 ot,
558 2047 653 2132 quod
667 2050 840 2132 primum,
864 2069 934 2130 este
954 2056 986 2119 id
1009 2065 1113 2118 eutem
1135 2057 1313 2118 tentundem
1332 2068 1397 2132 est,
1423 2077 1460 2119 se
1479 2059 1505 2122 si
1524 2057 1666 2120 dicetur:
1681 2057 1713 2108 ¹⁸

350 2139 462 2226 Atqui
482 2139 555 2203 dies
576 2152 640 2205 est.
683 2143 722 2206 In
752 2148 977 2230 propositione
997 2149 1098 2223 enim,
1138 2169 1218 2231 quse
1245 2161 1309 2224 est,
1345 2150 1384 2215 Si
1408 2151 1481 2214 dies
1502 2164 1570 2226 est,
1606 2155 1671 2218 tux

350 2247 423 2308 eet,-
444 2232 538 2316 prior
556 2247 605 2297 est
624 2239 827 2320 propositio,
851 2243 1010 2306 dissert.
1054 2239 1279 2305 Concludunt:
1314 2241 1407 2326 quod
1426 2245 1583 2328 sepultus·
1603 2243 1671 2330 ige·-

350 2339 431 2405 tur,
453 2328 488 2390 id
507 2340 573 2404 est,
601 2328 702 2415 igitur
722 2353 793 2398 esse
813 2336 935 2411 lueem3
971 2336 1005 2397 it
1025 2333 1158 2398 enimin
1179 2333 1280 2415 prims
1307 2347 1399 2416 perte
1418 2337 1668 2419 propositionis,

352 2441 435 2506 quse
452 2431 539 2497 eret,
562 2422 602 2486 u·
622 2423 696 2488 dise
716 2438 787 2503 eet,
810 2431 1015 2512 sequebatur.
1059 2428 1165 2513 Igitur
1186 2429 1237 2490 ltle
1253 2449 1382 2516 quoque
1398 2428 1515 2503 Cicero
1530 2431 1576 2492 sic
1590 2451 1671 2513 pro·

351 2515 449 2580 tulit:
472 2518 536 2591 As,
562 2515 654 2598 quod
669 2518 841 2601 priosum,
864 2533 934 2599 est,
957 2520 991 2585 id
1009 2532 1074 2597 est,
1105 2522 1239 2586 oonsilio
1262 2533 1293 2585 et
1318 2513 1565 2588 suxilio'iuvore
1584 2523 1714 2587 eivestt

352 2631 455 2696 eeqne
475 2607 509 2672 in
525 2608 619 2671 lende
638 2630 709 2674 esse
727 2617 924 2695 ponendum
944 2614 978 2682 iel
993 2615 1074 2679 enim
1092 2626 1161 2680 eret
1177 2615 1313 2698 primum
1335 2616 1367 2678 in
1382 2636 1416 2679 ee
1436 2615 1668 2697 propositione,

352 2725 436 2790 quse
458 2699 603 2778 dioebet,
642 2703 670 2766 si
690 2708 825 2771 consilio
852 2721 885 2771 et
904 2709 1026 2776 euxilio
1048 2710 1135 2774 cives
1156 2710 1267 2792 iuvere
1284 2729 1383 2793 neque
1406 2708 1437 2771 in
1459 2709 1550 2771 leude
1569 2731 1671 2790 poue·

350 2811 463 2873 retur,
500 2794 572 2877 peri
605 2796 707 2882 glorie
733 2820 803 2864 esse
832 2815 979 2867 oratores
1006 2803 1146 2889 iurisque
1174 2803 1351 2868 consultos.
1395 2801 1497 2888 Quod
1517 2803 1674 2886 sequitur

351 2891 486 2975 e'ge'tur,
508 2889 542 2952 id
563 2899 636 2967 eet,
656 2893 729 2974 peri
748 2894 987 2978 glorie‘debent
1008 2917 1078 2960 esse
1100 2896 1157 2982 qssi
1175 2897 1343 2960 consulunt
1368 2915 1405 2958 ee
1427 2893 1619 2971 defeodrmt,
1639 2894 1671 2957 id

352 2985 437 3049 enim
459 2993 528 3049 eret
546 3003 743 3070 woseqesens
760 2987 792 3050 io
813 2989 1108 3072 compositione,
1138 3011 1219 3076 quse
1240 2991 1415 3064 statuebat,
1439 2987 1465 3050 si
1488 2988 1621 3051 consilio
1640 3001 1671 3051 et
1681 2987 1713 3037 ²⁶

353 3079 474 3146 eexilio
494 3075 583 3141 eires
600 3078 710 3145 iuvere
732 3102 794 3164 per
814 3093 915 3159 esset,
938 3104 1033 3166 peres
1056 3105 1141 3159 esse,
1168 3084 1223 3172 qui
1245 3083 1414 3148 eonsultmt
1436 3101 1473 3144 ee
1486 3081 1671 3147 defendunt.

439 3176 539 3260 (Cep.
562 3177 617 3241 ts.
640 3180 671 3253 §.
694 3178 764 3255 ll.)
795 3173 960 3268 Peffeeto
984 3189 1037 3240 est
1064 3177 1177 3244 omnis
1205 3209 1247 3224 -
1276 3207 1317 3222 -
1344 3174 1543 3261 orgeuuenti
1568 3193 1672 3260 puae·

352 3272 465 3337 rende
482 3271 542 3336 eit.

441 3364 584 3430 Tametsi
605 3386 646 3429 ex
672 3363 731 3440 iis,
765 3385 846 3450 ques
870 3362 952 3428 dicte
987 3377 1077 3442 sunt,
1111 3363 1320 3451 intelligitur,
1353 3367 1472 3430 nullum
1494 3361 1673 3452 argumenti

354 3459 462 3526 leeuro
484 3480 555 3525 esse
575 3458 800 3542 praeteritum,
823 3457 966 3524 breviter
988 3471 1093 3524 temen
1117 3457 1284 3524 Ciceronis
1317 3458 1572 3538 conclusionem,
1610 3460 1716 3541 quell

354 3577 391 3621 ss
418 3553 497 3620 eihil
525 3552 668 3620 omisisse
692 3565 939 3630 commemoret,
975 3557 1024 3644 ed¹
1046 3552 1232 3636 ampliorem
1255 3553 1418 3618 doetrinae
1440 3554 1532 3617 fldem
1552 3573 1674 3636 eppro·

355 3650 490 3712 bendere
512 3667 602 3712 reor.
656 3645 753 3713 iniis
781 3646 862 3712 enim
894 3647 971 3711 nihil
997 3646 1126 3712 omnino
1158 3647 1437 3732 praetermittitur,
1475 3667 1557 3732 quoe
1586 3657 1673 3711 certe

354 3741 482 3806 retiooe
494 3751 681 3806 tractentur.
724 3741 820 3804 llnlle
840 3761 922 3806 vero
939 3741 1062 3806 certior
1081 3741 1165 3806 estio
1188 3743 1363 3807 divisiones
1387 3744 1475 3825 quod
1490 3739 1571 3805 enim
1586 3738 1674 3826 quis·

356 3855 422 3920 que
442 3834 579 3919 pertitur
601 3855 619 3898 st
640 3833 857 3898 communibus
882 3833 914 3897 in
933 3835 1137 3918 particularis
1158 3837 1332 3915 deducens,
1357 3855 1452 3919 quum
1475 3845 1595 3898 rentum
1613 3834 1675 3895 iter

355 3929 497 4006 insistet,
530 3928 594 3992 lebi
614 3939 709 4012 etque
736 3930 776 3992 ed
801 3947 945 3992 errorem
971 3928 1085 3994 deduci
1113 3949 1180 3994 non
1208 3941 1327 4011 potest.
1384 3929 1549 3993 Locorum
1576 3925 1675 4011 igitur
1685 3925 1717 3976 ³⁵

357 4021 497 4089 omniun
519 4021 621 4105 priene
644 4020 758 4086 divisio
773 4021 837 4085 luit
856 4019 888 4086 in
906 4043 967 4100 es,
998 4042 1080 4106 ques
1101 4021 1132 4084 in
1150 4021 1228 4103 ipsis
1249 4023 1437 4098 haererent,
1461 4027 1498 4084 et'
1513 4041 1569 4096 ee,
1593 4038 1675 4102 qrtee

355 4129 591 4183 memorentur
612 4115 824 4180 extrinsecus.
869 4113 971 4181 Cuius
993 4115 1159 4179 divisionis
1182 4115 1257 4179 nihil
1278 4115 1410 4178 medium
1434 4113 1572 4197 reperiri
1600 4122 1676 4195 pot-

357 4223 425 4278 este
455 4223 509 4277 eut
530 4210 662 4275 enimin
685 4208 758 4293 ipso
784 4221 835 4274 est
861 4209 996 4296 sliquid,
1035 4212 1074 4274 de
1097 4229 1164 4294 quo
1190 4208 1372 4295 quaeritur,
1398 4220 1452 4273 eut
1476 4205 1674 4272 extrinsecus

356 4327 489 4372 neeesse
509 4317 558 4370 eet
575 4317 764 4369 assumetur.
808 4303 982 4368 Videamus
1002 4302 1100 4389 igitur
1119 4323 1223 4382 nunc,
1247 4305 1508 4388 quemadmodum
1533 4302 1674 4384 dispute-

357 4400 407 4464 tio
429 4419 490 4483 per
513 4399 591 4463 uiuit
610 4398 805 4464 omittentem
826 4397 1012 4464 divisionem
1041 4397 1178 4462 feretur.
1236 4399 1357 4462 Eorum
1382 4396 1481 4483 igitur
1507 4397 1717 4470 locorum,lt

359 4493 417 4581 qui
440 4492 475 4558 in
491 4493 571 4579 ipsis
595 4505 685 4572 sunt,
723 4493 896 4578 dequibus
918 4493 1040 4578 egitur,
1064 4513 1147 4555 nune
1169 4508 1211 4555 ex
1230 4501 1319 4570 toto,
1342 4513 1426 4556 urtnc
1443 4511 1485 4555 ex
1506 4490 1674 4573 pertibus,

358 4609 444 4652 nuno
463 4609 506 4653 ee
523 4589 704 4666 eoeebulo,
741 4605 828 4652 nune
842 4609 886 4652 ex
908 4586 1029 4652 allectis
1052 4584 1187 4650 sumitur
1207 4599 1438 4672 argumentum.
1482 4585 1521 4650 In
1542 4582 1591 4647 hie
1612 4579 1676 4667 igt-

357 4693 416 4746 tur
430 4685 518 4768 qnod
534 4682 613 4747 nihil
630 4682 774 4747 rettuuu
795 4681 854 4760 sit,
877 4680 1044 4765 perspicue
1059 4691 1202 4764 apparet.
1246 4681 1284 4744 Iu
1304 4700 1344 4745 eo
1363 4678 1465 4756 enim,
1489 4679 1575 4762 quod
1594 4696 1673 4740 oon·

356 4775 500 4840 iunotum
521 4787 589 4855 est,
613 4777 731 4860 duplex
747 4775 897 4841 diseretio
919 4785 986 4840 ests
1008 4795 1070 4839 stne
1089 4795 1130 4840 ex
1151 4795 1190 4839 eo
1214 4773 1305 4858 ipso,
1329 4774 1417 4857 quod
1432 4773 1606 4838 tosmmun
1627 4777 1676 4831 est

357 4881 456 4956 etque
476 4870 707 4956 compositum,
731 4873 819 4958 quod
840 4881 942 4936 totum
961 4881 1028 4948 est,
1052 4868 1084 4933 in
1110 4890 1174 4956 quo
1198 4867 1291 4934 etiem
1310 4867 1507 4932 definitiones
1524 4863 1718 4928 adhibeo-ss

436 5094 485 5146 10·
503 5094 584 5222 aad
597 5094 720 5164 pelosum
737 5095 781 5142 sel
797 5090 875 5144 Bm.
924 5091 970 5148 18·
990 5081 1403 5156 nemausensem.
1447 5085 1493 5142 20·
1511 5083 1590 5153 alqui
1607 5083 1674 5154 prl-

358 5181 435 5220 M
451 5173 497 5220 ul
569 5181 593 5224 l.
