4434 5959
514 688 516 690 .
572 611 633 671 100
1081 612 1367 679 vroroaruns

571 763 692 827 autem,
716 750 834 837 inquit,
858 754 935 816 baec
957 752 1123 836 diligenter
1145 753 1177 815 in
1200 752 1337 817 iacienda
1359 751 1540 816 inductione
1560 754 1760 832 servaveris,
1782 768 1819 821 ιιι
1840 768 1877 823 ιι

570 845 751 928 propositio
768 847 972 911 similitudinis
993 850 1185 909 concedatur
1200 858 1231 909 et
1254 846 1329 908 illud
1346 846 1558 929 propositioni
1583 848 1683 912 simile
1702 850 1760 927 sit,
1784 852 1875 916 cuins

570 960 661 1003 causa
693 940 862 1002 similitudo
895 940 1059 1021 proposita
1085 952 1158 1012 est,
1193 951 1225 1001 et
1249 959 1340 1000 nemo
1364 938 1486 1015 videat,
1524 962 1589 1023 quo
1613 943 1794 1024 propositio
1818 946 1874 1008 illa

570 1035 753 1105 contendat:
777 1031 881 1093 officio
900 1043 956 1094 tuo
971 1053 1030 1115 per·
1046 1032 1102 1093 ista
1119 1032 1284 1115 diligenter·
1298 1032 1452 1113 impleto,
1476 1054 1584 1095 rursus
1593 1035 1724 1097 debebis
1738 1050 1876 1117 respon'-

543 1127 687 1187 tsionem
721 1124 1130 1187 contendentisratteudere.
1185 1128 1287 1189 Unum
1315 1136 1415 1186 arueru
1438 1128 1475 1186 de
1496 1124 1598 1189 tribus
1618 1126 1712 1189 iaciat
1742 1149 1874 1191 necesse

433 1206 437 1215 ¹
567 1230 633 1279 est:
658 1240 724 1278 narn
748 1229 801 1279 aut
824 1216 940 1278 tacebit
958 1228 1011 1279 arrt
1031 1219 1230 1279 conlitehitur
1257 1228 1309 1279 aut
1333 1216 1470 1299 negabit.
1515 1221 1566 1279 Ad
1587 1220 1662 1280 baec
1679 1222 1799 1303 singula
1819 1228 1875 1287 dat

566 1322 753 1391 praecepta,
779 1308 854 1394 qnid
881 1310 911 1371 in
933 1309 981 1371 bis
1002 1308 1132 1392 singuiis
1156 1323 1188 1373 tu
1207 1310 1312 1372 facere
1335 1313 1467 1373 debeas:
1492 1322 1522 1372 et
1535 1311 1640 1392 priruo
1659 1332 1674 1373 a
1695 1314 1873 1378 difficiliore

566 1415 655 1486 parte
684 1404 802 1485 incipit.
847 1405 898 1479 Si,
932 1402 1047 1487 iuquit,
1078 1404 1207 1488 negabit
1236 1404 1277 1465 ita
1306 1423 1376 1465 esse
1398 1404 1492 1477 illud,
1527 1407 1608 1467 trude
1639 1408 1799 1469 contentio
1822 1420 1874 1471 est

546 1512 658 1583 ¹atquc
678 1498 770 1572 illud,
796 1498 930 1581 quindiu
957 1496 1130 1578 propositis
1157 1497 1376 1579 concessisque
1406 1496 1654 1559 similitudinibus
1671 1500 1869 1574 continetur,

523 1585 627 1663 loom
649 1590 775 1675 (iuquit)
797 1592 902 1652 lacere
924 1592 1095 1652 debemus:
1132 1600 1183 1649 aut
1204 1589 1273 1651 illas
1295 1610 1364 1663 res,
1397 1610 1474 1673 quas
1496 1603 1566 1652 ante
1589 1592 1760 1665 concessit,
1783 1593 1874 1655 simi·

565 1684 608 1745 les
631 1685 745 1744 docere
772 1683 843 1745 huie
868 1682 913 1743 rei
943 1702 1029 1753 esse,
1054 1684 1092 1742 de
1120 1702 1180 1765 qua
1214 1682 1372 1746 contentio
1403 1692 1469 1745 cst:
1503 1696 1573 1759 ιιιιι,
1608 1683 1633 1745 si
1663 1684 1868 1766 pernegahit,

563 1776 638 1837 alias
666 1778 813 1839 inducere
843 1774 1071 1837 similitudines.
1131 1776 1185 1837 Sin
1214 1788 1314 1838 autem
1345 1777 1471 1859 (iuquit)
1508 1778 1727 1850 confitebitur,
1763 1776 1871 1838 habita

563 1869 791 1949 argumentatio
814 1869 1026 1930 concludenda
1053 1879 1112 1930 est.
1164 1862 1285 1931 D'einde
1308 1869 1435 1955 (inquit)
1458 1872 1484 1933 si
1505 1871 1637 1945 tacebit,
1662 1873 1724 1932 diro
1748 1868 1867 1931 iacies:

562 1975 616 2024 aut
637 1961 873 2043 responsionem
896 1961 935 2022 de
955 1982 995 2023 eo
1014 1960 1142 2023 elicies:
1167 1972 1219 2023 ant
1242 1962 1267 2023 si
1290 1965 1480 2043 respondere
1503 1963 1654 2038 noluerit,
1679 1965 1751 2049 quia
1768 1986 1868 2048 genus

521 2055 769 2118 lscousessiouis
795 2065 842 2116 cst
865 2052 1077 2129 taciturnitas,
1115 2055 1330 2118 concludenda
1349 2067 1396 2118 est
1421 2057 1660 2138 argrrmentatio.
1711 2062 1783 2133 Ita,
1818 2059 1868 2121 in-

562 2148 648 2230 quit,
685 2150 747 2210 hoc
776 2167 885 2228 genus
918 2148 1185 2229 argarmentnndi
1215 2148 1424 2231 tripertitum
1452 2169 1584 2231 semper
1609 2161 1670 2211 est.
1724 2152 1865 2225 Prima,

559 2241 676 2325 inquit,
699 2261 783 2323 pars
805 2251 938 2302 constat
960 2262 1007 2301 ear
1026 2260 1096 2301 nna
1121 2240 1340 2303 similitudine
1365 2240 1573 2323 pluribusne.
1616 2246 1737 2305 Altera
1756 2266 1805 2305 ear
1824 2266 1867 2307 ea

559 2356 615 2409 re,
649 2355 735 2416 qrrce
765 2334 800 2397 in
822 2333 1034 2396 contentione
1060 2344 1218 2395 versatur·
1246 2346 1278 2395 ιι
1299 2355 1401 2417 qnam
1419 2334 1515 2396 nobis
1535 2336 1672 2399 concedi
1696 2340 1864 2399 nolumus.

506 2452 510 2460 ⁴
559 2427 681 2491 Ter-tio
695 2450 742 2489 ear
763 2427 993 2501 conclusione,
1018 2446 1104 2509 qrroe
1124 2436 1186 2487 urst
1208 2426 1393 2503 confir-runt
1407 2424 1676 2516 confessionem,
1700 2441 1761 2492 ont
1781 2431 1867 2513 qnid

516 2514 604 2605 toene
625 2520 702 2601 ipsu
725 2518 941 2607 consessione
965 2519 1203 2612 conficietur,
1227 2518 1393 2590 ostendit:
1428 2530 1462 2580 ut
1485 2518 1513 2581 in
1539 2521 1602 2583 hoe
1622 2520 1692 2601 ipso
1714 2523 1865 2603 exemplo

557 2613 786 2675 consessionem
820 2611 985 2673 tacentium
1018 2612 1183 2674 confirmat
1215 2612 1371 2693 Aspasia:
1408 2616 1454 2676 Et
1482 2622 1538 2688 tn,
1569 2612 1689 2695 inquit,
1718 2616 1862 2691 muilier,

556 2706 668 2769 nir-nm
700 2706 865 2787 optimum
895 2706 946 2768 vis
974 2707 1118 2768 hahere:
1153 2716 1185 2767 et
1222 2716 1278 2781 ιιι,
1316 2706 1524 2788 Xenophon,
1563 2728 1709 2770 uxorem
1739 2710 1864 2772 hahere

555 2799 773 2863 lectissimam
802 2797 953 2861 maxime
977 2798 1086 2879 cupis.
1141 2799 1261 2861 Deinde
1294 2818 1334 2860 ex
1364 2800 1421 2860 hac
1446 2798 1645 2862 confessione
1667 2801 1741 2885 quid
1762 2804 1864 2864 conli-

555 2894 654 2955 ciatur
673 2893 827 2956 ostendit:
863 2895 1007 2974 Quor-e,
1033 2890 1154 2975 inquit,
1189 2890 1255 2953 nisi
1279 2894 1340 2953 hoe
1363 2888 1600 2980 perfeceritis,
1623 2904 1661 2953 ιιι
1685 2897 1865 2977 neque-vir·

512 3000 543 3048 ιι
555 2983 954 3075 melinr‘neqrrefemina
966 2984 1085 3047 lectior·
1105 2984 1140 3046 in
1155 2985 1258 3047 terr-is
1278 2985 1342 3055 sit:
1360 2982 1522 3074 profecto
1543 3004 1675 3066 semper
1693 2984 1741 3057 id,
1766 2988 1861 3069 qnod

554 3082 720 3162 optinnrm
738 3078 905 3163 putabitis
922 3099 1013 3150 esse,
1037 3081 1144 3141 multo
1166 3080 1317 3139 maxime
1337 3077 1533 3160 requiretis:
1554 3090 1591 3139 ut
1610 3088 1644 3139 et
1657 3088 1696 3139 ιιι
1714 3081 1863 3143 maritus

554 3174 600 3237 sis
622 3195 722 3256 qnam
745 3173 893 3256 optimae
915 3182 948 3233 et
969 3174 1051 3233 haec
1072 3192 1175 3255 queam
1196 3170 1326 3252 optimo
1349 3171 1422 3233 viro
1444 3180 1551 3251 nupta
1570 3170 1628 3231 sit.

638 3266 704 3329 Sed
733 3267 814 3350 qnia
842 3286 909 3326 non
944 3265 1030 3327 sotis
1057 3264 1161 3327 alieni
1198 3263 1363 3324 uidebitur
1395 3262 1539 3347 dilucide
1567 3262 1858 3342 demonstratum,

553 3356 622 3419 nisi
643 3359 720 3437 cct.]
764 3358 859 3419 Dedit
886 3376 981 3437 supra
1004 3356 1241 3439 philosophicae
1262 3356 1449 3418 inductionis
1477 3355 1671 3436 exemplum:
1706 3358 1757 3418 dat
1776 3378 1862 3421 nunc

511 3452 583 3513 antu
609 3450 787 3523 rhetorica,
820 3452 894 3510 Nou
927 3469 1010 3530 qrto,
1045 3449 1162 3531 inquit,
1198 3448 1320 3511 diversa
1343 3459 1510 3531 praecepta
1535 3450 1618 3522 sint,
1654 3449 1708 3510 sed
1727 3470 1764 3510 ne
1787 3452 1860 3533 quis

553 3542 638 3606 inrte
659 3554 860 3624 praeceptum
885 3540 917 3603 in
940 3542 1137 3623 philosophia
1161 3546 1285 3616 datum,
1308 3542 1339 3605 in
1365 3543 1522 3605 rhetorica
1547 3542 1652 3602 videre
1668 3561 1729 3601 non
1743 3543 1860 3621 possit.

553 3638 743 3717 Exemplum
764 3647 866 3698 autem
888 3656 970 3699 nnuc
989 3636 1079 3717 ponit
1097 3638 1178 3717 apud
1199 3636 1342 3698 Graecos
1363 3641 1588 3717 pervagatum:
1618 3632 1704 3695 cuius
1718 3634 1858 3714 exempli

552 3730 730 3792 huiusmodi
756 3730 860 3790 therua
893 3738 954 3790 est.
997 3728 1232 3809 Epaminondas
1262 3728 1451 3809 irruperator,
1486 3748 1579 3808 quum
1611 3726 1640 3787 ei
1677 3744 1858 3789 successum

552 3822 683 3896 luisset,
717 3821 843 3883 retinuit
864 3822 947 3901 apud
976 3842 1009 3882 se
1041 3821 1212 3882 exercitum
1243 3820 1362 3903 aliquot
1391 3820 1520 3901 amplius
1543 3820 1675 3891 diebus,
1700 3840 1792 3901 quarn
1815 3840 1857 3881 ex
1929 3834 1933 3846 ·

510 3914 634 3997 ttlege
657 3916 848 3997 oportebat:
882 3913 943 3975 illis
965 3910 1041 3995 ipsis
1068 3913 1179 3976 diebus
1208 3913 1476 3975 Lacedaemonios
1509 3910 1647 3973 funditus
1674 3914 1789 3975 evertit
1819 3934 1857 3974 ac

553 4008 638 4071 vicit.
682 4010 879 4081 Accusatur,
911 4010 997 4090 qrrnd
1018 4018 1128 4069 contra
1155 4008 1257 4088 legem
1281 4007 1450 4068 exercitum
1475 4003 1649 4067 retinuerit.
1693 4006 1856 4086 Proponi-

551 4112 603 4163 tnr
625 4113 726 4165 auteur
742 4102 793 4162 lric
815 4098 908 4162 tacita
929 4100 1114 4180 exceptione
1137 4100 1189 4161 lex
1211 4099 1282 4160 illa:
1304 4099 1372 4181 Qui
1385 4098 1572 4161 successori
1590 4120 1636 4158 ear
1660 4100 1734 4179 lege
1755 4120 1859 4160 ester·

550 4196 655 4257 sitnm
676 4194 791 4258 statim
813 4212 880 4255 non
909 4192 1106 4267 tradiderit,
1127 4211 1258 4273 poenas
1279 4196 1398 4253 soluat.
1444 4191 1479 4252 ln
1506 4190 1567 4251 boc
1590 4191 1723 4254 themate
1751 4202 1860 4273 potest

552 4288 676 4370 quidem
709 4306 778 4347 esse
807 4287 1077 4366 compensatione
1107 4296 1219 4348 statos
1254 4284 1455 4366 principalis:
1490 4284 1585 4360 Feci,
1622 4283 1682 4345 sed
1706 4282 1857 4375 profrri:
1968 4294 1969 4297 ’

509 4397 540 4446 ιο
554 4401 660 4440 rerum
687 4381 822 4441 secunda
853 4376 1014 4441 conflictio
1043 4376 1075 4439 in
1105 4380 1233 4459 scripto
1262 4389 1294 4441 et
1315 4382 1485 4441 uoluntate
1510 4378 1662 4442 consistit.
1720 4377 1857 4457 scripto

551 4472 648 4533 utitur
671 4483 857 4547 accusator,
889 4471 944 4555 qui
966 4469 1039 4531 dicit
1058 4492 1075 4531 a
1097 4473 1204 4532 verbis
1226 4470 1304 4553 legis
1322 4470 1426 4531 reccdi
1450 4492 1510 4531 non
1538 4480 1707 4551 oportere:
1737 4471 1856 4531 nohen-

550 4575 620 4625 tate
651 4565 748 4625 utitur
777 4564 1032 4643 Epaminondas,
1067 4564 1122 4646 qui
1154 4564 1227 4626 dicit
1258 4566 1359 4645 legem
1388 4563 1494 4625 iubere
1527 4564 1650 4645 quidem
1681 4562 1855 4623 exercitum

550 4655 651 4730 tradi,
675 4657 731 4717 sed
751 4656 777 4718 si
802 4656 876 4723 nibil
899 4668 1022 4739 urgeat.
1066 4656 1197 4740 Alioqui
1219 4654 1246 4718 si
1272 4657 1317 4719 rei
1340 4656 1481 4738 publicae
1506 4678 1597 4718 carisa
1618 4654 1724 4736 paucis
1743 4654 1855 4715 diebus

625 4854 670 4907 28.
689 4852 776 4902 alicrrr'
788 4851 942 4920 ntrtebtrur]
963 4850 1011 4904 Cd.
1031 4853 1093 4905 Bas.
1113 4872 1149 4905 =
1167 4850 1225 4907 vid.
1244 4856 1327 4905 alicui
1347 4854 1413 4906 Edit.
1435 4856 1488 4907 Ort.

624 4929 669 4985 59.
689 4931 911 4995 compensatione
928 4930 1030 4994 statrrs]
1070 4928 1148 4978 Unus
1169 4946 1208 4979 est
1228 4946 1243 4979 e
1263 4930 1383 4979 statibus
1401 4930 1546 5000 paralitatis
1559 4932 1757 4997 assumptivae.
1779 4926 1854 4981 altar

551 5014 649 5053 toetnt
668 5005 889 5067 comparati-unm
909 5015 934 5053 et
954 5006 1205 5069 comparationem,-
1225 5004 1328 5057 Graece
1348 5006 1536 5059 rotumnam.
1557 5004 1640 5055 Cure.

624 5074 670 5131 bo.
688 5080 719 5127 ιιι
736 5080 842 5145 scripto
860 5083 889 5126 et
907 5077 1064 5142 vnlrrntote]
1084 5079 1139 5144 in
1160 5082 1263 5149 primns
1283 5094 1323 5131 est
1342 5076 1469 5149 legalium
1489 5085 1622 5129 staterum.
1642 5074 1741 5131 Graeci
1754 5091 1855 5131 rorant

550 5144 618 5225 negti
635 5153 731 5225 ῥητοῦ
748 5150 801 5205 arai
820 5146 965 5213 διανοίας.
983 5152 1065 5203 Care.
