4434 5959
551 606 589 668 to
1054 604 1340 673 VICTORINUS

547 744 761 826 apertioribus
782 757 813 809 et
841 749 966 808 adrem
989 745 1191 809 vicinioribus
1213 746 1390 809 nominibus
1418 747 1606 829 appellavit:
1641 749 1725 831 Quis
1748 750 1852 823 enirn,

546 860 713 920 personam
741 839 834 913 dixit3
857 841 968 923 Quiri,
989 840 1147 922 negotium
1169 841 1309 903 vocavit.
1353 843 1403 903 Ae
1419 864 1575 921 personae
1591 842 1732 925 quidem,
1757 866 1852 925 quam

545 931 579 993 in
600 930 788 1012 pronomine
808 932 988 1014 posuimus,
1026 955 1105 1017 quae
1126 945 1228 994 essent
1249 935 1416 1008 attributa,
1447 935 1507 997 iarn
1529 936 1642 998 dictum
1666 950 1729 999 est:
1767 958 1854 998 ntum

547 1036 708 1109 autequam
731 1024 887 1101 dicamus,
925 1048 1003 1111 quae
1026 1025 1157 1109 negotio
1180 1025 1327 1089 attributa
1351 1028 1430 1115 sint,
1461 1030 1535 1113 quid
1564 1030 1604 1091 sit
1626 1030 1723 1111 ipsum
1747 1052 1853 1110 nego·

523 1118 639 1193 setium,
676 1120 845 1182 videamus.
897 1121 1069 1203 Negotium
1102 1129 1151 1181 cst
1176 1118 1312 1195 sactum,
1338 1123 1461 1204 dequo
1485 1124 1625 1205 quaestio
1648 1136 1713 1186 est:
1738 1145 1853 1185 verram

545 1213 608 1275 hoc
628 1212 744 1275 factuam
766 1234 847 1276 utine
866 1212 898 1275 iu
919 1214 1005 1277 facto
1027 1224 1092 1290 est,
1117 1234 1199 1274 uriae
1221 1212 1249 1273 iu
1272 1212 1373 1291 dieto,
1398 1237 1479 1277 nunc
1500 1217 1529 1279 iu
1546 1220 1699 1299 cogitatu.
1744 1218 1850 1281 Oreine

546 1306 610 1372 hoc
639 1306 744 1390 itaque
775 1307 909 1382 factum,
947 1309 985 1371 de
1011 1329 1074 1391 qno
1101 1306 1241 1389 quaestio
1267 1320 1332 1383 est,
1371 1311 1531 1392 negotium
1555 1311 1743 1391 appellatur.
1794 1312 1850 1371 Ae

546 1401 700 1463 sactorum
726 1398 847 1483 quidem
869 1422 985 1484 genera
1010 1400 1068 1461 tria
1090 1410 1174 1461 scrut.
1219 1398 1276 1461 Est
1298 1401 1413 1464 sactum
1430 1403 1524 1477 ittuu,
1549 1406 1586 1467 de
1611 1424 1675 1487 quo
1701 1402 1848 1487 quaestio

548 1506 613 1557 est:
643 1504 692 1557 est
714 1492 850 1569 factum,
875 1496 962 1575 quod
977 1492 1010 1555 in
1024 1492 1155 1575 negotio
1177 1502 1243 1566 est,
1267 1514 1332 1575 quo
1356 1494 1430 1557 illud
1452 1497 1585 1569 factum,
1610 1499 1648 1559 de
1666 1517 1731 1578 quo
1746 1516 1850 1577 quae-

486 1586 608 1657 rsustio
631 1597 695 1662 est,
729 1589 901 1668 probatur:
930 1600 1023 1671 atque
1042 1588 1106 1647 hoc
1127 1584 1242 1645 factum
1265 1585 1364 1647 tribus
1389 1588 1582 1671 temporibus
1605 1590 1847 1658 consideratum

480 1668 493 1680 '¹
545 1691 641 1754 unte,
665 1680 719 1756 in,
740 1693 831 1762 post.
875 1682 935 1743 Est
958 1693 988 1743 et
1011 1678 1139 1741 tertium
1161 1698 1259 1759 genus
1277 1678 1366 1753 facti,
1391 1683 1476 1761 quod
1499 1696 1586 1744 extra
1607 1680 1767 1765 negotium
1783 1689 1846 1753 est,

546 1793 587 1835 ex
608 1795 672 1855 quo
694 1772 935 1846 adiabenem,
967 1777 1004 1835 de
1029 1792 1093 1855 quo
1116 1766 1258 1851 quaestio
1277 1781 1344 1847 est,
1369 1773 1505 1837 trahitur
1528 1786 1764 1858 argumentum:
1790 1783 1845 1844 ut,

532 1865 687 1955 ,Cluentii
713 1868 830 1929 sactum
860 1878 905 1928 est
927 1865 1083 1929 iredieioie
1110 1865 1148 1925 de
1171 1884 1309 1937 veneno,
1335 1870 1422 1947 quod
1446 1870 1594 1931 occiderit
1614 1864 1846 1949 Oppianicum:

545 1960 654 2023 deiude
673 1971 762 2022 extra
782 1960 844 2023 hoe
869 1961 1028 2043 negotium
1051 1958 1133 2021 facta
1158 1957 1222 2019 eius
1252 1958 1309 2021 alia
1336 1962 1374 2021 ad
1399 1974 1631 2046 argumentum,
1661 1962 1746 2045 quod
1768 1979 1849 2039 pro·

504 2054 691 2135 inponitur,
729 2054 913 2127 trahuntur:
943 2056 1028 2135 quod
1051 2051 1164 2113 multos
1193 2061 1264 2113 aute
1291 2072 1410 2117 veneno
1435 2055 1565 2117 necarit.
1616 2056 1691 2117 Hoc
1719 2049 1846 2114 tertium

545 2147 661 2209 sactum
688 2144 720 2207 in
750 2144 905 2208 attributis
934 2158 1087 2226 par'sonae
1119 2143 1305 2224 accipimus,
1343 2144 1442 2221 faeta,
1477 2170 1583 2223 casus,
1615 2158 1645 2211 et
1670 2145 1845 2209 orationes.

547 2239 625 2301 Tria
646 2239 751 2323 itaque
773 2260 887 2324 genera
915 2239 1071 2303 sactorum
1094 2248 1183 2311 suut:
1218 2237 1334 2301 factrun
1358 2252 1421 2314 est,
1458 2245 1495 2303 ele
1519 2264 1582 2323 quo
1611 2238 1751 2324 quaestio
1777 2250 1845 2311 est;

545 2332 680 2407 iactum,
715 2354 780 2416 quo
808 2332 994 2409 infactum,
1031 2334 1112 2394 unde
1137 2329 1278 2414 quaestio
1308 2342 1371 2407 est,
1407 2336 1577 2414 probatum
1613 2334 1729 2395 facttum
1752 2344 1845 2393 extra

545 2426 721 2508 negotium,
744 2428 801 2489 sed
819 2427 858 2487 ad
878 2428 1051 2511 negotium·
1094 2424 1206 2507 ltaque
1226 2422 1342 2487 sactum
1364 2423 1458 2499 illud,
1483 2429 1520 2489 ‹le
1542 2448 1605 2511 quo
1626 2423 1766 2511 quaestio
1783 2434 1844 2499 est,

385 2586 393 2601 ,
484 2536 535 2588 tu
546 2520 705 2602 negotium
734 2519 926 2604 appellatum
980 2519 1065 2590 Huic
1095 2516 1226 2600 negotio
1260 2529 1409 2597 quattuor
1442 2520 1656 2602 principaliter
1695 2519 1846 2580 attributa

545 2613 696 2677 subiecit:
731 2636 842 2689 unum,
866 2617 951 2699 quod
972 2613 1090 2695 inipso
1113 2609 1242 2695 negotio
1262 2621 1327 2682 cst,
1351 2634 1430 2693 quae
1446 2614 1653 2679 continentia
1676 2634 1752 2675 eum
1768 2612 1847 2692 ipso

544 2709 682 2790 negotio
704 2707 891 2789 appellarim
928 2708 959 2769 id
979 2717 1044 2781 est,
1077 2704 1190 2789 quibus
1209 2703 1284 2789 illuri
1305 2701 1438 2782 factum,
1465 2709 1588 2791 dequo
1610 2705 1753 2789 quaestio
1777 2716 1844 2779 est,

543 2803 715 2883 probatur,
739 2814 770 2863 et
785 2822 864 2883 quae
885 2802 1013 2882 abipso
1032 2798 1161 2882 negotio
1185 2796 1327 2861 videntur
1348 2800 1434 2863 nullo
1457 2804 1550 2866 modo
1573 2822 1667 2883 posse
1686 2796 1846 2879 separari:

543 2896 711 2959 secuudum
735 2896 919 2957 attributum
947 2905 1011 2967 est,
1042 2892 1074 2954 io
1103 2912 1167 2974 quo
1198 2890 1269 2968 ilia,
1301 2894 1429 2976 quaein
1451 2896 1592 2978 gestione
1619 2894 1738 2978 negotii
1758 2890 1844 2964 sint,

502 2994 670 3065 2⁵,necesse
693 2999 740 3051 est
763 2987 887 3061 videre:
910 2986 993 3051 aliud
1017 2998 1064 3048 est
1085 2984 1165 3047 enim
1187 2984 1287 3065 ipsum
1311 2987 1490 3071 negotium,
1514 2990 1597 3051 aliud
1615 2988 1685 3065 itta,
1711 3007 1791 3071 quae
1813 2984 1846 3045 iu

544 3080 687 3166 gestione
712 3079 832 3163 negotii
860 3081 1077 3151 continentur:
1112 3089 1146 3139 ut
1170 3090 1267 3159 puta,
1309 3080 1456 3155 Occidit,
1494 3082 1653 3167 negotium
1682 3090 1741 3143 cst.
1805 3076 1845 3139 In

542 3176 641 3257 ipsius
667 3186 771 3237 autern
791 3173 912 3255 negotii
941 3173 1083 3257 gestione
1108 3170 1159 3233 illa
1180 3183 1268 3237 suut:
1292 3175 1356 3235 Πὶο
1377 3184 1527 3257 tempore
1547 3174 1685 3251 oceidit,
1719 3170 1847 3239 Initio

543 3270 617 3331 ioco
630 3267 764 3342 oceidit,
786 3266 1013 3339 bieitoccaeim
1027 3278 1064 3329 ut
1079 3264 1254 3339 occideret,
1270 3264 1442 3349 etreliqua,
1460 3268 1580 3351 quaein
1596 3267 1737 3352 gestione
1746 3286 1847 3347 uegu·

452 3360 458 3374 “
543 3360 580 3425 tii
600 3360 819 3424 eontinentur:
842 3362 965 3423 tertium
986 3359 1168 3421 attributum
1187 3368 1252 3432 est,
1276 3361 1364 3440 quod
1377 3359 1574 3423 aetianorum
1588 3360 1726 3443 negotio
1745 3358 1848 3419 nomi·

483 3464 659 3535 ‹ttqaturq
688 3456 751 3522 hoc
768 3473 870 3535 neque
889 3452 1048 3536 negotium
1069 3451 1220 3533 usquein
1242 3450 1384 3534 gestione
1403 3454 1540 3537 negotii,
1565 3457 1621 3517 sed
1640 3466 1729 3516 extra
1746 3473 1849 3537 nego-

464 3554 467 3557 ’
544 3546 620 3609 tium
641 3558 708 3609 est:
731 3548 793 3610 hoc
818 3548 857 3610 ab
883 3559 1011 3609 oratore
1033 3545 1183 3618 sumitur,
1207 3544 1294 3606 curius
1317 3548 1527 3629 assumptione
1553 3569 1603 3610 res
1627 3546 1698 3620 illa,
1721 3548 1759 3609 de
1784 3566 1848 3629 qna

544 3638 688 3723 quaestio
709 3650 773 3714 est,
808 3650 860 3701 aut
882 3638 990 3700 similis
1021 3650 1073 3700 aut
1095 3636 1250 3700 dissimilis
1274 3641 1549 3705 demonstrabitur.
1603 3641 1714 3724 ltaque
1743 3638 1848 3701 omnia

544 3731 688 3814 exempla
720 3732 869 3795 attributa
903 3731 1034 3815 negotio
1068 3742 1157 3794 sunt:
1191 3734 1248 3795 sed
1282 3732 1426 3814 quoniam
1463 3733 1658 3799 extrinsecus
1698 3732 1845 3806 veniunt,

543 3825 705 3889 odirenmo
725 3824 863 3909 negotio
892 3823 1112 3889 nominantur:
1143 3837 1287 3905 quartum
1305 3825 1487 3889 attributum
1508 3838 1555 3889 est
1576 3826 1724 3911 negotio,
1759 3826 1848 3909 quod

502 3930 533 3981 ³5
544 3931 665 4004 gestum
684 3918 844 4003 negotium
866 3918 1080 4002 consequitur.
1126 3918 1200 3981 Hoc
1219 3938 1345 4001 quoque
1368 3920 1566 3993 extrinsecus
1592 3931 1656 3995 est;
1680 3941 1743 3982 non
1765 3919 1846 3982 enim

541 4012 573 4076 in
596 4013 728 4097 negotio
756 4011 856 4075 velia
884 4012 1025 4096 gestione
1053 4009 1176 4092 negotii
1196 4009 1387 4086 continetur,
1416 4016 1492 4087 sed,
1524 4035 1561 4077 an
1583 4025 1657 4096 post
1683 4012 1845 4098 negotium

542 4105 728 4190 contigerit,
752 4105 985 4170 consideratur:
1023 4115 1167 4186 utputa,
1197 4104 1315 4166 factum
1340 4105 1473 4169 Milonis
1497 4108 1554 4169 hae
1575 4129 1626 4171 res
1659 4116 1849 4170 consecutae

542 4212 631 4273 stunt:
655 4212 699 4276 ut,
722 4204 760 4264 de
777 4204 887 4264 codem
908 4200 995 4264 iacto
1020 4199 1123 4282 legem
1145 4218 1258 4260 novam
1281 4200 1411 4262 Senatus
1437 4198 1523 4273 tulit;
1548 4204 1691 4275 caedem,
1714 4222 1795 4284 quae
1818 4201 1849 4263 in

542 4293 648 4374 Appia
684 4292 732 4357 via
766 4293 848 4357 facta
882 4305 981 4368 esset,
1016 4302 1126 4355 contra
1158 4312 1223 4354 rem
1256 4293 1411 4373 publicam
1444 4292 1559 4355 factam
1588 4314 1656 4357 esse
1683 4293 1848 4357 iudicavit.

501 4388 633 4451 ttHaec
653 4386 758 4450 omnia
772 4409 835 4452 nun
856 4388 888 4450 in
910 4387 1040 4471 negotio
1062 4405 1162 4469 neque
1176 4384 1206 4447 iu
1230 4386 1371 4467 gestione
1387 4385 1508 4470 negotii
1529 4397 1621 4460 srrut,
1646 4390 1702 4449 secl
1723 4400 1849 4469 gestum

542 4476 704 4563 negotium
733 4493 979 4566 consequuntur.
1024 4482 1069 4543 Et
1097 4479 1245 4563 quoniam
1270 4480 1402 4553 seimus,
1430 4493 1508 4563 quot
1534 4480 1681 4543 attributa
1715 4480 1850 4563 negotiu

542 4571 621 4649 siut,
645 4594 727 4635 nunc
747 4573 779 4636 in
797 4574 949 4659 singuiis,
974 4595 1053 4659 quae
1072 4574 1164 4637 nobis
1184 4572 1246 4635 sint
1267 4576 1306 4635 ad
1322 4583 1538 4659 argumentum
1560 4576 1717 4649 discenda,
1742 4574 1852 4639 viden-

616 4712 661 4764 17.
673 4707 791 4779 factum
809 4713 863 4778 est]
884 4708 953 4763 cod.
972 4711 1036 4763 Bas.
1055 4738 1089 4753 -
1111 4726 1166 4763 om.
1187 4717 1228 4761 est
1245 4706 1316 4764 Eud.
1337 4707 1391 4763 On.

618 4790 662 4844 18.
673 4782 809 4854 sutram,
828 4803 881 4856 quo
898 4782 1221 4857 intepretatum,
1248 4782 1335 4855 quod:
1366 4781 1414 4836 red
1432 4782 1577 4857 legendum
1596 4802 1655 4839 esse
1674 4804 1726 4855 qno
1760 4790 1849 4850 saite,

542 4873 618 4933 parer
637 4876 670 4910 ex
689 4856 743 4911 illis
763 4858 1002 4913 antecedentibus:
1030 4858 1083 4910 Est
1093 4856 1212 4928 suetum
1231 4858 1304 4929 qreod
1322 4864 1351 4910 tu
1370 4866 1484 4927 negotiu
1503 4870 1559 4923 cst,
1579 4878 1631 4931 quo
1649 4860 1720 4913 ettad
1729 4858 1852 4931 sacreum

542 4935 576 4987 de
594 4950 645 5007 quo
664 4940 789 5003 quaestio
806 4943 868 4999 est,
884 4934 1030 5005 probatur.
1049 4937 1132 4988 Caua.
1181 4932 1281 5007 (Habet
1301 4932 1359 4987 cod
1379 4934 1441 4989 Bes.
1462 4952 1514 5003 quo
1532 4934 1569 4989 td.
1591 4935 1657 5001 Oa.)

615 5011 662 5065 112.
680 5012 749 5077 stat]
769 5008 819 5065 ed.
838 5012 901 5064 Bar.
924 5040 954 5052 -
974 5018 1041 5061 sunt
1059 4996 1129 5063 bad.
1152 5010 1206 5063 Oa.

618 5082 940 5153 1s.ume,mm0eu.]
967 5085 1015 5137 Sic
1034 5082 1083 5137 cd.
1103 5084 1168 5139 Bas.
1189 5084 1228 5139 St.
1249 5080 1311 5137 ΔΜ.
1338 5114 1368 5127 -
1389 5092 1473 5155 areat,
1503 5084 1550 5138 ve!
1571 5102 1639 5155 petae
1658 5088 1715 5137 sint
1736 5089 1766 5137 in
1785 5090 1851 5137 stn-

542 5159 637 5231 gnlr’s,
656 5176 727 5213 manc
745 5180 815 5233 quae
833 5160 921 5215 notis.
940 5162 1026 5235 capp.
1046 5157 1099 5213 Οι.
