4434 5959
959 611 1052 676 LIB.
1074 613 1122 676 V.
1638 615 1700 679 373

385 751 487 818 tarios
518 762 650 817 nostros
678 751 834 836 inspicere
866 774 1001 817 vacuum
1028 751 1141 830 fuerit,
1173 751 1251 817 sciat
1271 754 1349 818 baec
1372 776 1430 821 nos
1453 777 1494 820 ex
1515 755 1700 821 Aristotelis

383 847 526 910 secundo
548 846 759 927 Physicorum
778 847 939 911 volumine
960 847 1108 911 vertisse.
1153 839 1245 930 Quane
1268 850 1390 912 tametsi
1412 850 1535 914 altioris
1556 851 1700 934 philoso-

383 940 478 1024 phiae
501 939 729 1023 disputationes
751 953 902 1026 tangunt,
930 963 994 1005 non
1015 953 1186 1005 esttamen
1209 945 1327 1006 nostris
1349 944 1462 1008 studiis
1478 945 1698 1020 invidendum,

383 1036 412 1098 si
434 1033 604 1097 rhetoricis
635 1056 762 1120 quoque
790 1057 827 1098 ac
851 1029 1021 1098 dialecticis
1044 1035 1306 1118 disputationibus
1339 1038 1582 1116 admisceamus,
1621 1058 1701 1123 quae

382 1141 457 1194 sunt
473 1127 684 1210 profundiora
706 1140 856 1206 naturae3
879 1151 982 1216 neque
1002 1128 1186 1212 pigrescere
1207 1151 1244 1193 ac
1266 1129 1410 1194 dilassari
1426 1131 1547 1196 animos
1567 1148 1726 1217 aequumt

383 1235 450 1299 est,
481 1241 562 1306 quos
584 1222 773 1287 intentiores
800 1245 837 1286 ac
866 1235 1000 1309 vegetos
1032 1223 1100 1304 ipsa
1131 1245 1236 1288 rerum
1268 1225 1456 1310 ambiguitas
1483 1237 1515 1290 et
1543 1227 1702 1290 variarum

383 1316 528 1401 cognitio
549 1317 800 1398 speculationum
825 1320 954 1382 deberet
975 1316 1124 1380 efficere:
1158 1339 1252 1402 quum
1273 1321 1459 1402 praesertim
1480 1341 1517 1384 ca
1546 1321 1702 1384 librorum

383 1422 497 1474 natura
518 1409 580 1485 sit,
614 1422 650 1473 ut
670 1415 708 1474 ad
730 1413 900 1497 legendum
927 1410 1087 1476 studiosos
1118 1421 1241 1487 teneat,
1279 1415 1398 1476 nullum
1420 1424 1517 1499 cogat
1537 1413 1701 1498 ignavum.

382 1504 538 1569 Dicamus
555 1503 672 1588 igitur,
697 1507 774 1590 quid
794 1518 926 1569 eventus
944 1504 986 1567 sit
1002 1503 1153 1568 fortunae
1172 1506 1224 1568 vel
1240 1529 1371 1591 quarum
1392 1529 1499 1571 rerum
1521 1509 1590 1572 fors
1608 1529 1703 1572 causa

384 1619 457 1662 esse
474 1597 608 1661 dicatur.
667 1600 782 1664 Omnia
811 1600 913 1684 igitur
944 1598 1025 1661 liunt
1054 1600 1107 1661 vel
1135 1597 1372 1664 immutabiliter
1400 1621 1437 1664 ae
1466 1623 1609 1685 semper,
1645 1614 1700 1679 ut,
1715 1616 1745 1666 ut

385 1694 474 1776 quod
495 1691 546 1754 sol
565 1691 689 1767 oritur3
711 1694 763 1757 vel
785 1694 928 1776 saepius,
951 1704 1005 1768 ut,
1029 1695 1117 1778 qtsod
1136 1713 1233 1775 equus
1257 1698 1437 1779 quadrupes
1456 1697 1614 1772 nascitur;
1651 1697 1704 1760 vel

384 1807 482 1860 raro,
513 1797 566 1861 ut,
610 1787 638 1850 si
667 1808 768 1871 equus
796 1809 867 1850 curn
897 1785 1035 1871 quinque
1056 1787 1110 1850 vel
1131 1788 1232 1851 tribus
1253 1789 1386 1871 pedibus
1408 1800 1613 1872 procreetur3
1649 1791 1703 1852 vel

386 1901 509 1964 acque,
547 1890 601 1956 ut,
638 1879 669 1942 in
698 1881 812 1965 quibus
840 1881 1055 1945 faciendarum
1086 1903 1193 1944 rerum
1215 1881 1292 1968 nihil
1314 1882 1470 1961 interest,
1510 1905 1574 1968 quo
1595 1883 1702 1966 potius

385 1974 583 2037 voluntatem
613 1995 795 2060 vergamus.
851 1977 959 2060 Atque
984 1974 1064 2037 illud
1091 1976 1235 2059 quidem,
1274 1977 1369 2062 quod*
1392 1999 1517 2060 semper
1534 1978 1588 2053 fu,
1626 1977 1704 2042 nihil

385 2069 485 2130 babet
512 2067 714 2148 oppositum,
752 2072 839 2154 quod
862 2070 929 2134 ullo
962 2071 1057 2132 modo
1081 2068 1173 2132 aliter
1199 2070 1267 2134 fiat.
1322 2071 1360 2134 Id
1380 2093 1478 2150 vero,
1502 2075 1590 2157 quand
1609 2089 1745 2156 saepest

390 2160 570 2244 contingit,
593 2163 689 2225 babet
710 2165 875 2227 adversum
893 2162 944 2238 id,
969 2164 1057 2247 quod
1077 2163 1180 2226 rarius
1203 2165 1330 2242 evenit;
1354 2187 1457 2251 neque
1478 2165 1558 2228 enim
1579 2165 1704 2248 saepius

385 2256 480 2319 ficret
494 2276 532 2317 ac
550 2275 615 2320 non
632 2275 777 2339 semper,
801 2257 860 2320 nisi
882 2258 1041 2321 diversum
1056 2275 1132 2318 raro
1148 2257 1292 2339 quidem,
1318 2262 1372 2322 sed
1388 2259 1556 2344 aliquando
1574 2261 1704 2344 [tamen]

385 2347 599 2432 contingeret.
658 2351 753 2431 Quod
774 2350 872 2435 igitur
893 2371 933 2413 ex
952 2350 1082 2414 fortuna
1099 2349 1153 2423 fut,
1177 2350 1210 2414 in
1236 2352 1436 2434 sempiternis
1460 2373 1524 2415 nou
1546 2365 1613 2429 est;
1636 2356 1706 2439 quis

387 2444 470 2508 euim
494 2464 569 2506 casu
588 2443 688 2508 solem
712 2446 796 2509 dicat
816 2443 919 2509 oriri?
946 2465 985 2507 ne
1006 2443 1038 2506 in
1059 2443 1097 2506 iis
1116 2443 1259 2528 quidem,
1284 2466 1364 2530 quac
1387 2446 1583 2528 frequentius
1606 2448 1704 2512 liunt:

385 2537 493 2601 nullus
526 2536 606 2599 enim
636 2559 711 2601 casu
740 2559 856 2623 equum
886 2538 1000 2602 dixerit
1021 2557 1091 2601 esse
1118 2540 1375 2622 quadrupedem
1413 2561 1471 2603 uec
1492 2561 1572 2604 vero
1595 2541 1625 2604 in
1647 2542 1749 2618 iimo

387 2649 471 2716 quae
491 2629 562 2692 ficri
583 2632 756 2716 aequaliter
777 2634 904 2696 solent:
939 2654 1011 2695 nam
1042 2653 1123 2716 quae
1146 2633 1326 2697 voluntaria
1347 2645 1437 2711 sunt,
1471 2653 1535 2696 non
1559 2634 1706 2697 videntur

388 2745 459 2788 esse
479 2722 624 2788 fortuita.
669 2727 782 2789 Restat
804 2727 919 2811 igitur,
943 2737 979 2788 ut
992 2725 1023 2787 iu
1046 2725 1082 2787 iis
1103 2724 1251 2790 fortunae
1267 2737 1398 2790 eventus
1421 2725 1481 2800 sit,
1506 2748 1585 2809 quac
1603 2729 1706 2792 carim

387 2821 482 2882 fiunt.
525 2820 649 2883 Eorum
670 2840 771 2895 vcro,
803 2841 882 2904 quae
905 2821 1004 2896 fiunt,
1033 2819 1150 2902 partim
1172 2821 1265 2884 linem
1288 2821 1423 2908 aliquem
1443 2830 1607 2902 spectant,
1631 2843 1707 2902 par-

390 2913 446 2976 tim
465 2911 604 2976 minime.
648 2910 729 2994 Quis
753 2913 835 2977 enim
858 2913 929 2976 linis
951 2933 1021 2976 esse
1042 2925 1169 2995 potest,
1193 2913 1220 2978 si
1242 2936 1364 2978 mantum
1387 2915 1574 2988 extendam,
1599 2913 1625 2976 si
1648 2936 1707 2999 ge·

389 3029 452 3070 nua
475 3007 662 3088 complicem
685 3020 779 3091 atque
804 3008 921 3094 aliquid
944 3007 1050 3070 iacens
1080 3006 1167 3070 humi
1198 3008 1330 3084 tollam,
1369 3008 1456 3093 quod
1484 3006 1576 3069 nullis
1600 3007 1750 3079 usibuses

391 3098 573 3182 applicem?
609 3103 756 3165 atvero
779 3123 834 3177 ea,
873 3122 953 3186 quac
976 3100 1114 3182 aliquem
1136 3101 1229 3165 finem
1250 3114 1415 3184 spectant,
1454 3099 1568 3184 partim
1593 3103 1708 3164 volun-

390 3193 465 3256 tatis
483 3207 574 3269 stunt,
596 3195 712 3277 partim
735 3208 883 3259 naturae:
921 3193 1113 3270 voluntatis,
1138 3207 1189 3274 ut,
1214 3196 1329 3279 siquis
1351 3194 1471 3260 idcirco
1491 3196 1587 3258 domo
1615 3215 1708 3278 egre-

390 3289 512 3363 diatur,
550 3300 584 3351 ut
607 3290 714 3352 videat
743 3290 892 3364 amicum;
930 3299 1081 3364 naturae,
1120 3300 1173 3362 ut,
1212 3292 1299 3374 quod
1322 3288 1354 3352 in
1379 3288 1563 3352 animalibus
1583 3287 1705 3364 omnia,
1765 3341 1772 3349 .

390 3403 473 3468 quae
495 3385 534 3445 ab
557 3403 593 3445 ea
615 3383 717 3458 fiunt,
747 3396 862 3447 certam
889 3381 1028 3444 aniuralis
1048 3382 1220 3464 respiciunt
1242 3382 1428 3459 utilitatem,
1459 3395 1553 3468 atque
1579 3385 1618 3445 ad
1642 3383 1708 3445 eius

389 3477 524 3540 salutem
554 3479 891 3562 conservationemque
913 3477 1051 3540 omnium
1077 3479 1293 3540 membrorum
1317 3489 1473 3541 momenta
1494 3487 1566 3540 stunt
1588 3476 1751 3542 consti-³⁰

389 3581 472 3634 tuta.
516 3569 634 3634 Casum
648 3571 747 3655 igitur
769 3592 805 3634 ac
819 3571 972 3634 fortuitos
987 3582 1119 3633 eventus
1134 3571 1165 3633 in
1180 3567 1218 3633 iis
1240 3591 1308 3634 esse
1329 3571 1493 3654 ponimus,
1518 3593 1598 3657 quae
1614 3594 1708 3655 quum

388 3663 494 3726 rarius
515 3665 614 3742 fiant,
644 3664 676 3726 in
698 3663 736 3728 iis
757 3676 861 3728 tamen
878 3685 938 3747 per
959 3664 1104 3728 accidens
1129 3664 1295 3742 eveniunt,
1331 3687 1411 3751 quae
1436 3678 1572 3748 propter
1586 3667 1710 3750 aliquid

387 3759 492 3831 fiunt3
530 3759 643 3834 veltsti,
677 3759 704 3822 si
726 3759 798 3843 quis
820 3780 969 3842 egressus
993 3761 1108 3835 domo,
1140 3770 1173 3822 ut
1192 3760 1325 3823 amicum
1345 3761 1489 3835 videret,
1513 3759 1709 3842 praeteriens

388 3854 524 3914 cadente
546 3853 683 3934 desuper
703 3852 808 3934 lapide
828 3852 909 3915 ictus
934 3863 992 3920 est.
1050 3854 1087 3916 ld
1104 3851 1224 3936 igitur,
1260 3855 1347 3937 quod
1370 3854 1494 3928 evenit,
1528 3853 1559 3915 in
1582 3853 1708 3916 rariore

389 3966 485 4008 causa
507 3949 686 4028 ponendum
709 3958 776 4021 est;
820 3947 1016 4031 accessitque
1046 3949 1085 4008 ad
1116 3947 1328 4022 voluntatem,
1360 3969 1441 4032 quae
1465 3958 1584 4011 certum
1606 3947 1751 4028 respi-ts
1793 3999 1797 4014 .

390 4039 497 4103 ciebat
517 4039 626 4104 finem.
670 4043 719 4104 Ea
743 4062 825 4104 vero
842 4040 903 4104 fuit
925 4042 1021 4104 domo
1039 4038 1221 4123 egrediendi
1243 4041 1385 4122 [caiisa],
1410 4053 1445 4104 ut
1467 4039 1599 4103 amicum
1621 4041 1709 4104 vide-

389 4146 454 4198 ret.
500 4135 642 4208 Rursus,
668 4135 815 4220 quoniam
838 4134 918 4217 lapis
936 4134 1123 4196 naturaiiter
1143 4131 1251 4218 gravis
1278 4146 1349 4210 est,
1374 4133 1514 4218 gravitas
1535 4153 1616 4198 vero
1643 4144 1708 4196 ter-

389 4250 459 4291 ra·
486 4227 584 4310 petit:
620 4251 711 4293 casus
733 4230 858 4313 quidem
884 4228 995 4310 lapidis
1016 4239 1151 4310 propter
1176 4227 1293 4314 aliquid
1317 4229 1500 4291 naturaliter
1518 4227 1622 4290 iactus
1647 4239 1707 4291 est.

390 4323 446 4385 Ad
466 4321 498 4384 id
520 4321 602 4385 enim
621 4323 732 4405 lapidis
752 4336 864 4386 natura
886 4323 1055 4396 tendebat,
1080 4333 1113 4384 ut
1135 4322 1166 4383 in
1192 4343 1282 4384 sirium
1305 4321 1409 4384 locum
1433 4313 1557 4405 pondus
1580 4319 1709 4385 veniens

392 4415 648 4499 conquiesceret.
693 4419 757 4481 Sed
775 4417 849 4479 huic
870 4415 1002 4480 naturali
1020 4414 1185 4479 intentioni
1201 4415 1314 4478 accidit
1328 4415 1379 4492 id,
1403 4417 1491 4499 quod
1511 4415 1615 4479 rarius
1633 4435 1752 4486 eve-so
1827 4449 1829 4452 ·

387 4510 453 4586 nit,
492 4509 631 4585 scilicet,
665 4521 917 4592 utpercuteret.
976 4510 1050 4590 Qtso
1072 4510 1126 4586 fit,
1158 4519 1193 4572 ut
1214 4507 1255 4572 sit
1275 4510 1404 4573 fortuna
1427 4509 1479 4571 vel
1502 4531 1593 4572 casus
1616 4529 1709 4573 causa

387 4625 451 4685 per
467 4606 611 4667 accidens
630 4602 733 4668 rarius
748 4603 958 4668 evenientium
971 4602 1002 4666 in
1022 4602 1061 4666 iis
1082 4604 1198 4678 rebus,
1223 4624 1304 4687 quae
1320 4613 1455 4685 propter
1475 4601 1591 4690 aliquid
1614 4603 1707 4666 fiunt.

388 4697 483 4776 Quae
506 4720 602 4782 quum
624 4697 667 4761 ita
689 4699 766 4774 sint,
805 4719 967 4783 qtusmque
984 4697 1131 4760 'definitio
1161 4695 1370 4762 Aristotelica
1395 4716 1412 4758 a
1439 4697 1586 4760 Tulliana
1607 4695 1709 4779 pluri·

466 4883 495 4933 2.
512 4881 645 4947 avertisse]
667 4880 754 4933 Paris.
773 4907 811 4923 ·-
827 4884 978 4931 invertisse
996 4879 1075 4932 Eine.
1095 4907 1131 4922 -
1151 4878 1311 4930 advertisse
1330 4879 1399 4934 Ven.
1418 4879 1495 4932 Basa.
1547 4884 1574 4938 5.
1603 4882 1710 4930 nostris

389 4952 455 5007 add.
474 4954 552 5008 Eine.
603 4959 630 5012 5.
646 4953 841 5025 profundiora
859 4957 996 5026 acturae]
1018 4956 1060 5006 dn
1076 4952 1276 5025 profundioris
1294 4954 1437 5005 naturae?
1483 4957 1510 5012 9.
1523 4951 1610 5023 fors]
1632 4953 1710 5006 Eine.

389 5029 458 5081 νου.
489 5057 528 5072 -·
557 5044 622 5080 sors
650 5034 745 5083 ceteri.
795 5037 840 5088 17.
870 5038 964 5082 tamen
990 5046 1047 5082 oin.
1074 5031 1152 5082 Eius.
1180 5030 1251 5086 Ven.
1278 5031 1354 5082 base.
1393 5028 1708 5098 26.sppltesturE1ne.

390 5107 437 5162 55.
458 5109 631 5176 accessitque
651 5103 895 5176 advolantium]
916 5105 993 5159 Eius.
1012 5133 1047 5148 -
1065 5109 1183 5156 secessit
1201 5121 1270 5157 uero
1289 5109 1315 5156 el
1332 5103 1478 5158 voluntat!
1498 5104 1565 5157 Ven.
1584 5103 1711 5158 Basa.—

391 5183 510 5232 eeeesstt
527 5185 622 5233 tamea
640 5195 726 5234 causo
745 5197 782 5232 ec
799 5179 945 5234 volumate
964 5182 1053 5236 Perta.
1091 5181 1137 5242 56,
1156 5196 1314 5236 cacunem.
1333 5179 1411 5238 Eius.
