4434 5959
547 546 608 617 31⁶
1085 558 1319 625 BOETHlUS

547 718 628 781 quae
650 698 740 784 quasi
763 720 922 765 converso
946 704 1040 765 modo
1064 697 1206 765 delinitio
1230 711 1290 763 est.
1334 702 1416 763 Nam
1440 700 1522 763 sicut
1542 702 1682 764 delinitio
1705 704 1866 783 explieat,

488 874 490 885 Ι
548 794 634 877 quod
656 792 805 874 implicite
828 806 901 857 uota
926 795 1088 878 designata
1112 795 1153 857 ita
1175 806 1250 859 uota
1271 793 1407 857 involvit
1422 806 1453 857 et
1468 794 1602 857 conliise
1617 796 1752 871 indicat,
1777 802 1871 881 quod

486 888 491 985 ι’
546 886 697 969 patefacit
721 898 814 971 atque
837 889 964 969 expedit
986 888 1141 951 delinitio.
1186 890 1271 952 Nota
1295 887 1487 961 verotertia
1510 887 1583 953 ideo
1605 899 1672 964 est,
1695 890 1772 973 quia
1788 891 1871 952 deli·

546 980 625 1044 nitio
648 982 851 1043 substantiam
875 993 980 1055 tenet3
1017 984 1147 1064 partitio
1176 1002 1211 1044 ea
1242 981 1435 1054 dinumerat,
1474 1003 1555 1063 quae
1577 993 1678 1043 totum
1701 985 1871 1065 composi-

522 1084 613 1136 stnm
636 1074 787 1156 iungunt:
814 1087 885 1139 nota
913 1096 989 1138 vero
1014 1075 1090 1137 nibil
1113 1074 1218 1149 efficit,
1243 1077 1298 1135 sed
1320 1086 1440 1137 tantum
1463 1074 1620 1159 designat.
1665 1077 1749 1139 Post
1772 1080 1868 1151 baec,

547 1188 627 1249 quae
653 1168 682 1230 iu
707 1167 782 1248 ipsis
803 1169 942 1232 terminis
976 1168 1195 1251 principaliter
1219 1169 1367 1242 haerent,
1401 1168 1477 1242 iila,
1514 1188 1596 1252 qnae
1625 1180 1699 1230 siant
1731 1172 1869 1243 aliecta,

547 1273 767 1325 numerantura
804 1284 886 1345 qnae
910 1262 968 1324 iam
999 1283 1061 1326 non
1095 1261 1173 1343 ipsis
1204 1262 1308 1323 insunt
1336 1260 1500 1334 terminis,
1535 1266 1592 1324 sed
1621 1264 1749 1324 eosdem
1781 1264 1872 1324 velut

546 1354 685 1417 exterius
709 1356 810 1437 posita
834 1369 1088 1441 consequuntur,
1125 1367 1218 1439 atque
1241 1356 1360 1417 idcirco
1388 1355 1489 1417 solum
1511 1356 1542 1416 in
1565 1356 1642 1437 ipsis
1663 1375 1734 1417 esse
1756 1357 1871 1418 dimin-

547 1460 615 1523 tur‚
641 1451 787 1534 quoniam
810 1448 877 1512 siue
898 1452 946 1512 bis
969 1472 1038 1513 esse
1060 1471 1124 1513 non
1147 1461 1302 1530 possunt:
1326 1470 1462 1533 quorum
1478 1448 1579 1530 prima
1594 1461 1667 1512 sstut
1682 1450 1869 1532 coniugata.

504 1547 536 1595 1⁰
550 1541 635 1604 ttihit
659 1544 738 1606 enim
758 1544 840 1605 inter
859 1540 976 1607 affecta
992 1544 1038 1606 sic
1059 1544 1240 1625 proximum
1262 1554 1328 1618 est,
1351 1565 1444 1626 quam
1465 1546 1551 1627 qnod
1574 1555 1604 1606 et
1625 1562 1662 1605 re
1683 1554 1716 1604 et
1739 1544 1869 1606 norisius

547 1636 732 1717 participat,
768 1636 827 1699 uisi
859 1638 944 1719 qnod
971 1658 1069 1718 parva
1103 1634 1237 1699 nominis
1261 1634 1433 1701 inflexione
1453 1637 1643 1720 seiungitur.
1703 1638 1787 1699 Nam
1811 1640 1867 1709 id,

547 1732 635 1812 quod
657 1729 770 1792 iustum
798 1741 864 1804 est,
897 1740 928 1792 et
950 1730 1064 1793 institia
1087 1728 1256 1811 participat
1275 1740 1306 1790 et
1327 1728 1445 1791 inflexo
1467 1730 1601 1792 iustitiae
1630 1728 1759 1793 nornine
1787 1754 1868 1792 uuu-

547 1834 699 1903 cnpatur;
724 1836 756 1887 et
778 1824 808 1885 in
830 1822 944 1887 ceteris
965 1823 1089 1907 quidem
1110 1823 1288 1907 coniugatis
1309 1822 1389 1885 idem
1413 1836 1473 1886 est.
1517 1825 1598 1886 Post
1617 1825 1697 1886 baec
1713 1845 1868 1885 annume-

546 1928 649 1978 ratum
671 1928 718 1977 est
741 1938 853 2000 genus.
910 1918 1019 1981 Germa
1042 1936 1142 1989 nero,
1177 1919 1263 2000 qnod
1287 1916 1453 1979 crainslibet
1474 1917 1694 1979 universaliter
1715 1921 1867 1979 sutsstan·

505 2009 619 2072 titiam
644 2022 816 2084 monstrat,
856 2022 887 2073 ct
921 2014 1006 2097 quod
1036 2010 1206 2073 multorum
1228 2010 1334 2091 specie
1356 2010 1556 2074 diversorum
1579 2011 1796 2073 substantialis
1819 2023 1868 2072 est

545 2102 735 2178 similitudo,
773 2104 996 2187 mropositis
1029 2102 1172 2168 terminis
1203 2103 1329 2186 longius
1358 2124 1451 2186 quam
1477 2104 1644 2187 coniugata
1666 2105 1868 2187 seiungitnr,

547 2192 637 2279 quia,
662 2197 784 2258 tametsi
808 2199 1010 2260 substantiam
1030 2208 1211 2271 monstrat‚·
1229 2208 1332 2259 tamen
1354 2218 1392 2259 ne
1411 2197 1531 2260 inflexo
1556 2198 1681 2283 quidem
1706 2201 1870 2261 vocabulo

546 2310 616 2349 curu
640 2288 762 2351 termini
787 2291 911 2353 nomine
934 2292 1121 2373 copulatur,
1159 2292 1215 2353 sed
1239 2291 1334 2375 lunge
1357 2291 1481 2373 lateque
1502 2291 1643 2354 diverso.
1698 2290 1786 2353 Huic
1813 2296 1869 2354 ad·

546 2380 650 2443 iuncta
674 2394 721 2444 est
742 2389 880 2465 species,
905 2406 997 2468 quam
1016 2385 1151 2448 lorruam
1171 2386 1201 2445 Τ
1204 2382 1296 2445 ullius
1321 2383 1512 2465 appellavit,
1537 2387 1609 2468 quia
1632 2383 1708 2445 nibil
1732 2399 1781 2446 est
1805 2397 1868 2446 tam

504 2482 537 2532 tn
547 2476 725 2558 proximum
749 2479 877 2560 generi,
902 2501 993 2563 quam
1016 2478 1151 2561 species.
1197 2476 1326 2558 Species
1350 2498 1429 2542 vero
1451 2490 1500 2541 est
1518 2478 1729 2541 susbstantialis
1752 2478 1867 2540 indivi-

546 2571 679 2633 duorum
702 2570 871 2635 similitudo
894 2585 925 2635 et
947 2576 1033 2657 quod
1055 2575 1114 2635 sub
1137 2592 1254 2649 genere
1277 2574 1419 2653 ponitur.
1477 2574 1560 2637 Post
1581 2574 1663 2634 banc
1690 2572 1868 2635 similitudo

546 2675 595 2725 est
616 2664 798 2729 constituta.
849 2667 973 2730 Etenim
1007 2676 1081 2747 post
1103 2666 1180 2728 illud
1208 2665 1309 2740 idem,
1346 2668 1433 2749 quod
1456 2665 1488 2728 in
1510 2664 1693 2728 substantiis
1715 2666 1868 2751 iutelligi-

545 2766 616 2832 tur‚
654 2758 731 2822 illud
760 2759 839 2823 idem
873 2772 958 2823 recte
994 2760 1141 2842 ponitur,
1180 2762 1267 2843 quod
1298 2760 1329 2821 in
1362 2760 1511 2845 qualitate
1540 2780 1610 2822 esse
1640 2759 1865 2839 perpenditur.

546 2850 715 2915 Paullatim
741 2874 818 2917 vero
842 2874 892 2918 res
914 2854 1022 2936 incipit
1046 2876 1061 2915 a
1085 2852 1286 2915 similitudine
1307 2857 1479 2928 recedere,
1517 2875 1576 2916 nec
1597 2854 1699 2914 statim
1722 2854 1763 2913 ad
1785 2875 1865 2914 coo-

503 2942 676 3007 ²⁵trarium
700 2947 802 3019 veuit,
827 2950 881 3013 sed
905 2947 1027 3029 priusa
1053 2946 1229 3009 differentia
1251 2948 1355 3010 locum
1379 2947 1499 3010 statuit.
1543 2950 1623 3011 Nam
1638 2958 1763 3008 remota
1778 2945 1866 3007 simi·

547 3039 676 3103 litudine
697 3040 772 3102 nibil
797 3041 878 3103 aliud
902 3043 1043 3105 occurrit
1064 3041 1153 3124 prius
1175 3040 1233 3102 nisi
1265 3039 1452 3104 differentia.
1510 3043 1592 3105 Post
1618 3042 1700 3101 banc
1731 3062 1749 3101 a
1786 3062 1866 3102 con-

545 3133 645 3197 trario
676 3133 778 3197 loctrm
809 3134 910 3213 discit,
948 3135 1066 3209 idest,
1106 3131 1280 3196 atuaaima
1304 3132 1490 3197 differentia.
1544 3135 1668 3197 Rtrrsns
1699 3136 1739 3195 ad
1765 3135 1865 3195 amica

545 3224 607 3287 sibi
638 3227 748 3289 allecta
778 3229 999 3313 convertitur,
1037 3230 1093 3291 sed
1121 3248 1184 3291 non
1215 3248 1255 3290 eo
1278 3230 1376 3292 modo
1396 3227 1513 3304 amica,
1551 3249 1616 3311 qno
1638 3238 1711 3290 suut
1731 3225 1866 3289 similia:

546 3319 693 3382 adiuncta
716 3320 797 3384 euim
819 3323 991 3403 proponit,
1015 3342 1095 3405 quae
1117 3339 1182 3385 uon
1204 3332 1275 3383 scint
1293 3322 1434 3406 integrae
1452 3319 1679 3395 similitudinis,
1704 3323 1763 3383 sed
1783 3322 1867 3383 inter

503 3422 582 3474 tuse
604 3410 709 3475 iudicii
732 3426 763 3475 et
792 3415 888 3478 rclttti
921 3416 1078 3479 cuiusdam
1109 3436 1216 3479 rerum
1249 3415 1310 3478 sibi
1339 3415 1573 3480 cohaerentium
1602 3412 1865 3498 propinquitatis.

548 3504 631 3569 Post
653 3506 794 3570 adiuncta
820 3530 897 3573 vero
921 3508 1135 3573 antecedentia
1166 3505 1291 3571 Trallius
1312 3508 1432 3590 posuit.
1487 3508 1571 3573 Post
1591 3509 1622 3571 id
1644 3506 1753 3580 enim,
1777 3508 1867 3589 quod

549 3599 657 3681 aliquo
680 3603 776 3665 modo
799 3601 936 3665 iunctum
959 3614 1023 3678 est,
1059 3601 1178 3686 aliquid
1201 3622 1329 3665 necesse
1352 3614 1399 3666 est
1422 3613 1474 3664 arn
1497 3614 1686 3664 antecedens
1708 3610 1764 3662 aut
1786 3622 1868 3663 coo·

546 3714 683 3776 sequens
705 3694 912 3778 intelligatur.
958 3696 1052 3761 Prius
1076 3696 1181 3780 itaque
1203 3697 1408 3770 antecedens,
1446 3709 1520 3778 post
1542 3715 1739 3779 consequeus
1761 3695 1867 3757 collo·

547 3799 650 3849 catum
672 3798 733 3851 est.
777 3788 858 3853 Post
879 3790 960 3869 baec
979 3788 1186 3873 repugnantia
1208 3787 1305 3864 dixit,
1330 3800 1364 3850 nt
1385 3792 1619 3872 quodammodo
1641 3789 1761 3869 duplex
1783 3790 1866 3851 ordo

426 3934 431 3947 .
503 3892 536 3941 ³5
548 3881 806 3945 contrarietatum
830 3903 868 3944 ac
888 3882 1119 3945 similitudinum
1143 3894 1339 3945 nasceretur.
1385 3883 1480 3945 Prius
1502 3883 1583 3945 enim
1598 3882 1705 3962 posuit
1722 3903 1738 3942 a
1755 3882 1861 3955 simili,

547 3996 564 4038 a
588 3975 786 4053 differentia,
824 3995 841 4040 a
864 3976 1044 4051 contrario,
1083 3984 1179 4059 atque
1207 3974 1257 4037 bic
1287 3976 1453 4039 anniversus
1482 3978 1565 4040 ordo
1591 3985 1639 4038 est
1660 3976 1808 4039 similium
1833 3986 1864 4037 et

546 4070 804 4134 contrariorum:
841 4090 951 4132 rursus
974 4070 1014 4133 ab
1037 4066 1205 4144 adiunctis,
1243 4071 1284 4131 ab
1306 4071 1563 4133 antecedentibus
1584 4080 1615 4132 et
1636 4068 1862 4151 consequenti·

545 4166 623 4239 bus,
647 4186 664 4227 a
688 4164 956 4249 repugnantibus3
980 4162 1031 4227 bic
1052 4183 1163 4227 rursus
1184 4166 1340 4225 secundus
1357 4165 1438 4228 ordo
1460 4162 1605 4225 similium
1627 4172 1658 4227 et
1680 4162 1863 4226 contrario·

545 4279 615 4320 riam
639 4278 709 4321 esse
731 4256 989 4340 deprehenditur.
1035 4258 1096 4319 Sed
1118 4256 1238 4339 primus
1263 4258 1355 4321 valde
1375 4256 1554 4321 evidentior
1576 4276 1667 4340 quam
1689 4258 1864 4331 secuudus3

504 4350 618 4432 tllplns
641 4361 690 4413 est
711 4350 791 4413 enim
813 4350 913 4414 simile
936 4371 1120 4435 essequam
1143 4351 1339 4427 adiunctum,
1375 4352 1446 4434 plns
1468 4363 1516 4415 est
1540 4350 1668 4413 differre
1689 4370 1783 4431 quani
1808 4371 1864 4412 an·

546 4445 694 4506 teccdere
714 4442 764 4506 vel
786 4442 960 4527 consequi,
998 4446 1071 4525 plus
1092 4466 1162 4508 esse
1184 4445 1377 4509 contrarium
1403 4465 1495 4530 quam
1515 4464 1709 4524 repugnans.
1764 4442 1863 4505 Etis

547 4556 607 4599 suo
640 4556 784 4617 quaeque
812 4536 950 4620 [ordine]
977 4538 1100 4620 plenam
1131 4538 1266 4601 retinent
1290 4538 1447 4603 soranam:
1486 4540 1572 4599 velint
1594 4536 1667 4621 qnia
1688 4534 1862 4598 similitudo

546 4627 815 4711 propinquitatem
841 4632 995 4712 quandam
1024 4642 1131 4693 tenere
1161 4633 1277 4707 debet,
1312 4630 1522 4715 propinquius
1545 4642 1593 4693 est
1617 4628 1669 4701 id,
1705 4632 1796 4711 qood
1818 4640 1862 4689 est

545 4720 648 4786 simile
669 4721 716 4797 ei,
755 4722 805 4785 cui
826 4720 925 4787 simile
946 4744 1015 4786 csse
1037 4722 1276 4799 consideratur,
1304 4746 1398 4809 quam
1421 4724 1472 4802 id,
1506 4726 1595 4808 qnod
1615 4720 1796 4784 adirmctum
1818 4732 1862 4784 est

624 4952 667 5008 16.
686 4948 848 5003 similitudo.
906 4948 988 5019 Quod
1018 4968 1036 5001 a
1066 4948 1143 5001 Eius.
1175 4947 1243 5000 Vera.
1275 4948 1350 5000 Bata.
1403 4948 1447 5004 25.
1480 4965 1529 4999 nec
1556 4951 1656 4999 rtatim
1675 4967 1694 4999 a
1712 4960 1858 5003 contrario

545 5024 633 5078 inciam
663 5022 759 5087 discit,
790 5024 841 5077 sed
864 5029 945 5095 prius
976 5022 1016 5076 ad
1041 5017 1232 5093 dfflrentiom
1256 5022 1277 5075 i.
1295 5030 1330 5074 st.
1352 5022 1438 5075 Paris.
1488 5028 1534 5084 38.
1553 5022 1696 5093 anteced„
1713 5045 1734 5076 ι
1752 5045 1859 5099 conseq.

545 5099 624 5154 Eine.
647 5102 714 5155 Van.
733 5100 811 5157 Bias.
849 5100 896 5157 δι’.
917 5098 1014 5153 ordine
1033 5104 1088 5153 ont.
1107 5100 1184 5155 Eine.
1203 5097 1271 5153 Vsa.
1290 5100 1377 5154 Paris.
