4434 5959
889 622 892 629 ’
926 601 1022 668 LIB.
1046 603 1110 669 lV.
1616 606 1677 672 tat

356 740 453 818 nibil3
478 751 510 804 et
524 739 718 825 legitimum
738 752 772 808 ct
790 743 1010 808 aeditimum:
1032 741 1062 806 in
1080 744 1224 826 utrisque
1238 743 1339 824 enim,
1356 746 1416 810 lea·
1429 743 1492 824 ibi',
1516 746 1619 811 cedes
1632 745 1678 810 ibi

357 836 496 920 aliquid,
530 835 653 901 timum
679 857 760 902 vero
782 837 1008 901 nihilomnino
1030 836 1188 922 designat.
1246 839 1285 902 ld
1315 861 1394 904 vero
1421 861 1553 915 nomen,
1591 841 1677 924 quod

355 942 404 995 est
423 931 672 1013 postliminium,
698 929 853 994 Scaevola
875 932 918 994 P.
951 934 992 996 F.
1015 952 1055 995 ex
1088 931 1245 996 adverbio
1268 945 1350 1016 post
1380 947 1413 997 et
1445 934 1561 998 limine
1585 943 1677 1014 putat

355 1045 425 1088 esse
447 1021 673 1105 compositum.
731 1025 814 1086 Nam
835 1025 908 1109 quia
933 1025 1075 1089 aelidem
1098 1026 1221 1102 limen,
1247 1029 1334 1113 quod
1357 1028 1504 1110 reliquit,
1523 1037 1606 1109 post
1624 1046 1677 1091 rc·

356 1117 498 1181 vertitur
518 1118 562 1193 is,
602 1116 657 1201 qui
684 1119 899 1199 postliminio
919 1119 1020 1195 redit,
1057 1119 1179 1184 idcirco
1206 1141 1248 1183 ex
1270 1121 1412 1205 astrisque
1434 1120 1702 1207 significationi-t

354 1215 415 1276 bus
444 1209 622 1273 arbitratur
642 1231 757 1274 nomen
778 1231 847 1274 esse
863 1213 1076 1276 coniunctum.
1123 1213 1338 1296 Quaecunque
1360 1213 1441 1278 enim
1460 1237 1477 1278 a
1493 1216 1584 1279 uobis
1599 1217 1676 1278 aba·

362 1308 477 1370 lienata
499 1306 539 1366 ad
559 1303 684 1366 bostem
703 1305 912 1385 perveniunt,
948 1327 1045 1388 qurum
1067 1319 1213 1370 anostro
1236 1307 1342 1370 limine
1361 1308 1514 1384 exierint,
1551 1309 1676 1390 sipost
1717 1351 1720 1362 ‚

355 1403 396 1463 ad
417 1400 499 1462 idem
519 1397 614 1461 limen
632 1409 851 1482 revertantur,
875 1399 1070 1480 postliminio
1088 1404 1233 1464 redeunt.
1264 1400 1338 1481 Quo
1354 1403 1561 1466 modoetiam
1576 1403 1676 1466 Man·

299 1507 303 1514 ·
356 1492 421 1556 cini
448 1511 544 1554 causa
573 1490 697 1552 delendi
725 1503 850 1571 potest,
885 1513 978 1574 quem
1009 1514 1103 1578 quum
1134 1493 1272 1575 populus
1294 1495 1458 1559 Romanus
1491 1493 1535 1562 ob
1560 1496 1674 1562 loedus

356 1587 439 1650 male
467 1585 565 1648 ictum
601 1584 788 1658 dedidisset,
823 1586 930 1649 hostes
964 1607 1033 1649 eum
1068 1588 1231 1668 suscipere
1262 1588 1455 1653 noluerunt:
1492 1589 1548 1673 qui
1578 1611 1672 1675 quum
1685 1602 1718 1654 u

354 1698 509 1743 reversus
536 1688 638 1753 esset,
677 1677 872 1760 postliminio
904 1681 1022 1744 redisse
1050 1680 1219 1744 videbatur
1246 1680 1387 1759 idcirco,
1426 1683 1517 1766 quia,
1551 1681 1579 1746 si
1602 1704 1672 1746 eum

356 1774 467 1836 laostes
489 1771 683 1853 recepissent
704 1775 841 1835 deditum
864 1794 882 1835 a
902 1773 1043 1849 civibus,
1077 1773 1168 1837 etiam
1190 1775 1219 1838 si
1240 1796 1371 1860 quoquo
1395 1778 1491 1842 modo
1510 1777 1550 1838 ab
1572 1775 1675 1838 bosti-

357 1869 420 1931 bus
441 1866 626 1950 effugisset,
650 1886 714 1930 non
733 1866 897 1928 videretur
918 1867 1115 1950 postliminio
1136 1889 1320 1952 regressus,
1345 1867 1399 1951 qui
1420 1868 1536 1934 iudicio
1559 1868 1675 1932 civium

359 1959 447 2024 omni
469 1959 626 2022 libertatis
648 1958 717 2022 iure
737 1959 850 2022 fuisset
871 1974 1005 2036 exiitus3
1028 1963 1254 2046 sedquoniam
1276 1984 1335 2025 nec
1357 1963 1475 2028 deditio
1497 1982 1555 2025 nec
1583 1961 1669 2024 datio

355 2075 417 2118 nec
450 2055 580 2118 donatio
613 2067 741 2136 praeter
769 2054 985 2136 acceptionem
1015 2055 1142 2118 videtur
1168 2077 1265 2138 posse
1294 2056 1492 2130 consistere,
1528 2055 1717 2133 idcirco,'tt

355 2145 414 2232 qui
434 2159 602 2230 susceptus
623 2168 688 2211 non
709 2147 767 2223 sit,
796 2168 836 2210 ne
858 2148 980 2211 deditus
1001 2149 1125 2232 quidem
1148 2149 1283 2234 intelligi
1304 2161 1426 2234 posset.
1469 2149 1571 2212 Recte
1593 2168 1674 2231 ergo

354 2241 548 2317 Mancinus,
585 2242 725 2328 quinon
746 2241 870 2304 deditus
892 2239 923 2304 in
947 2243 1103 2317 bostium,
1141 2243 1167 2307 si
1189 2263 1226 2306 ea
1248 2241 1295 2306 uti
1317 2243 1452 2319 vellent,
1482 2251 1676 2324 pervenerat

354 2345 572 2418 potestatem,
608 2356 704 2420 qurum
736 2333 770 2397 in
797 2333 933 2417 patriam
962 2335 1135 2413 remeavit,
1171 2337 1241 2401 iure
1259 2335 1456 2426 postliminio
1477 2334 1598 2400 redisse
1619 2336 1681 2399 de·.

353 2427 466 2492 lenens
487 2440 549 2491 est.

440 2520 540 2605 (Cap.
564 2523 597 2586 ll.
620 2528 652 2601 §.
675 2522 744 2602 ³8.)
765 2522 927 2608 Sequitur
946 2519 979 2585 is
999 2522 1095 2585 locus
1115 2553 1158 2566 -
1177 2557 1220 2569 -
1238 2522 1388 2604 pluendo
1409 2522 1580 2588 crevisset.
1685 2528 1718 2580 tl

443 2615 550 2697 Quum
572 2617 696 2692 locum,
719 2616 775 2701 qui
796 2616 893 2698 ipsis,
916 2618 955 2678 de
969 2615 1085 2697 quibus
1099 2615 1286 2700 quaeritur,
1309 2615 1511 2692 inhaereret,
1535 2617 1564 2680 io
1583 2624 1676 2700 quat-

354 2719 434 2773 tuor
455 2710 649 2773 differentias
670 2731 766 2793 supra
789 2709 968 2782 distribuit,
993 2729 1010 2770 a
1031 2721 1120 2785 toto,
1152 2713 1192 2772 ab
1215 2711 1450 2774 enumeratione
1471 2709 1631 2791 partium,
1656 2726 1676 2770 a

354 2813 456 2879 nota,
494 2803 534 2864 ab
564 2802 706 2879 allectis,
742 2803 891 2888 qnoniam
920 2799 1089 2885 diligenter
1117 2805 1156 2866 de
1184 2804 1404 2886 superioribus
1432 2803 1535 2866 tribus
1565 2798 1675 2884 paullo

358 2907 432 2958 ante
453 2895 626 2974 mactavit,
650 2917 734 2959 nunc
755 2907 902 2980 quartum
924 2895 1050 2975 locum,
1071 2895 1104 2958 id
1126 2907 1193 2972 est,
1217 2898 1348 2970 affecta,
1372 2896 1587 2980 persequitur.
1631 2893 1675 2956 Et

356 2989 509 3073 quoniam
531 2989 622 3054 locus
651 2992 691 3052 ab
713 2989 833 3062 allectis
854 2988 886 3051 in
906 2988 1056 3071 plurimas
1077 2989 1270 3054 differentias
1298 2990 1507 3064 solvebatur,
1540 3005 1672 3070 quarum
1685 2994 1717 3046 tt

356 3082 460 3164 prima
483 3103 500 3144 a
521 3083 699 3166 coniugatis
717 3081 888 3166 proposita
911 3093 977 3158 est,
1001 3082 1134 3164 primum
1158 3083 1298 3167 loquitur
1317 3086 1356 3147 de
1371 3079 1568 3166 coniugatis,
1592 3098 1674 3163 quae

357 3176 490 3238 multum
518 3197 537 3239 a
565 3175 729 3240 notatione
759 3197 823 3240 nou
852 3175 1015 3238 differunt.
1070 3179 1151 3240 Nam
1181 3179 1253 3262 quia
1277 3177 1398 3241 notatio
1421 3197 1460 3238 ex
1484 3173 1517 3238 vi
1538 3170 1673 3237 nominis

355 3269 513 3344 trahitur,
551 3268 689 3352 itemque
710 3267 893 3354 coniugatio
914 3268 1115 3332 similitudine
1137 3269 1285 3333 vocabuli
1307 3268 1508 3350 contineturq,
1544 3263 1674 3348 aliquod

356 3361 441 3424 inter
462 3382 497 3426 se
518 3362 616 3425 veluti
638 3362 808 3426 confinium
831 3371 950 3425 tenent.
995 3362 1060 3424 Sed
1080 3363 1143 3425 boc
1164 3361 1313 3437 interest,
1337 3360 1410 3445 quia
1426 3359 1549 3424 notatio
1571 3379 1674 3438 expro-

355 3454 474 3520 sitione
507 3455 662 3531 nominis,
696 3455 882 3539 coniugatio
903 3454 1104 3518 similitudine
1126 3455 1276 3519 vocabuli
1297 3475 1334 3518 ac
1356 3453 1553 3517 derivatione
1575 3451 1717 3534 perd-tt

356 3549 454 3613 citur.
498 3550 544 3612 Et
569 3549 719 3633 quoniam
745 3549 848 3612 facilis
880 3558 913 3612 et
932 3548 1095 3611 intellectu
1124 3561 1155 3611 et
1177 3561 1313 3612 tractatu
1341 3548 1430 3612 locus
1454 3558 1520 3625 est,
1554 3558 1674 3610 tantum

355 3661 479 3724 ponere
500 3642 617 3705 sullicit
640 3642 836 3725 exemplum,
859 3642 948 3723 quod
967 3653 1015 3704 est
1031 3641 1233 3707 huiusmodi:
1257 3643 1350 3725 Aqua
1373 3641 1479 3722 pluvia
1502 3651 1569 3714 est,
1593 3657 1675 3723 quae

356 3735 498 3817 pluendo
526 3735 692 3820 colligitur
722 3747 755 3798 et
781 3735 910 3799 crescit.
967 3736 1121 3801 Pluendo
1149 3757 1229 3801 vero
1252 3747 1346 3820 atque
1365 3735 1485 3818 pluvia
1505 3731 1674 3816 coniugata

355 3841 445 3892 sient.
501 3829 542 3892 ln
574 3849 639 3893 uno
672 3828 754 3892 enim
785 3831 960 3910 eodemque
990 3831 1148 3894 vocabulo
1178 3831 1321 3893 diversus
1343 3829 1501 3893 nominum
1523 3823 1673 3888 terminus

357 3922 569 3986 differentiam
597 3921 685 3987 lacit.
730 3923 835 3986 Item:
870 3921 927 3984 lus
949 3933 996 3985 est
1019 3942 1130 4006 aquam
1152 3924 1290 4005 pluviam
1314 3922 1437 3997 arceri,
1473 3920 1593 3992 idest,
1618 3927 1716 3990 unas

356 4015 387 4078 si
400 4015 441 4095 ‚in
468 4014 599 4078 alicuius
628 4035 709 4100 agro
737 4016 843 4098 pluvia
872 4035 953 4098 aqua
973 4017 1145 4101 colligatur
1167 4017 1251 4080 etin
1274 4017 1401 4079 alterius
1423 4033 1536 4096 agrum
1558 4010 1674 4073 defluat

356 4129 459 4194 eaque
480 4108 575 4172 ricini
596 4109 746 4194 frugibus
768 4110 913 4175 nocitura
935 4123 1141 4184 concrescat,
1166 4121 1274 4172 arceat
1295 4129 1362 4172 cam
1384 4106 1449 4170 suis
1471 4105 1585 4168 linibus
1600 4103 1670 4178 ille,

356 4201 415 4286 qui
435 4202 468 4265 id
488 4223 544 4264 sua
565 4215 655 4284 putat
676 4205 848 4277 interesse,
885 4221 924 4264 ne
946 4202 1074 4265 defluat.
1118 4202 1153 4268 Si
1173 4203 1290 4267 bravius
1309 4201 1410 4286 igitur
1431 4199 1538 4279 pluvia
1561 4215 1673 4258 creve-

354 4296 417 4370 rit,
454 4283 637 4378 quaeritur,
674 4317 714 4360 sn
736 4297 849 4359 debeat
869 4295 985 4358 arceri.
1029 4297 1273 4378 Respondetur,
1295 4293 1395 4379 inquit
1418 4291 1565 4366 Mucius,
1590 4311 1672 4374 quo·

355 4387 439 4450 niam
465 4407 547 4472 aqua
575 4389 681 4469 pluvia
711 4411 728 4452 a
755 4390 894 4472 pluendo
916 4389 997 4452 dicta
1018 4389 1077 4466 sit,
1114 4388 1244 4452 fluvium
1267 4406 1420 4472 quoque,
1456 4384 1512 4468 qui
1533 4384 1670 4466 pluendo
1681 4407 1714 4458 ιι

355 4484 513 4555 creverit,
537 4501 651 4564 aquam
673 4503 742 4570 esse
763 4483 903 4566 pluviam
925 4494 1021 4566 atque
1042 4481 1144 4546 arceri
1166 4485 1296 4545 debere.

439 4573 538 4658 (Cap.
560 4576 593 4641 ll.
616 4583 648 4654 §.
677 4576 747 4657 39.)
788 4580 904 4660 Quum
936 4589 1052 4641 cutem
1076 4598 1101 4640 o
1133 4598 1259 4661 genere
1290 4603 1331 4618 -
1352 4603 1393 4616 -
1425 4573 1574 4636 alterum
1601 4587 1671 4634 nou

351 4666 502 4732 iubetur.
1098 4707 1102 4717 >

442 4763 530 4826 Talis
551 4784 702 4848 generum
724 4764 963 4848 specierumque
984 4763 1171 4846 intelligitur
1193 4785 1261 4828 esse
1280 4773 1402 4836 nutries,
1426 4771 1473 4835 ut,
1490 4780 1586 4843 quum
1601 4755 1669 4822 col·

353 4853 498 4939 liguntur
521 4859 571 4920 vel
592 4857 686 4920 etiam
707 4858 906 4934 dividuntur,
928 4861 968 4922 ab
989 4858 1155 4920 individuis
1178 4879 1237 4939 per
1251 4857 1372 4938 species
1389 4865 1420 4917 et
1435 4873 1552 4936 genera
1568 4870 1711 4936 usqueas

431 4995 460 5050 la.
478 4992 552 5062 prend
569 4993 700 5062 reliquit,
716 5003 782 5063 post
800 4997 872 5063 rem]
892 4993 1022 5048 Orelllns.
1045 5021 1079 5035 -
1098 4991 1173 5062 quod
1186 5000 1252 5062 post
1271 4992 1400 5062 reliquit,
1425 5007 1486 5043 rev.
1505 4987 1580 5041 Elnr.
1602 4992 1669 5043 ven·

356 5065 446 5119 Pstis.
465 5092 499 5108 -
518 5069 592 5138 quod
606 5073 687 5138 prius
705 5072 834 5140 reliquit,
866 5087 924 5120 rso.
944 5069 1021 5122 Base.
1073 5072 1117 5123 17.
1142 5073 1167 5119 sl
1185 5084 1219 5118 sc
1237 5071 1281 5120 ntl
1298 5068 1414 5134 vellent]
1439 5065 1516 5118 Eine.
1536 5063 1612 5120 Bata.
1631 5085 1669 5104 ¹·

354 5146 382 5192 st
399 5159 433 5194 eo
451 5147 493 5192 nti
509 5145 614 5194 vellent
633 5146 720 5198 Parls.
738 5169 775 5184 -
793 5150 820 5196 ιι·
838 5161 872 5196 ea
891 5148 935 5197 ntl
952 5143 1068 5196 mallent
1087 5147 1156 5196 Ven.

442 5239 570 5286 Sebeliestse
585 5245 607 5288 in
622 5245 666 5288 Cis.
683 5247 729 5287 Vel,
744 5246 769 5287 V.
783 5249 804 5288 2.
1355 5213 1396 5280 22
