4434 5959
552 601 614 665 un
829 581 833 586 ’
1062 600 1348 668 vscrotuuus

499 734 502 739 ’
548 744 588 807 ιιι
611 731 677 816 hias
707 761 724 804 a
746 761 881 820 summa,
902 761 982 826 quae
1002 741 1133 805 brevem
1153 739 1404 823 propositionem
1424 739 1536 816 habet,
1562 748 1664 805 totnm
1685 725 1855 813 caunensi

548 848 583 899 ιιι
603 835 739 920 patriae
760 835 885 919 (inquit)
903 835 1057 918 proditio
1077 845 1110 898 et
1131 847 1254 898 cetera:
1291 835 1386 897 habet
1408 845 1440 896 et
1461 853 1603 914 cansam,
1626 852 1708 918 quae
1731 831 1853 914 gemina

547 940 612 1005 est,
636 926 782 1010 impulsio
797 938 827 991 et
844 927 1056 992 ratiocinatio.
1079 927 1234 1010 Impulsio
1250 937 1309 1004 est,
1332 947 1508 1010 perquam,
1531 923 1722 989 causacnius
1734 924 1853 988 lactum

546 1023 608 1097 sit;
631 1021 831 1086 ratiocinatio
853 1031 920 1096 est,
942 1041 1136 1104 perquam,
1168 1041 1261 1106 quam
1284 1024 1326 1084 ob
1348 1041 1414 1083 rem
1437 1019 1552 1084 iactum
1574 1021 1633 1096 sit,
1655 1021 1854 1082 demonstra·

523 1127 615 1183 stur.
674 1115 822 1198 Sequitur
843 1135 903 1197 per
923 1113 982 1176 tria
1004 1124 1148 1197 tempora
1170 1114 1326 1178 tactorum
1348 1113 1562 1187 enumeratio;
1597 1111 1672 1198 quid
1693 1121 1766 1173 ante
1786 1130 1854 1173 rem

546 1208 682 1282 lactum,
705 1207 779 1293 quid
799 1206 831 1270 in
850 1229 906 1283 re,
937 1207 1011 1292 quid
1032 1220 1108 1290 post
1130 1229 1197 1271 rem
1219 1207 1272 1270 sit.
1315 1205 1420 1292 Igitur
1442 1205 1604 1291 negotium
1628 1205 1793 1289 quodlibet
1815 1205 1855 1266 de

545 1301 689 1364 statibus.
732 1300 861 1364 Interim
883 1299 924 1364 sit
939 1301 1013 1365 loco
1027 1300 1187 1383 exempli:
1211 1301 1301 1366 Milo
1319 1299 1461 1371 accidia·
1481 1301 1563 1364 Νοιι
1578 1297 1713 1362 occidit.
1756 1294 1856 1360 Occi·

545 1394 597 1458 dit
618 1405 650 1457 et
670 1397 753 1459 Noa
773 1394 898 1458 occidit
919 1405 1027 1478 partes
1049 1405 1121 1457 sunt
1142 1394 1283 1476 singulae
1306 1392 1509 1476 quaestionis.
1553 1391 1615 1454 Sed
1635 1390 1695 1454 iam
1710 1393 1852 1472 parentis

546 1487 685 1563 occisio,
719 1487 854 1550 hominis
880 1487 1019 1561 occisio,
1053 1485 1173 1570 patriae
1194 1485 1353 1567 proditio,
1376 1505 1495 1548 summa
1516 1495 1576 1548 eat.
1620 1483 1712 1578 lingo
1734 1483 1852 1546 tactum

504 1580 645 1643 rosolum
668 1579 830 1664 negotium
853 1593 917 1654 est;
946 1580 1126 1663 propositio
1147 1577 1224 1642 secti
1242 1599 1311 1640 cum
1335 1598 1471 1661 persona
1493 1579 1578 1652 citus,
1611 1578 1664 1659 qui
1685 1578 1849 1662 arguitur,

546 1675 598 1737 uel
620 1675 761 1757 quolibet
782 1672 845 1754 alio
868 1677 963 1739 modo
984 1672 1130 1736 invidiam
1153 1692 1339 1752 comparans
1361 1683 1413 1733 aut
1435 1681 1605 1733 extenuans
1626 1685 1745 1733 summa
1766 1669 1851 1732 dice·

544 1779 609 1830 tur.
640 1766 684 1830 Et
706 1768 786 1829 haec
807 1778 866 1842 est,
890 1789 993 1852 quam
1006 1766 1089 1831 Cato
1111 1766 1144 1829 in
1165 1765 1247 1829 libro
1270 1786 1329 1828 suo
1345 1766 1481 1847 appellat
1496 1766 1732 1828 nirea'eaassne.
1776 1765 1853 1826 Hoc

545 1872 763 1943 argumentum
786 1861 930 1943 sequitur
952 1881 1060 1930 caussa,
1084 1881 1175 1945 quam
1198 1857 1305 1940 partiti
1327 1879 1453 1934 susnus3
1474 1875 1555 1944 quae·
1569 1857 1676 1940 utique
1698 1860 1851 1919 adversus

544 1962 709 2036 negantem
732 1953 849 2019 sactum
871 1955 970 2015 danda
991 1963 1057 2027 est,
1081 1963 1117 2014 ut
1130 1951 1243 2016 iecisse
1257 1955 1423 2016 doceatur:
1461 1949 1726 2032 Quemadmodum
1747 1962 1851 2012 antem

502 2055 696 2112 ratractetur
719 2047 767 2107 vel
790 2047 829 2108 ab
847 2054 1032 2108 accusatore
1051 2046 1101 2108 vel
1124 2049 1165 2108 ab
1181 2065 1258 2121 reo,
1288 2045 1324 2109 in
1342 2047 1480 2109 aectsndo
1502 2047 1661 2107 habemus.
1705 2042 1852 2124 Quodsi

544 2138 623 2201 alius
644 2150 742 2200 status
764 2138 859 2200 luerit
880 2149 1007 2218 praeter
1025 2138 1258 2214 coniecturam,
1293 2159 1356 2203 non
1377 2159 1470 2202 cansa
1491 2138 1566 2213 erit,
1596 2131 1775 2202 sectatio:
1810 2138 1850 2199 de

543 2231 632 2294 cstisss
660 2241 795 2294 tractatu
824 2230 855 2294 in
884 2232 1021 2294 secundo
1050 2231 1171 2296 docuit.
1229 2233 1311 2296 Post
1333 2233 1409 2298 haec
1436 2242 1611 2317 sequuntur
1635 2231 1718 2294 lacta
1744 2231 1850 2295 omnia

542 2335 631 2399 ante,
656 2324 705 2399 in,
743 2336 838 2405 post:
874 2325 907 2387 in
929 2325 1045 2408 quibus
1064 2325 1167 2387 omnia
1188 2325 1259 2398 illa,
1287 2345 1367 2407 quae
1388 2324 1418 2388 iu
1442 2324 1584 2406 gestione
1603 2324 1723 2406 negotii
1744 2325 1851 2407 posita

542 2428 631 2493 sunt,
655 2418 682 2480 si
700 2430 803 2481 tamen
824 2429 980 2500 prosunt,
1003 2429 1216 2492 assumentum
1239 2419 1417 2501 unicuique
1438 2417 1517 2482 enim
1534 2418 1620 2486 lacto
1641 2417 1723 2481 inest
1744 2417 1846 2492 locus,

500 2523 532 2572 to
543 2520 684 2592 tempus,
724 2512 855 2586 modus,
894 2513 1041 2588 occasio,
1076 2510 1223 2574 facultas.
1279 2512 1318 2574 Iu
1350 2510 1494 2596 gestione
1522 2509 1641 2595 negotii
1672 2513 1763 2575 locus
1796 2511 1850 2574 sel

542 2604 693 2667 naturalis
714 2616 762 2666 cst
784 2605 834 2666 vel
857 2604 1072 2686 qualitativas.
1127 2605 1285 2669 Naturalis
1306 2604 1396 2668 loeus
1417 2617 1487 2680 est,
1509 2626 1606 2688 quum
1629 2616 1848 2688 argumentum

540 2707 699 2777 praestat:
736 2718 799 2761 non
823 2697 885 2760 erit
905 2697 982 2760 illud
1003 2709 1219 2780 argumentum
1241 2719 1257 2760 a
1281 2699 1374 2774 loco,
1405 2701 1461 2761 sed
1483 2720 1500 2761 a
1521 2698 1685 2764 saotsltate.
1738 2697 1850 2778 Quali·

540 2791 657 2852 latirus
680 2801 782 2852 autern
797 2790 886 2854 loeus
901 2800 1039 2871 praestat
1060 2801 1276 2874 argssmentum
1295 2812 1336 2854 ex
1351 2790 1608 2874 opportunitate,
1631 2811 1710 2874 quae
1725 2810 1850 2873 oppor-

539 2885 655 2945 tunitas
677 2883 793 2968 quilius
821 2881 916 2946 rebus
937 2883 1038 2964 possit
1065 2883 1217 2968 intelligi,
1247 2885 1316 2966 ipse
1338 2883 1457 2965 posuit.
1500 2885 1640 2964 Tempus
1655 2883 1729 2965 quid
1751 2893 1846 2958 esset,

497 2982 529 3031 tt
541 2977 654 3038 dudum
678 2976 867 3061 generaliter
889 2977 1019 3041 docuit:
1052 2998 1137 3059 pars
1163 2979 1332 3062 quaedam
1351 2977 1482 3062 (inquit)
1502 2975 1727 3040 aeternitatis.
1772 2977 1850 3038 Hoc

539 3089 669 3152 quoque
690 3068 720 3132 io
744 3069 803 3132 tria
825 3081 965 3151 tempora
991 3069 1114 3146 divisit,
1151 3091 1231 3154 quae
1252 3070 1320 3152 ipsa
1344 3081 1487 3151 tempora
1510 3070 1644 3151 partitus
1672 3077 1738 3130 est:
1774 3087 1849 3130 nam

539 3162 742 3243 praeteritum
769 3163 871 3225 tribus
908 3152 1010 3227 modis¹
1042 3162 1286 3237 consideratum
1330 3181 1479 3244 praesens
1513 3183 1551 3226 ac
1580 3162 1721 3226 futurum
1750 3161 1849 3226 binis.

539 3256 660 3319 Verum
687 3259 763 3320 haec
791 3256 894 3320 omnia
916 3257 1016 3342 magis
1041 3260 1080 3320 ad
1108 3255 1322 3342 cognitionem
1346 3255 1498 3337 temporis
1530 3254 1626 3332 dixit,
1661 3259 1750 3340 quod
1770 3255 1850 3340 quid

539 3362 638 3424 esset,
659 3349 818 3413 insinuare
841 3349 1012 3431 cupiebat,
1030 3371 1124 3433 quam
1145 3362 1180 3412 ut
1198 3361 1270 3430 apta
1290 3348 1353 3412 sint
1373 3347 1404 3411 in
1423 3346 1566 3432 gestione
1584 3349 1717 3434 negotii.
1763 3349 1849 3429 Quid

496 3451 528 3502 tt
539 3460 620 3523 ergo
642 3453 748 3522 aptum
773 3443 833 3504 crit
855 3443 928 3505 hesic
943 3443 1051 3524 pat-til
1072 3444 1152 3506 Nasu
1175 3442 1247 3505 huie
1269 3443 1450 3506 attributum
1473 3453 1521 3504 est
1538 3453 1678 3522 tempus,
1703 3442 1848 3506 aestima·

538 3533 584 3596 tio
605 3534 742 3596 eiusdem
757 3533 909 3617 temporis
928 3546 961 3599 et
977 3535 1107 3600 collatio
1123 3557 1192 3598 cum
1215 3535 1377 3618 gestione,
1400 3545 1435 3597 ut
1449 3533 1498 3608 id,
1521 3538 1608 3620 quod
1621 3534 1741 3599 lactum
1755 3533 1847 3610 dicis,

538 3644 579 3687 eo
600 3631 766 3707 tempore,
789 3647 830 3688 ex
851 3648 915 3710 qno
938 3640 1157 3709 argumentum
1180 3628 1293 3702 sttmis,
1325 3627 1394 3690 lieri
1415 3625 1558 3710 potuisse
1581 3627 1736 3690 videatur.
1780 3627 1851 3690 lta·

537 3739 599 3802 que
621 3712 667 3781 sic
687 3719 749 3783 ait:
772 3722 867 3785 Nam
886 3741 987 3804 saepe
1012 3733 1149 3804 oportet
1169 3721 1358 3786 commetiri
1381 3743 1458 3786 cum
1479 3733 1630 3808 tempore
1658 3719 1849 3804 negotium.

538 3811 675 3879 Occasio
698 3823 803 3876 autem
820 3813 1041 3896 opportunitas
1063 3827 1111 3876 est
1122 3819 1271 3899 quaedam
1287 3815 1442 3896 temporis
1463 3815 1502 3878 ad
1518 3812 1633 3896 aliquid
1647 3812 1847 3876 laciendum:

491 3905 614 3970 tthaec
635 3907 857 3987 opportunitas
882 3909 983 3970 tribus
1007 3906 1106 3971 modis
1129 3909 1358 3972 consideratur.
1410 3909 1529 3973 Modus
1555 3914 1667 3970 asstem'
1682 3917 1750 3980 est,
1783 3927 1849 3992 quo

535 4016 597 4059 non
620 3998 720 4063 solnm
745 3998 862 4064 sactum
892 3999 1070 4074 indicatur,
1104 4004 1160 4063 sed
1188 4001 1447 4085 quemadmodum
1476 4001 1614 4064 iactum:
1650 3999 1705 4085 qui
1734 4003 1848 4063 modus

533 4099 565 4151 et
586 4091 719 4154 animum
741 4089 874 4170 indicat,
906 4091 1030 4167 idest,
1060 4092 1268 4158 voluntatem.
1319 4093 1479 4158 Dividitur
1501 4104 1604 4158 autem
1624 4111 1684 4176 per
1705 4096 1845 4175 pruden-

621 4316 650 4372 lt.
670 4333 754 4369 emesa
774 4315 864 4388 catus]
892 4315 965 4377 cod.
994 4319 1055 4372 Bas.
1079 4318 1121 4372 St.
1146 4318 1207 4375 dld.
1233 4339 1270 4377 :
1294 4323 1372 4372 euius
1395 4336 1481 4372 eausa
1510 4320 1573 4374 dec.
1593 4321 1694 4373 llnrsns
1714 4319 1802 4393 capp.
1826 4335 1844 4372 e

529 4395 619 4457 cont,
638 4408 690 4464 qus
709 4408 777 4466 opos
796 4409 856 4445 esse
875 4409 931 4445 non
951 4392 1067 4448 vldstnr.
1086 4395 1140 4450 Οι,

621 4471 649 4523 7.
665 4473 809 4534 negotium
828 4467 967 4538 quodlibet
985 4467 1019 4520 de
1030 4469 1162 4537 statibus]
1184 4467 1305 4544 Supple,
1321 4467 1369 4538 lit,
1388 4473 1526 4539 nasettnr,
1545 4465 1671 4544 proesdtt
1690 4483 1745 4523 cet.
1758 4467 1844 4524 Cass.

528 4539 602 4613 (Nisi
622 4559 687 4594 vero
707 4541 810 4594 escldlt
829 4547 883 4592 ast.
902 4541 969 4614 Os.)

603 4617 647 4672 16.
665 4631 703 4670 κ
721 4617 822 4686 αἱιᾳιιὲε
840 4616 909 4674 Cod.
931 4618 993 4672 llas.

603 4687 674 4742 tttt.
693 4695 893 4760 coniecturam]
914 4692 946 4745 ld
965 4709 1023 4762 ess,
1038 4692 1250 4746 comesturalem
1262 4701 1384 4761 statum,
1404 4697 1433 4748 ln
1451 4709 1506 4766 qno
1522 4690 1651 4748 videlicet
1668 4691 1737 4747 iacti
1756 4707 1843 4766 qaae·

527 4767 582 4816 ιιιο
602 4769 764 4818 tnstttntsnr.
785 4766 872 4823 carr.

601 4843 646 4898 19.
665 4845 854 4909 assumentur]
873 4839 941 4897 eod.
961 4843 1026 4898 Bas.
1045 4869 1080 4885 -
1098 4852 1279 4896 assumuntur
1295 4841 1366 4898 Edd.
1384 4842 1439 4897 On.

599 4915 646 5040 29.
662 4916 803 5063 garriebat]
834 4917 981 4991 Perpernam
1009 4918 1114 4972 edltntn
1140 4934 1202 4974 erat
1230 4917 1384 4992 saepiebant.
1415 4919 1503 4973 Caes.
1548 4919 1645 4987 (Recte
1674 4912 1744 4971 Coti.
1775 4915 1843 4972 Bas.

525 4991 601 5058 caspie
619 4997 661 5042 at.

601 5068 647 5124 50.
667 5069 749 5133 σιμ]
767 5081 808 5119 οο
824 5083 894 5118 vero
912 5065 980 5120 cod.
1000 5067 1064 5120 llas.
