4434 5959
952 608 1045 675 Lm.
1068 609 1101 675 1¹.
1618 614 1679 682 tat

364 750 528 827 civitatem
550 752 607 816 sed
628 772 711 817 nunc
730 748 904 819 similitudo
927 770 991 815 non
1013 748 1177 815 convenit.
1219 749 1332 815 Locus
1353 750 1435 816 enim
1457 762 1525 828 est,
1555 774 1597 819 ex
1614 777 1682 839 qno

364 848 508 924 ducitur,
531 846 563 911 id
585 859 652 923 est,
690 846 722 910 in
743 844 809 933 'quo
827 855 1047 929 argumentum
1071 854 1120 908 est
1142 842 1293 926 positum.
1338 845 1434 927 Quod
1457 845 1487 909 si
1503 846 1569 911 loci
1590 850 1683 913 locus

252 1010 253 1023 q
365 963 434 1006 esse
457 950 570 1025 posset
596 952 628 1005 et
649 940 694 1015 is,
732 940 786 1023 qui
804 944 852 1004 est
869 941 900 1003 iu
917 940 1008 1021 ipso,
1041 939 1080 1001 de
1106 958 1172 1023 qno
1197 935 1322 1021 agitur,
1354 960 1430 1017 eoa,
1469 939 1619 1023 quisunt
1640 964 1684 1007 ex

363 1046 436 1101 toto
460 1036 512 1099 vei
534 1054 575 1099 cir
606 1026 749 1117 partibus
770 1034 820 1099 vel
842 1056 884 1097 ea
908 1042 986 1097 nota
1007 1030 1060 1095 vel
1087 1050 1129 1094 ex
1153 1029 1294 1106 affectis,
1331 1032 1420 1095 velut
1439 1033 1566 1118 qnidam
1591 1037 1682 1101 loeus

253 1134 254 1137 ’
363 1129 557 1193 includeret:
581 1148 644 1191 non
668 1138 773 1191 essent
792 1149 832 1192 ex
853 1138 944 1203 toto,
967 1122 1193 1205 expertibus,
1216 1144 1258 1186 ex
1280 1134 1374 1199 nota,
1398 1145 1440 1190 ex
1462 1127 1585 1191 affectis
1602 1128 1707 1205 loci,t

361 1225 418 1287 sed
438 1232 642 1307 argumentor
665 1220 812 1305 qnoniam
832 1220 863 1284 in
881 1241 922 1285 eo
944 1221 1112 1283 haererent
1130 1217 1229 1293 ioco,
1251 1216 1355 1301 quiin
1378 1240 1419 1283 eo
1441 1220 1531 1304 ipso,
1554 1224 1594 1285 de
1614 1242 1682 1305 quo

362 1316 494 1401 agitur,
523 1313 661 1378 termino
694 1334 763 1377 esse
792 1314 976 1396 praedictus
1004 1322 1065 1375 est.
1123 1312 1200 1375 Non
1226 1309 1327 1396 igitur
1348 1312 1438 1376 locus
1460 1334 1529 1378 esse
1562 1314 1684 1398 poterit

252 1438 263 1498 5²
361 1407 447 1483 loci,
471 1410 526 1470 sed
546 1407 632 1471 vetuit
646 1427 763 1491 genera
784 1408 933 1490 quaedan'i
954 1405 984 1468 iii
1006 1403 1145 1487 species,
1169 1403 1214 1467 ita
1229 1426 1312 1467 nune
1326 1404 1362 1469 fii
1382 1404 1497 1471 divisio
1513 1409 1682 1482 locorume

361 1524 423 1567 nec
452 1502 517 1565 boo
541 1499 689 1583 superius
723 1499 813 1563 dietis
842 1499 985 1563 videatur
1010 1518 1079 1561 esse
1106 1497 1318 1573 contrarium,
1356 1520 1452 1580 quum
1473 1512 1507 1562 et
1531 1503 1683 1565 maximas

361 1592 605 1678 propositiones
627 1605 659 1655 et
679 1613 786 1655 earnin
809 1590 1000 1665 differentias
1023 1593 1222 1658 continentes
1243 1593 1403 1656 communi
1424 1593 1549 1659 nomine
1571 1595 1679 1678 appel·
1695 1600 1725 1654 it

252 1722 262 1761 ,ι
362 1689 500 1753 ierimus
520 1686 625 1751 locos.
669 1688 749 1749 Nam
773 1684 925 1749 maximae
946 1685 1188 1768 propositiones
1207 1684 1280 1750 iicet
1301 1706 1341 1750 eo
1356 1686 1448 1769 ipso,
1471 1690 1560 1770 quod
1581 1689 1682 1751 inaxi.
1796 1716 1802 1725 -

362 1802 434 1845 uiae
456 1780 537 1857 sint,
569 1778 730 1843 includant
752 1790 876 1841 ceteras
896 1790 928 1843 et
952 1790 1108 1842 vocentur
1129 1778 1215 1855 loci,
1250 1789 1371 1855 tamen,
1395 1780 1467 1862 quia
1490 1796 1562 1849 sunt
1582 1782 1684 1847 notis·

252 1870 255 1950 ’ς
362 1875 485 1950 simae,
510 1884 642 1955 possunt
664 1875 760 1935 rebus
782 1870 883 1947 dubiis
906 1893 975 1935 esse
993 1881 1198 1955 argumento.
1243 1872 1318 1935 lure
1341 1872 1440 1956 igitur
1461 1896 1569 1941 earum
1591 1878 1683 1941 diffe-

252 2012 262 2047 ,
363 1967 488 2033 rentiae
510 1966 575 2032 doci
596 1966 817 2043 nominantur,
846 1967 931 2047 quod
953 1963 985 2026 in
1006 1964 1152 2029 locorum
1174 1965 1342 2048 speciebus
1363 1967 1454 2031 aliter
1474 1990 1545 2033 sese
1565 1970 1680 2046 babet,

363 2082 448 2145 quac
470 2080 604 2142 prorsus
627 2070 810 2142 argumenta
836 2079 905 2122 esse
929 2078 992 2122 non
1013 2070 1169 2139 possunt:
1195 2080 1264 2122 nain
1283 2061 1314 2124 io
1337 2060 1408 2161 ipso
1430 2061 1519 2125 iocus
1544 2063 1629 2127 veluit
1650 2062 1682 2125 in
1696 2075 1727 2127 tt

252 2200 259 2237 =
363 2155 491 2236 species
520 2154 669 2235 quasdam
703 2150 853 2215 dividitur
880 2152 911 2213 in
934 2172 1009 2227 eos,
1045 2152 1100 2236 qui
1122 2164 1194 2215 suot
1214 2174 1256 2217 ex
1277 2164 1369 2230 toto,
1392 2175 1433 2217 ex
1455 2157 1617 2237 partibus,
1642 2180 1685 2221 ex

363 2258 461 2323 nota,
486 2268 527 2309 ex
550 2244 682 2309 affectis.
726 2246 816 2311 Unus
838 2244 971 2329 quisque
993 2244 1074 2309 enini
1097 2247 1212 2309 horum
1233 2247 1379 2311 locorum
1400 2248 1494 2329 priini
1518 2250 1582 2315 loci
1602 2250 1685 2314 inte·

252 2390 254 2425 ,
363 2362 461 2425 grum
479 2338 604 2403 videtur
628 2338 714 2401 serre
737 2338 945 2403 vocabulum:
969 2359 1039 2400 naiu
1062 2352 1097 2401 ut
1112 2339 1269 2404 bominem
1291 2340 1407 2405 animal
1429 2341 1572 2420 dicimus,
1594 2345 1685 2409 item·

363 2455 430 2519 que
460 2454 574 2516 equium
606 2444 700 2515 atque
729 2432 845 2495 hovem
868 2431 1008 2495 animalia
1032 2452 1267 2513 nuncupamus,
1304 2432 1400 2496 sicis
1421 2433 1531 2512 locus,
1567 2437 1685 2522 quiex

252 2575 261 2592 .
364 2540 438 2591 toto
462 2537 530 2601 est,
554 2525 585 2589 in
607 2524 678 2608 ipso
700 2545 769 2588 esse
791 2524 925 2602 dicitnr,
954 2526 1104 2608 itemque,
1128 2526 1182 2609 qni
1203 2548 1245 2590 ex
1265 2525 1412 2608 partibus
1434 2549 1473 2591 ae
1492 2541 1569 2596 nota
1590 2544 1684 2614 atque
1695 2544 1729 2593 tt
1747 2586 1754 2591 .

252 2596 260 2707 Ξ
365 2642 408 2683 eii
430 2620 566 2695 affectis,
590 2618 621 2681 in
643 2617 715 2701 ipso
739 2631 822 2683 sunt.
866 2620 930 2682 Sed
951 2642 991 2681 ex
1013 2618 1061 2681 hia
1084 2630 1269 2704 argumenta
1290 2620 1417 2705 quidem
1438 2622 1510 2687 duci
1531 2624 1685 2707 possibile

252 2766 254 2799 ,
365 2726 438 2791 eat,
463 2714 529 2795 ipsa
554 2733 632 2777 vero
655 2724 839 2795 argumenta
862 2725 897 2775 ut
919 2712 996 2789 sint,
1021 2711 1091 2775 fieri
1113 2712 1235 2797 nequit.

453 2804 551 2888 (Cap.
575 2805 606 2869 2.
629 2810 661 2882 §.
685 2806 733 2883 9.)
775 2806 842 2871 Sed
862 2806 909 2869 od
928 2806 966 2870 id
985 2816 1094 2869 totum
1115 2838 1159 2853 -
1177 2840 1220 2852 -
1240 2805 1330 2871 iuria
1348 2806 1459 2871 civilis
1478 2810 1635 2875 scientio.

453 2902 535 2965 Post
556 2900 710 2963 iocorum·
723 2898 868 2964 bifariam
892 2898 1095 2975 divisionem,
1120 2899 1245 2982 inipso
1266 2900 1406 2979 scilieet,
1430 2904 1469 2965 de
1484 2924 1550 2988 qno
1564 2904 1684 2987 agitur,

367 3006 401 3059 et
425 2994 622 3057 extrinsecus
644 2992 840 3075 positorum,
865 2992 1000 3076 partitus
1023 3003 1069 3055 cst
1092 3014 1162 3055 euin
1185 2994 1311 3070 locum,
1340 2995 1394 3079 qui
1416 3012 1464 3059 est
1483 2996 1516 3059 in
1537 2997 1630 3079 ipso,
1653 2999 1728 3063 ints

368 3098 523 3173 qiiattuor
546 3088 704 3161 membra,
729 3086 761 3149 id
782 3096 848 3161 est,
872 3107 890 3148 a
913 3098 1005 3161 toto,
1030 3086 1201 3168 apartium
1216 3089 1470 3164 enumeratione,
1495 3104 1619 3167 anota,
1644 3094 1685 3156 ab

252 3192 260 3273 '‚
368 3182 508 3247 affectis.
559 3183 654 3245 Nunc
685 3179 783 3267 igitur
805 3190 877 3243 ante
907 3201 999 3262 quani
1030 3179 1147 3244 dividat
1175 3204 1246 3244 enin
1275 3182 1401 3257 locum,
1429 3204 1523 3267 quein
1544 3188 1587 3247 ab
1606 3187 1688 3250 affe·

254 3336 259 3365 ‚
368 3276 430 3341 ctis
451 3297 520 3340 esse
542 3274 729 3357 proposuit,
753 3274 953 3356 superiorum
976 3273 1089 3349 trium,
1122 3295 1204 3358 qnos
1225 3275 1257 3338 in
1279 3278 1382 3358 priino
1403 3275 1527 3340 interim
1550 3290 1688 3343 tractato

369 3369 495 3435 minime
518 3368 676 3432 divisimus
698 3379 764 3445 est,
788 3370 844 3431 sed
865 3366 1044 3431 individuos
1058 3366 1249 3445 relicturus,
1274 3370 1419 3451 exempla
1433 3372 1597 3453 supponit.
1642 3371 1688 3435 Hi

253 3500 254 3511 i
368 3486 451 3529 vero
472 3474 546 3528 sont
568 3483 583 3524 a
607 3472 697 3537 toto,
720 3483 737 3523 a
759 3462 920 3543 partibus,
944 3480 960 3521 a
983 3472 1072 3525 nota.
1116 3463 1168 3525 Ae
1189 3463 1230 3525 de
1251 3483 1292 3528 eo
1311 3463 1435 3547 quidem
1450 3464 1544 3541 loco,
1569 3465 1623 3549 qui
1638 3478 1730 3536 estro

369 3582 387 3623 a
412 3568 496 3633 toto,
520 3556 562 3619 ita
586 3555 742 3637 disputat:
767 3558 877 3631 'l'iiuc,
909 3553 1032 3637 inquit,
1064 3552 1205 3617 duciinns
1226 3576 1245 3619 a
1267 3566 1338 3622 toto
1360 3554 1464 3621 locuni
1488 3560 1686 3641 argumenti,

369 3652 498 3736 quando
519 3660 619 3713 totum
647 3648 742 3723 itum,
767 3652 852 3733 quod
873 3647 904 3711 iu
927 3644 1111 3730 qiraestioue
1132 3648 1269 3729 positum
1292 3660 1360 3723 est,
1396 3650 1578 3715 definitione
1599 3674 1689 3717 com·
1716 3712 1721 3721 .

369 3744 557 3828 plectimur,
581 3764 663 3826 quae
685 3741 825 3806 definitio
848 3741 895 3805 rei
917 3740 1048 3817 dubiae,
1079 3743 1119 3805 de
1140 3764 1201 3825 qua
1223 3742 1349 3827 agitur,
1373 3742 1450 3807 sarit
1470 3745 1576 3810 fidem.
1626 3748 1690 3811 Sed

252 3826 254 3843 ¹
370 3836 513 3903 definitio
536 3837 654 3910 omnis,
686 3847 720 3898 ut
742 3834 886 3918 superins
907 3856 1036 3919 quoque
1059 3833 1176 3897 dietiun
1198 3848 1264 3911 est,
1299 3835 1354 3912 id,
1384 3838 1472 3921 quod
1494 3840 1620 3903 nomine
1640 3840 1690 3903 io·

370 3932 482 3997 voiuie
504 3930 705 4014 designatur,
742 3928 866 3995 evotvir
886 3940 918 3991 et
940 3926 1097 4009 explicata
1131 3941 1226 4012 atque
1247 3927 1320 3993 ideo
1342 3951 1407 3993 non
1429 3930 1601 4009 terminos,
1633 3934 1732 4016 quies

371 4025 404 4090 iii
426 4023 607 4089 definitione
629 4022 779 4105 ponitur,
803 4023 858 4084 sed
881 4042 961 4105 quae
982 4020 1015 4083 in
1037 4022 1107 4103 ipso
1129 4034 1215 4096 sirnt,
1239 4036 1371 4103 possunt
1387 4024 1581 4105 argumentis
1595 4047 1690 4107 prae·

371 4131 459 4184 stare
496 4117 668 4185 inateriaui.
728 4117 808 4179 Sunt
842 4125 945 4177 autem
981 4114 1012 4177 in
1044 4134 1110 4181 urio
1144 4136 1273 4201 quoqne
1304 4116 1456 4197 propriae
1477 4116 1689 4183 definitiones.

252 4186 254 4217 ι
372 4210 532 4277 Definitio
551 4210 632 4273 enirn
657 4220 705 4273 est
728 4209 830 4275 oratio
852 4207 1057 4271 substantiam
1081 4208 1343 4292 uniuscuiusque
1363 4208 1569 4293 significans:
1602 4215 1691 4294 quod

373 4306 400 4370 ii
418 4308 458 4368 ab
481 4326 680 4389 unaquaque
700 4325 736 4368 re
759 4302 889 4387 propria
910 4301 1082 4365 substantia
1105 4322 1169 4365 non
1187 4302 1317 4376 recedit,
1340 4322 1380 4364 ne
1401 4302 1543 4368 definitio
1564 4304 1690 4388 quidem

373 4398 510 4463 recedit.
562 4400 621 4461 Est
643 4418 725 4482 ergo
748 4395 891 4459 definitio
914 4392 945 4455 in
967 4394 1037 4476 ipso
1059 4393 1214 4470 termino,
1239 4397 1276 4457 de
1298 4416 1364 4479 quo
1386 4395 1511 4478 agiture
1534 4419 1615 4481 quae
1637 4402 1690 4461 de·
1703 4418 1735 4468 tt

373 4492 477 4557 finitio
500 4504 599 4557 totuin
622 4492 790 4557 terminum
813 4509 939 4553 necesse
961 4498 1008 4552 est
1029 4490 1294 4570 comprehendat,
1327 4510 1429 4574 neque
1457 4490 1537 4552 enirn
1565 4504 1692 4571 partein

374 4588 586 4662 substantiae,
611 4588 667 4649 sod
691 4584 787 4649 totius
810 4580 934 4647 termini
956 4582 1162 4646 substantiam
1180 4593 1348 4647 monstrat.
1395 4585 1460 4646 Sed
1481 4588 1628 4666 quioniam
1650 4608 1692 4649 ex

376 4700 413 4743 ea
437 4679 619 4743 definitione
641 4678 719 4743 tides
737 4678 772 4741 m
794 4676 841 4739 rei
862 4672 993 4751 dubiae,
1027 4675 1161 4738 trabitur
1182 4696 1223 4739 ea
1244 4674 1425 4739 delinitione
1454 4690 1692 4760 argumentareris

375 4792 459 4857 qnae
480 4773 622 4837 definitio
651 4774 681 4837 in
711 4773 782 4854 ipso
804 4766 939 4833 termino
961 4779 1024 4842 est,
1060 4770 1098 4833 de
1120 4789 1186 4852 qno
1209 4767 1332 4851 agitur,
1356 4768 1473 4831 eteius
1496 4770 1619 4833 termini
1642 4783 1690 4835 to·

375 4877 439 4929 tum
462 4876 523 4931 est.
568 4868 681 4949 ltaque
705 4874 941 4947 argumentum,
966 4863 1093 4944 quoda
1116 4860 1298 4924 definitione
1320 4862 1461 4938 ducitur,
1486 4864 1527 4925 ab
1548 4884 1588 4926 co
1604 4865 1738 4931 duri-tt

376 4968 430 5021 tur
463 4958 556 5033 loco,
588 4958 641 5043 qui
672 4959 704 5021 in
735 4956 805 5040 ipso
836 4951 969 5017 termino
992 4966 1059 5029 est,
1096 4954 1203 5039 quiin
1226 4954 1411 5039 quaestione
1434 4957 1692 5022 esteolioeatus.

379 5050 611 5136 sedquoniam
642 5050 731 5115 multi
755 5049 818 5114 ioci
839 5056 911 5110 sunt
933 5044 962 5107 iii
986 5044 1078 5128 ipso,
1115 5046 1167 5111 bic
1188 5049 1279 5114 locus
1301 5069 1319 5111 a
1341 5061 1412 5113 toto
1435 5060 1495 5111 est.
1539 5046 1694 5113 Detiiiiiio

377 5144 459 5209 enirn
482 5154 584 5211 totum
606 5144 770 5210 terminum
804 5138 1065 5225 comprehendit,
1098 5152 1193 5225 atquo
1213 5140 1263 5218 id,
1293 5144 1382 5225 qnod
1402 5141 1546 5206 involute
1568 5142 1695 5207 nornine

1420 5434 1463 5497 Ι
