4434 5959
949 600 1041 666 LIB.
1065 600 1131 665 111.

832 1176 1255 1269 BOETHIl

641 1400 1440 1482 COMMENTARIORUM

852 1616 995 1681 LIBER
1018 1614 1233 1680 TERTIUS.

472 1956 653 2037 Antequam
683 1951 829 2015 latiorem
860 1952 921 2015 M.'
937 1952 1037 2015 'l'ullii
1070 1948 1255 2014 divisionem
1285 1951 1325 2012 de
1346 1950 1535 2013 enumeratis
1556 1949 1701 2030 superins

383 2048 466 2113 locis
487 2048 677 2133 aggrediar,
702 2067 820 2127 parics,
846 2058 880 2108 ut
901 2066 969 2109 sum
991 2044 1171 2127 pollicitus,
1195 2046 1235 2107 de
1259 2042 1290 2104 vi
1308 2054 1403 2127 atque
1421 2044 1534 2106 ordine
1555 2043 1700 2106 locorum

385 2142 460 2207 anilii
484 2143 630 2204 videntur
649 2126 721 2203 'esse
745 2142 926 2215 tractanda,
952 2150 986 2202 ut
1008 2158 1118 2201 eorum
1133 2148 1245 2200 natura
1266 2136 1448 2221 diligentius
1469 2137 1598 2221 cognita
1621 2134 1698 2198 laei-

384 2236 448 2300 lior
468 2255 502 2298 se
524 2243 783 2317 argumentorum
806 2232 899 2313 eopia
921 2231 1149 2296 subministret.
1180 2231 1323 2295 Primum
1343 2230 1455 2316 igitur,
1476 2229 1623 2315 quoniam
1639 2226 1703 2291 loci

386 2348 497 2393 omnes
519 2325 612 2389 divisi
634 2338 707 2389 sum
729 2324 758 2387 iu
782 2346 858 2400 eos,
883 2325 938 2411 qui
959 2326 990 2389 in
1011 2324 1083 2406 ipso
1106 2325 1295 2403 haererent,
1316 2327 1354 2387 de
1375 2344 1442 2409 quo
1464 2322 1648 2407 quaeritur,
1671 2326 1728 2383 etl

385 2422 417 2485 in
439 2442 514 2495 eos,
539 2418 595 2503 qui
609 2420 806 2483 extrinsecus
821 2430 1074 2490 assumerentur,
1098 2418 1267 2480 videndum
1282 2428 1348 2492 est,
1372 2416 1496 2500 quinam
1512 2415 1607 2478 sintii
1625 2414 1701 2489 loni,

387 2512 495 2599 quiin
524 2513 594 2594 ipso
624 2512 772 2586 haerent,
805 2514 843 2575 de
865 2532 930 2596 quo
952 2506 1216 2596 quaeritur,='vel
1238 2511 1313 2593 quid
1334 2514 1374 2574 ab
1397 2510 1473 2593 ipsis
1496 2510 1619 2593 [rebus]
1641 2507 1703 2570 dil·

383 2609 505 2681 lernnt,
529 2605 561 2669 in
584 2605 696 2690 quibus
715 2606 848 2668 haerere
864 2606 1024 2668 dicuntur.
1068 2605 1179 2687 Atque
1198 2604 1277 2667 illud
1297 2604 1421 2687 quidem
1445 2601 1624 2685 planissime
1645 2620 1702 2663 ex·

386 2700 525 2785 peditum
549 2710 614 2774 est,
649 2698 737 2780 ipsos
770 2696 831 2761 dici
860 2698 1011 2762 terminos
1033 2697 1125 2773 illos,
1162 2698 1215 2783 qui
1247 2698 1280 2761 in
1302 2696 1490 2783 quaestione
1511 2704 1701 2758 versanturt

385 2794 499 2859 horum
530 2814 599 2856 esse
625 2792 758 2855 alterum
788 2792 1020 2873 praedicatum,
1052 2792 1187 2855 alterum
1212 2813 1292 2855 vero
1321 2790 1515 2865 subiectum,
1552 2786 1746 2869 'superioris

387 2885 548 2968 expeditio
566 2884 729 2967 patefecit.
774 2886 887 2949 Abeo
908 2885 1008 2969 igitur
1029 2885 1183 2960 termino,
1208 2888 1327 2969 dequo
1350 2886 1476 2969 agitur,
1500 2880 1575 2965 qnid
1596 2880 1703 2942 differt

385 2980 476 3045 locus
498 3001 516 3043 a
538 2978 632 3043 toto?
655 2980 780 3065 quando
803 2979 928 3063 quidem
950 2978 1030 3042 idem
1054 2990 1101 3042 est
1122 2980 1224 3061 ipsum
1239 2980 1411 3063 essequod
1426 2988 1542 3039 totum.
1587 2974 1703 3056 Neque

384 3075 468 3140 enim
496 3085 544 3137 est
576 3072 677 3147 eliud,
717 3094 784 3137 esse
815 3072 986 3158 quemlibet
1015 3073 1180 3135 terminum
1214 3072 1244 3134 in
1268 3070 1453 3155 quaestione
1474 3065 1699 3152 propositum,

386 3188 479 3251 quam
502 3178 603 3230 totum
626 3187 696 3247 ess-e
717 3165 883 3229 terminum
906 3167 1056 3241 eundem,
1091 3165 1197 3249 quiin
1219 3164 1404 3249 quaestione
1425 3173 1473 3225 est
1494 3158 1701 3224 constitutus.

384 3260 436 3324 De
447 3260 590 3341 partibus
602 3280 731 3344 quoque
742 3258 823 3323 idem
837 3259 973 3322 dicemus
988 3279 997 3321 t
1025 3280 1094 3321 nam
1107 3259 1133 3321 si
1146 3279 1256 3321 ornnes
1269 3268 1376 3339 partes
1388 3255 1524 3321 efficiunt
1535 3254 1586 3327 id,
1611 3252 1702 3315 cirins
1717 3268 1746 3317 tt

386 3364 597 3437 perterrent,
621 3354 851 3437 terminumque
868 3351 901 3413 in
920 3350 1103 3436 quaestione
1119 3351 1318 3433 propositum
1333 3372 1409 3413 strae
1426 3360 1533 3432 partes
1550 3345 1699 3417 efficiunt,
1752 3404 1755 3407 ,

387 3462 451 3511 uon
471 3460 518 3513 est
537 3446 683 3523 dubium,
708 3448 782 3532 quin
801 3457 909 3527 partes
928 3464 1057 3530 quoque
1073 3464 1182 3506 omnes
1201 3444 1427 3506 convenientes
1447 3441 1481 3503 id
1502 3462 1591 3514 esse,
1615 3441 1704 3527 quod

387 3540 489 3622 ipsum
511 3552 558 3603 cst
580 3539 613 3603 in
634 3542 820 3625 quaestione
840 3537 1059 3621 propositum,
1093 3536 1269 3601 rectissime
1294 3536 1535 3619 intelligamur.-
1569 3533 1703 3597 Notatio

388 3654 469 3697 vcro
498 3636 609 3698 eodem
638 3636 732 3698 ruodo
763 3634 840 3696 illud
872 3632 973 3714 ipsum
1002 3642 1066 3707 est,
1102 3634 1190 3714 quod
1220 3630 1252 3693 in
1283 3630 1469 3715 quaestione
1499 3627 1704 3710 proponitur.

389 3729 469 3791 Rern
489 3726 577 3789 enirn
601 3748 693 3790 unam
717 3746 871 3812 quamque
906 3746 997 3789 omne
1020 3726 1210 3790 vocabulum
1233 3724 1376 3808 designat
1398 3746 1434 3786 ac
1455 3726 1596 3787 denotat.
1653 3718 1704 3782 Fit
1715 3738 1748 3786 su

388 3820 507 3904 igitur,
529 3831 567 3882 ut
587 3832 689 3884 totum
710 3832 836 3901 partes,
861 3840 897 3881 ae
923 3830 996 3882 nota
1010 3818 1118 3894 idem,
1144 3821 1231 3902 quod
1252 3831 1300 3882 est
1318 3818 1439 3901 ipsum,
1463 3818 1583 3899 dequo
1605 3833 1704 3898 quae·

387 3914 488 3987 ritur,
512 3934 582 3977 esse
607 3915 784 3977 videantur.
829 3914 866 3976 ln
890 3924 972 3973 tanta
993 3912 1089 3995 igitur
1110 3910 1308 3974 similitudine
1330 3932 1436 3973 rerum
1452 3912 1553 3972 danda
1572 3918 1621 3969 est
1643 3904 1705 3969 dil·

387 4006 536 4077 serentis.
580 4009 695 4091 Neque
714 4008 814 4083 onim,
850 4018 883 4069 ut
906 4004 1022 4067 dictum
1042 4014 1105 4078 est,
1141 4006 1168 4067 si
1192 4006 1281 4067 locus
1305 4008 1416 4067 haeret
1435 4003 1467 4066 in
1488 4024 1528 4065 eo
1550 4002 1642 4083 ipso,
1665 4001 1704 4062 de

387 4123 455 4186 quo
478 4102 659 4184 quaeritur,
696 4113 792 4185 atque
810 4102 849 4164 ab
873 4100 964 4181 ipso,
995 4101 1113 4181 dequo
1135 4098 1320 4183 quaeritur,
1344 4096 1415 4179 capi
1438 4117 1501 4159 non
1522 4102 1630 4175 potest
1652 4112 1705 4154 ar·

389 4205 593 4279 gumenturn,
615 4194 685 4258 lieri
712 4207 836 4277 potest,
861 4204 896 4258 ut
922 4192 1012 4257 loeus
1045 4192 1127 4257 idem
1152 4212 1222 4256 esse
1252 4190 1371 4273 possit,
1410 4190 1496 4275 quod
1519 4188 1621 4269 ipsum
1643 4196 1748 4247 estas

389 4290 453 4353 Sed
474 4288 553 4349 haee
571 4288 747 4351 dill'ereutia
770 4299 838 4351 est:
854 4288 954 4368 ipsum
977 4298 1045 4360 cst,
1069 4288 1157 4370 quod
1175 4286 1305 4348 confuse
1330 4306 1368 4347 ac
1390 4280 1591 4367 singulariter
1613 4277 1705 4341 iutel-

389 4380 499 4465 ligitur
520 4391 554 4443 ut
573 4382 688 4445 homo:
728 4381 758 4443 in
782 4403 820 4446 eo
836 4380 917 4443 inest
937 4392 1037 4443 totum
1059 4402 1168 4453 suum,
1206 4381 1293 4462 quod
1314 4389 1362 4443 est
1384 4374 1541 4439 delinitio.
1599 4371 1705 4455 ipsius

388 4476 487 4557 igitur
519 4487 621 4539 totum
650 4478 689 4539 ab
718 4498 775 4552 ro,
814 4477 902 4559 quod
927 4473 1029 4555 ipsum
1059 4483 1124 4547 est,
1162 4470 1369 4555 intelligentia
1393 4480 1579 4550 separatur,
1618 4470 1706 4549 quod

343 4604 349 4615 ·
387 4570 467 4635 illud
488 4570 612 4655 quidem
630 4568 835 4653 singulariter
854 4568 1058 4651 intelligitur,
1084 4570 1146 4629 boc
1164 4586 1242 4628 vero
1264 4567 1324 4628 sub
1346 4563 1473 4644 generis
1495 4584 1532 4626 ae
1554 4562 1706 4627 differen-

388 4664 502 4728 tiarum
522 4664 757 4729 cnitmeratioue
781 4674 986 4728 monstratur.
1031 4659 1154 4725 Dividit
1172 4660 1253 4723 enim
1274 4658 1415 4721 delinitio
1431 4670 1524 4740 atque
1543 4652 1703 4737 dispertit,
1717 4662 1749 4715 lo

388 4771 551 4839 totumque
581 4758 748 4841 patefacit,
787 4760 873 4839 quod
903 4756 933 4819 in
962 4776 996 4817 re
1020 4754 1087 4835 ipsa
1115 4752 1323 4839 singulariter
1352 4751 1602 4835 intelligebatur.
1653 4749 1705 4813 De

389 4852 531 4935 partibus
553 4861 680 4937 quoqu'e
703 4854 810 4917 eadem
829 4851 913 4914 ratio
929 4860 988 4915 est.
1030 4849 1064 4913 Si
1085 4848 1164 4911 enim
1187 4850 1226 4910 ad
1243 4851 1456 4910 membrorum
1479 4842 1705 4907 multitudinem

463 5095 489 5142 l.
519 5089 675 5137 numeratu
693 5082 772 5137 ·'·'ea.
800 5082 888 5138 Paria.
942 5084 970 5141 5.
1000 5076 1165 5150 haererem]
1192 5076 1270 5132 illus.
1301 5075 1369 5131 Vera.
1395 5104 1433 5117 -
1461 5072 1578 5126 luerem
1610 5074 1706 5129 retsrl.

390 5166 416 5219 7.
435 5160 517 5214 relus
534 5176 592 5215 oar.
612 5159 688 5214 litua.
708 5158 774 5215 vnn.
