4434 5959
512 484 574 549 248
954 486 997 556 C·
1020 486 1177 555 IULIUS
1199 484 1382 553 VICTOR

902 666 1021 734 xvn.
1044 668 1107 733 DE
1130 664 1438 732 EGRESSIONE.

595 806 671 872 Hoc
699 803 855 890 spatiandi
883 828 983 893 genus
1013 830 1077 873 non
1099 810 1196 873 modo
1217 795 1411 881 narrationi,
1440 805 1611 871 sedetiam
1632 804 1840 893 quaestioni·

509 902 570 965 bus
593 901 644 966 vel
667 901 823 965 universis
846 906 896 965 vel
923 900 1047 967 interim
1070 899 1204 987 singulis
1230 912 1413 983 opportune
1434 900 1583 988 subiungi
1604 913 1741 985 potesta
1782 903 1841 965 sed

510 1016 575 1059 non
597 1014 742 1077 semper,
778 1016 886 1057 versem
909 1016 1004 1080 qrrrnm
1026 1016 1078 1059 res
1101 995 1242 1078 postulat
1264 1005 1317 1057 ant
1335 994 1509 1078 permittit3
1541 996 1569 1061 si
1588 996 1778 1061 illustratur
1800 1017 1841 1062 eo

485 1088 633 1164 sonatio,
658 1086 685 1151 si
706 1090 857 1153 cohaeret
879 1101 910 1155 et
931 1089 1094 1174 sequitur,
1119 1110 1183 1152 non
1205 1086 1232 1151 si
1253 1108 1312 1171 per
1334 1089 1397 1152 vitu
1419 1088 1584 1173 irrumpit,
1609 1102 1723 1169 ntea,
1751 1112 1840 1177 qrrae

508 1192 621 1245 natura
651 1181 755 1246 iuncta
787 1194 878 1260 stant,
916 1184 1089 1266 disrumpat
1118 1182 1170 1245 rel
1201 1181 1368 1246 distrahat.
1414 1183 1501 1247 Nihil
1524 1184 1606 1248 enim
1627 1196 1689 1248 ιιιιι
1715 1207 1840 1250 conse·

509 1296 611 1361 quens
634 1297 727 1359 qsram
750 1276 923 1342 narrationi
946 1277 1117 1361 probatio:
1141 1275 1199 1339 nisi
1221 1295 1357 1338 exenrsu
1379 1274 1436 1341 illo
1459 1278 1509 1341 rel
1530 1278 1600 1341 finis
1622 1281 1836 1357 narrationis,

510 1369 560 1432 rel
593 1368 682 1454 quasi
710 1370 829 1433 initium
859 1372 1059 1453 probationis
1088 1369 1269 1433 adiuvetur.
1313 1367 1385 1432 Erit
1412 1391 1495 1455 ergo
1523 1370 1571 1434 illi
1603 1393 1837 1457 nonnunquam

395 1514 401 1527 .
508 1461 620 1538 Iocus,
658 1475 694 1527 ut
722 1462 748 1526 si
778 1464 937 1546 expositio
968 1466 1051 1528 eirea
1079 1464 1174 1526 finem
1207 1474 1303 1525 atrox
1329 1461 1446 1539 fuerit,
1480 1486 1716 1549 prosequamur
1740 1488 1835 1542 earn,

467 1570 499 1621 tt
509 1556 608 1621 veluti
630 1556 822 1639 irrumpente
845 1558 990 1641 protinus
1011 1556 1203 1621 invectione.
1249 1556 1345 1637 Quod
1365 1568 1468 1621 tamen
1489 1558 1533 1621 ita
1555 1556 1625 1621 lieri
1646 1560 1836 1641 oportebit,

508 1649 534 1713 si
556 1670 609 1713 res
630 1649 857 1714 dubitationem
890 1672 951 1715 non
981 1650 1129 1726 habebit;
1166 1645 1239 1735 quia
1268 1648 1432 1713 criminum
1461 1650 1577 1714 invidia
1604 1671 1666 1733 pro
1698 1674 1766 1717 reo
1788 1664 1838 1717 est

506 1742 615 1826 prius,
646 1766 739 1830 quam
769 1747 939 1827 probatur.
984 1745 1080 1809 Licet
1102 1754 1204 1805 antem
1227 1752 1277 1821 ct,
1311 1743 1339 1807 si
1362 1743 1471 1808 merita
1495 1744 1598 1829 aliqua
1620 1744 1651 1808 in
1673 1748 1837 1810 adversa·

507 1836 589 1901 rium
612 1841 819 1922 exposueris,
850 1838 955 1903 invehi
978 1838 1008 1903 in
1031 1840 1212 1923 ingratum,
1244 1846 1277 1899 et
1297 1836 1424 1911 similia3
1455 1840 1511 1903 sed
1534 1838 1638 1903 omnia
1660 1840 1833 1905 brevitere

506 1930 602 1995 iudex
624 1931 705 1996 enim
729 1934 860 1997 crimine
882 1933 990 1997 andito
1011 1930 1140 1997 festinat
1168 1931 1215 2013 ad¹
1234 1930 1472 2013 probationem.
1516 1933 1687 1998 Praeterea
1711 1956 1835 1998 caven·

466 2028 580 2089 tadum
603 2036 674 2103 est,
698 2048 737 2090 ne
760 2028 829 2110 ipsa
851 2027 1011 2109 expositio
1033 2034 1218 2100 evanescat,
1243 2022 1365 2088 aversis
1384 2023 1414 2087 in
1438 2025 1522 2089 aliud
1542 2024 1651 2090 animis
1671 2026 1832 2093 iudicum.

508 2119 572 2181 Sed
594 2118 676 2181 sieut
697 2140 759 2183 non
790 2142 915 2203 semper
937 2132 985 2184 est
1014 2118 1190 2185 necessaria
1213 2130 1287 2201 post
1309 2117 1522 2183 narrationem
1543 2122 1756 2203 progressio,
1790 2122 1833 2188 ite

507 2212 692 2296 Ireqnentcr
719 2214 803 2277 utilis
834 2225 905 2279 ante
933 2214 1150 2300 quaestionem
1178 2212 1400 2296 praeparatio,
1434 2225 1470 2276 ut
1491 2214 1533 2277 sit
1553 2213 1604 2277 hic
1625 2216 1719 2280 locus
1743 2218 1832 2282 velut

508 2307 668 2388 sequentis
702 2308 868 2373 exordium
902 2312 941 2373 ad
970 2308 1200 2377 conciliandum
1229 2306 1475 2390 probationibus
1503 2306 1638 2371 indicem
1668 2312 1725 2373 rel
1749 2310 1832 2375 ruiti·

510 2401 645 2484 gundum
668 2401 720 2463 vel
743 2401 984 2465 concitandum:
1007 2404 1094 2488 qttod
1117 2401 1330 2465 vehementius
1352 2413 1385 2464 et
1407 2400 1536 2466 liberius
1558 2401 1611 2464 bie
1632 2400 1704 2465 fieri
1723 2413 1831 2487 potest

465 2507 602 2576 nuquam
625 2491 658 2556 in
679 2493 891 2577 prohoemio:
928 2495 1000 2579 qtria
1023 2495 1117 2559 indici
1138 2507 1213 2560 nota
1236 2495 1295 2559 iam
1317 2514 1412 2559 eausa
1434 2505 1494 2560 est.
1552 2496 1628 2576 Quo
1651 2495 1728 2561 loco
1750 2496 1831 2563 iudi·

508 2586 553 2650 cis
575 2608 705 2672 qrroqne
735 2592 892 2653 noscenda
922 2600 1032 2653 natura
1056 2601 1123 2663 est,
1160 2588 1222 2652 iuri
1255 2587 1357 2675 magis
1389 2609 1427 2652 an
1458 2610 1561 2674 aequo
1592 2591 1634 2654 sit
1659 2591 1830 2673 appositas

507 2680 708 2765 primumque
731 2682 979 2760 consideremus,
1003 2680 1078 2766 qtrid
1099 2681 1276 2745 laciendum
1298 2682 1352 2745 sit.
1396 2680 1487 2745 Hace
1508 2684 1614 2745 eadem
1633 2704 1685 2747 res
1708 2693 1831 2768 etpost
1929 2755 1930 2762 χ

507 2776 724 2859 mancationem
758 2776 974 2859 perorationis
1005 2776 1073 2839 vice
1104 2774 1268 2859 Iungitur,
1305 2785 1338 2838 et
1359 2775 1536 2857 appellatur
1556 2776 1761 2858 parcebasis,
1798 2777 1829 2840 in

508 2890 570 2952 qua
598 2871 706 2953 plures
736 2881 808 2934 stant
836 2871 1038 2944 occasiones,
1076 2890 1157 2954 quae
1185 2889 1245 2952 per
1271 2879 1373 2931 totam
1395 2888 1519 2935 causam
1543 2869 1651 2934 varios
1673 2890 1829 2935 excursus
1929 2891 1930 2898 ¹

466 2986 498 3036 ιι
509 2963 668 3045 aperiant,
693 2964 816 3028 utlaius
841 2964 999 3029 hominnm
1019 2964 1246 3047 locorumque,
1271 2972 1306 3025 ut
1328 2962 1501 3047 descriptio
1515 2963 1702 3049 regionum,
1725 2986 1829 3049 expe·
1929 2997 1930 3024 ι

507 3056 582 3121 sitio
615 3060 821 3143 quarumdam
851 3079 958 3121 rerum
982 3056 1057 3120 licet
1078 3056 1169 3121 etiam
1190 3055 1421 3120 fabulosarum.
1479 3056 1554 3138 Quo
1576 3079 1617 3122 ex
1640 3080 1759 3144 genere
1783 3068 1828 3123 est

508 3161 620 3214 contra
643 3153 781 3215 Verrem
805 3152 873 3215 lens
897 3149 1042 3225 Siciliae,
1067 3150 1285 3233 Proserpinae
1305 3162 1436 3232 raptus:
1460 3162 1492 3215 et
1514 3172 1576 3234 pro
1594 3152 1678 3217 Gaio
1700 3152 1828 3219 Corne·
1929 3195 1930 3214 ι

508 3242 555 3309 lio
576 3244 739 3327 popularis
769 3244 823 3309 illa
848 3244 998 3310 virtutum
1017 3245 1119 3309 Gnaei
1141 3242 1289 3327 Pompeii
1305 3244 1577 3309 commemoratio.
1622 3246 1712 3311 Sales
1735 3247 1827 3312 etiem
1929 3251 1930 3328 l

508 3336 541 3401 in
563 3336 703 3401 dicendn'
719 3338 845 3403 nimiunn
867 3350 1019 3423 qttantunr
1042 3338 1168 3414 valent,
1193 3338 1245 3401 vel
1268 3340 1355 3423 qnod
1378 3337 1446 3420 ipsa
1469 3338 1611 3403 hilaritas
1632 3341 1829 3406 beneuolen-

467 3444 500 3497 tt
509 3430 583 3494 tiam
606 3432 774 3507 conciliat,
811 3454 871 3515 per
892 3452 984 3518 qrsem
1008 3431 1143 3496 excitate
1168 3442 1234 3507 est,
1267 3432 1320 3495 vel
1343 3434 1428 3517 quod
1449 3432 1570 3518 frangit
1591 3433 1826 3510 adversarium,

510 3523 700 3609 odiosasque
723 3547 773 3589 res
795 3548 906 3608 saepe,
944 3548 1022 3610 quas
1044 3525 1237 3611 argumentis
1260 3525 1379 3589 diluere
1402 3525 1525 3590 difficile
1546 3538 1612 3603 est,
1649 3526 1726 3591 ioco
1747 3526 1828 3591 risn-
1929 3585 1930 3612 ¹

509 3639 572 3703 qne
594 3617 754 3685 dissolvit.
797 3619 1018 3685 Ridiculorum
1036 3631 1143 3683 autem
1166 3642 1263 3704 qrrsrm
1286 3622 1349 3684 drro
1372 3641 1489 3705 genera
1512 3620 1594 3697 sint,
1626 3642 1723 3684 unum
1743 3621 1828 3685 iace·

509 3711 640 3787 tiaram,
658 3712 806 3776 ¹alterum
829 3712 1016 3788 dicacitatis,
1040 3723 1149 3777 utetur
1169 3724 1307 3800 utroque
1329 3726 1463 3778 orator:
1487 3716 1542 3777 sed
1564 3714 1685 3791 altero,
1708 3714 1824 3790 idest,

508 3806 714 3883 facetiarum,
745 3810 832 3890 qnod
852 3806 934 3883 idern
960 3806 1052 3871 etiam
1074 3806 1239 3870 cavillatio
1261 3806 1399 3883 dicitur,
1425 3828 1520 3893 qttnm
1543 3819 1692 3870 narratur
1711 3806 1828 3892 aliquid

468 3910 643 3967 serenante
665 3899 823 3963 adnisum
846 3903 1131 3976 commovendum,
1155 3911 1191 3964 ut
1211 3901 1345 3964 Marcus
1368 3900 1494 3965 'l'ullius
1515 3902 1554 3963 dc
1575 3898 1739 3982 Caepasiis
1763 3900 1828 3963 Ira·
1929 3967 1930 3996 ,

510 3995 627 4061 tribus.
673 3996 749 4062 Hoc
774 4016 865 4079 quiam
888 3993 929 4059 sit
950 3994 1107 4070 facetum,
1132 4014 1226 4079 qtram
1249 3995 1397 4079 elegans,
1427 4016 1521 4080 qnam
1537 3992 1732 4067 oratorium,
1756 4012 1829 4075 per·
1929 4077 1930 4082 ἵ

510 4088 656 4171 spicitnr.
712 4088 787 4151 Sive
816 4090 930 4152 habeas
959 4089 1048 4171 qrrod
1070 4108 1200 4164 narres,
1237 4099 1273 4151 ut
1293 4088 1325 4151 id
1346 4100 1449 4151 tamen
1472 4086 1514 4151 sit
1535 4086 1686 4151 mendacii
1708 4085 1829 4150 stillici-

510 4182 568 4247 diis
591 4186 842 4267 aspergendum,
872 4181 941 4245 sive
962 4191 1064 4244 totum
1086 4180 1209 4266 lingas,
1244 4182 1378 4244 maxima
1400 4191 1450 4244 est
1471 4179 1591 4256 virtus,
1623 4190 1658 4242 ot
1677 4179 1723 4243 ita
1743 4179 1828 4243 facta
1929 4183 1930 4190 ’

510 4277 707 4341 demonstres
729 4275 813 4351 eins,
839 4278 877 4340 de
900 4296 965 4360 qtro
989 4294 1117 4349 narres,
1142 4286 1176 4339 ut
1203 4294 1332 4353 sermo,
1365 4285 1400 4338 ut
1423 4274 1545 4349 vultus,
1577 4283 1611 4336 ut
1633 4271 1738 4337 omnia
1757 4284 1828 4355 apta

468 4378 541 4440 anet
563 4370 763 4452 conpetentis
789 4370 973 4445 videantur,
1009 4379 1043 4431 ut
1064 4366 1120 4453 qni
1141 4366 1270 4432 andiunt
1291 4366 1379 4432 cerni
1399 4368 1453 4432 illa
1474 4365 1605 4451 fierique
1627 4366 1824 4431 existiment:

509 4482 568 4526 uec
588 4472 691 4526 tamen
717 4462 834 4526 mimici
864 4462 908 4527 uti
937 4460 1068 4527 imitatio
1099 4460 1158 4537 sit,
1193 4462 1265 4547 qtria
1294 4461 1499 4527 imitationem
1531 4472 1645 4525 orator
1677 4459 1826 4541 surripiat

509 4564 658 4641 oportet,
696 4566 731 4619 ut
757 4554 802 4633 is,
833 4554 886 4641 qui
908 4555 1030 4631 audiet,
1054 4555 1178 4640 cogitet
1197 4556 1271 4639 plus
1293 4577 1386 4641 quam
1407 4554 1526 4621 videat.
1579 4554 1727 4619 Praestet
1747 4552 1825 4617 idem

595 4764 621 4817 ⁸0
641 4768 677 4815 Αιι
687 4769 711 4815 lo
721 4764 782 4815 cot.
793 4766 865 4815 r'ttte?
901 4764 943 4817 30.
962 4766 1043 4829 quern]
1058 4768 1092 4813 lte
1101 4769 1194 4814 ridetur
1203 4766 1291 4816 babere
1303 4766 1364 4817 cna.
1402 4764 1444 4815 ³5.
1464 4767 1608 4825 Complura
1623 4766 1669 4813 lace
1684 4770 1722 4813 est
1731 4766 1754 4811 io
1766 4764 1824 4811 Col.

644 4836 794 4887 vocabulum.
831 4838 891 4885 vie·
913 4843 992 4885 autern
1011 4836 1063 4885 Gir.
1083 4852 1126 4897 pro
1143 4838 1238 4887 cluent.
1256 4837 1330 4889 XXI.

604 4984 630 5035 l.
651 4976 773 5047 Quintll.
796 4976 843 5033 IV.
863 4980 892 5037 5.

581 5056 628 5114 28.
650 5052 772 5127 Quintil.
794 5052 841 5111 vt.
862 5054 890 5113 5.
